{"gold_per_floor":[111,127,77,88,88,117,129,129,201,217,217,217,217,231,231,336,336,356,356,373,2,16,16,49,69,69,69,80,80,105,134,146,256,268,294,206,222,235,255,255,284,284,284,284,296,296,296,38,54,65,65,65],"floor_reached":52,"playtime":3499,"items_purged":["Reflex","Grand Finale","Masterful Stab"],"score":578,"play_id":"8ac7fed7-8580-40e2-a34a-e70b00c04586","local_time":"20190731210902","is_ascension_mode":false,"campfire_choices":[{"floor":12.0,"key":"REST"},{"data":"Flechettes","floor":15.0,"key":"SMITH"},{"data":"Envenom","floor":23.0,"key":"SMITH"},{"data":"Defend_G","floor":27.0,"key":"PURGE"},{"data":"Defend_G","floor":29.0,"key":"PURGE"},{"floor":32.0,"key":"REST"},{"data":"Phantasmal Killer","floor":40.0,"key":"PURGE"},{"data":"Dagger Throw","floor":44,"key":"PURGE"},{"floor":51,"key":"REST"}],"neow_cost":"NONE","seed_source_timestamp":0,"circlet_count":1,"master_deck":["Survivor","Neutralize","Blade Dance","Flechettes+1","Blade Dance","ReplayTheSpireMod:Shiv Toss","Calculated Gamble","Envenom+1","Backflip","Catalyst+1","Escape Plan","Hidden Blade","Deadly Poison+1","Envenom+1","ReplayTheSpireMod:From All Sides","Backstab","Deadly Poison","Endless Agony","Replay:Bag of Tricks","Deadly Poison+1","Deadly Poison","Hidden Blade+1","Noxious Fumes+1","Escape Plan","Hidden Blade"],"special_seed":0,"relics":["White Beast Statue","Bronze Scales","Bottled Flame","Snake Skull","Circlet","Runic Dome","Replay:Baseball","Potion Belt","Snack Pack","Peace Pipe","MawBank","Pandora\u0027s Box","Happy Flower"],"potions_floor_usage":[45,50,52,52,52],"damage_taken":[{"damage":0.0,"enemies":"2 Louse","floor":1.0,"turns":5.0},{"damage":2.0,"enemies":"Small Slimes","floor":2.0,"turns":4.0},{"damage":0.0,"enemies":"Cultist","floor":4.0,"turns":4.0},{"damage":64.0,"enemies":"Lagavulin","floor":6.0,"turns":11.0},{"damage":2.0,"enemies":"Blue Slaver","floor":7.0,"turns":3.0},{"damage":0.0,"enemies":"3 Louse","floor":10.0,"turns":1.0},{"damage":5.0,"enemies":"Looter","floor":14.0,"turns":3.0},{"damage":33.0,"enemies":"The Guardian","floor":16.0,"turns":12.0},{"damage":14.0,"enemies":"Spheric Guardian","floor":18.0,"turns":4.0},{"damage":10.0,"enemies":"2 Thieves","floor":20.0,"turns":4.0},{"damage":3.0,"enemies":"Snecko","floor":22.0,"turns":4.0},{"damage":28.0,"enemies":"Gremlin Leader","floor":24.0,"turns":7.0},{"damage":9.0,"enemies":"Centurion and Healer","floor":25.0,"turns":4.0},{"damage":20.0,"enemies":"Snake Plant","floor":28.0,"turns":4.0},{"damage":25.0,"enemies":"Book of Stabbing","floor":30.0,"turns":4.0},{"damage":17.0,"enemies":"3 Cultists","floor":31.0,"turns":5.0},{"damage":11.0,"enemies":"Automaton","floor":33.0,"turns":6.0},{"damage":12.0,"enemies":"Orb Walker","floor":35.0,"turns":2.0},{"damage":6.0,"enemies":"3 Shapes","floor":37.0,"turns":4.0},{"damage":6.0,"enemies":"Maw","floor":38.0,"turns":5.0},{"damage":25.0,"enemies":"Sphere and 2 Shapes","floor":39.0,"turns":6.0},{"damage":6.0,"enemies":"R_Hoarder","floor":41.0,"turns":3.0},{"damage":20,"enemies":"3 Darklings","floor":45,"turns":4},{"damage":15,"enemies":"Maw","floor":49,"turns":4},{"damage":26,"enemies":"4 Shapes","floor":50,"turns":4},{"damage":40,"enemies":"Awakened One","floor":52,"turns":2}],"seed_played":"733133126555759616","potions_obtained":[{"floor":1.0,"key":"Energy Potion"},{"floor":2.0,"key":"Fire Potion"},{"floor":4.0,"key":"Poison Potion"},{"floor":6.0,"key":"Explosive Potion"},{"floor":7.0,"key":"Languid Potion"},{"floor":10.0,"key":"SpeedPotion"},{"floor":14.0,"key":"Strength Potion"},{"floor":16.0,"key":"PowerPotion"},{"floor":18.0,"key":"Strength Potion"},{"floor":20.0,"key":"Elixir"},{"floor":22.0,"key":"Elixir"},{"floor":24.0,"key":"Fire Potion"},{"floor":25.0,"key":"Milkshake"},{"floor":28.0,"key":"FearPotion"},{"floor":30.0,"key":"Dexterity Potion"},{"floor":31.0,"key":"Explosive Potion"},{"floor":33.0,"key":"PowerPotion"},{"floor":35.0,"key":"Swift Potion"},{"floor":37.0,"key":"Weak Potion"},{"floor":38.0,"key":"Weak Potion"},{"floor":39.0,"key":"Swift Potion"},{"floor":41.0,"key":"Strength Potion"},{"floor":45,"key":"Explosive Potion"},{"floor":50,"key":"Adrenaline Potion"}],"is_trial":false,"path_per_floor":["M","M","?","M","?","E","M","?","T","M","T","R","?","M","R","B",null,"M","?","M","$","M","R","E","M","T","R","M","R","E","M","R","B",null,"M","$","M","M","M","R","E","?","T","R","M","PTL","PTL","$","M","M","R","B"],"character_chosen":"THE_SILENT","items_purchased":["Replay:Baseball","Potion Belt","Noxious Fumes+1","Escape Plan"],"campfire_rested":3,"item_purchase_floors":[21,21,48,48],"current_hp_per_floor":[70,68,68,68,68,4,2,2,2,2,2,23,28,32,32,14,75,61,61,51,51,48,48,35,32,32,32,34,34,27,20,42,54,75,63,63,61,59,42,42,54,54,54,54,40,40,40,40,35,15,37,0],"gold":65,"neow_bonus":"BOSS_RELIC","is_prod":false,"is_daily":false,"chose_seed":false,"campfire_upgraded":2,"win_rate":0,"timestamp":1564632542,"path_taken":["M","M","?","M","?","E","?","?","T","M","?","R","?","M","R","BOSS","M","?","M","$","M","R","E","M","T","R","M","R","E","M","R","BOSS","M","$","M","M","M","R","E","?","T","R","M","PTL","PTL","$","M","?","R","BOSS"],"build_version":"2019-07-17","purchased_purges":3,"victory":false,"max_hp_per_floor":[70,70,70,70,70,70,70,70,70,70,70,70,75,75,75,75,75,75,75,75,75,75,75,75,75,75,75,75,75,75,75,75,75,75,75,75,75,75,75,75,75,75,75,75,75,75,75,75,75,75,75,75],"card_choices":[{"not_picked":["Caltrops","Fluid Movement"],"picked":"Blade Dance","floor":1.0},{"not_picked":["Dagger Throw","Sucker Punch"],"picked":"Flechettes","floor":2.0},{"not_picked":["Poisoned Stab","Dagger Spray"],"picked":"Blade Dance","floor":4.0},{"not_picked":["Outmaneuver","ReplayTheSpireMod:Speed Training"],"picked":"ReplayTheSpireMod:Shiv Toss","floor":6.0},{"not_picked":["Dagger Spray","Bouncing Flask"],"picked":"Calculated Gamble","floor":7.0},{"not_picked":["ReplayTheSpireMod:Tripwire","Blur"],"picked":"Masterful Stab","floor":10.0},{"not_picked":["Phantasmal Killer","Quick Slash","Prepared"],"picked":"SKIP","floor":14.0},{"not_picked":["Doppelganger","Venomology"],"picked":"Envenom","floor":16.0},{"not_picked":["Prepared","Underhanded Strike+1","ReplayTheSpireMod:Tripwire"],"picked":"SKIP","floor":18.0},{"not_picked":["Crippling Poison","Sucker Punch"],"picked":"Backflip","floor":20.0},{"not_picked":["Dagger Throw","Underhanded Strike"],"picked":"Catalyst+1","floor":22.0},{"not_picked":["Crippling Poison+1","Poisoned Stab"],"picked":"Escape Plan","floor":24.0},{"not_picked":["Dagger Spray","Dodge and Roll+1","Bane"],"picked":"SKIP","floor":25.0},{"not_picked":["Noxious Fumes","Leg Sweep"],"picked":"Hidden Blade","floor":28.0},{"not_picked":["Sneak Up","Quick Slash"],"picked":"Deadly Poison+1","floor":30.0},{"not_picked":["Dagger Spray","All Out Attack","Tactician"],"picked":"SKIP","floor":31.0},{"not_picked":["Burst","ReplayTheSpireMod:From All Sides"],"picked":"Envenom","floor":33.0},{"not_picked":["Bane+1","Prepared+1","Heel Hook"],"picked":"SKIP","floor":35.0},{"not_picked":["ReplayTheSpireMod:The Works+1","Dagger Spray"],"picked":"Endless Agony","floor":37.0},{"not_picked":["Outmaneuver+1","Distraction"],"picked":"Replay:Bag of Tricks","floor":38.0},{"not_picked":["Dagger Throw","Blur"],"picked":"Deadly Poison+1","floor":39.0},{"not_picked":["Dash","Replay:Bag of Tricks"],"picked":"Deadly Poison","floor":41.0},{"not_picked":["Backflip","Caltrops+1"],"picked":"Hidden Blade+1","floor":45},{"not_picked":["Acrobatics","Fluid Movement+1","Underhanded Strike+1"],"picked":"SKIP","floor":49},{"not_picked":["Blur","Outmaneuver"],"picked":"Hidden Blade","floor":50}],"player_experience":1486554,"relics_obtained":[{"floor":6.0,"key":"Dead Branch"},{"floor":9.0,"key":"Bottled Flame"},{"floor":11.0,"key":"Snake Skull"},{"floor":24.0,"key":"Snack Pack"},{"floor":26.0,"key":"Peace Pipe"},{"floor":30.0,"key":"MawBank"},{"floor":41.0,"key":"Happy Flower"}],"event_choices":[{"cards_removed":["Strike_G"],"damage_healed":0.0,"max_hp_gain":0.0,"max_hp_loss":0.0,"gold_gain":0.0,"event_name":"The Cleric","player_choice":"Card Removal","floor":3.0,"gold_loss":50.0,"damage_taken":0.0},{"damage_healed":0.0,"max_hp_gain":0.0,"max_hp_loss":0.0,"gold_gain":0.0,"cards_transformed":["Strike_G"],"event_name":"Transmorgrifier","player_choice":"Transformed","floor":5.0,"gold_loss":0.0,"damage_taken":0.0,"cards_obtained":["Reflex"]},{"damage_healed":0.0,"max_hp_gain":0.0,"max_hp_loss":0.0,"gold_gain":0.0,"event_name":"Dead Adventurer","player_choice":"Searched \u00271\u0027 times","floor":8.0,"gold_loss":0.0,"damage_taken":0.0,"relics_obtained":["Bronze Scales"]},{"damage_healed":0.0,"max_hp_gain":5.0,"max_hp_loss":0.0,"gold_gain":0.0,"event_name":"Big Fish","player_choice":"Donut","floor":13.0,"gold_loss":0.0,"damage_taken":0.0},{"damage_healed":0.0,"max_hp_gain":0.0,"max_hp_loss":0.0,"gold_gain":0.0,"event_name":"Ghosts","player_choice":"Ignored","floor":19.0,"gold_loss":0.0,"damage_taken":0.0},{"damage_healed":0.0,"max_hp_gain":0.0,"max_hp_loss":0.0,"gold_gain":0.0,"event_name":"Upgrade Shrine","player_choice":"Upgraded","floor":42.0,"gold_loss":0.0,"damage_taken":0.0,"cards_upgraded":["Envenom"]}],"is_beta":false,"boss_relics":[{"not_picked":["Orrery","Coffee Dripper"],"picked":"Runic Dome"},{"not_picked":["Runic Pyramid","Snecko Eye"],"picked":"Pandora\u0027s Box"}],"items_purged_floors":[21,36,48],"is_endless":false,"potions_floor_spawned":[1,2,4,6,7,10,14,16,18,20,22,24,25,28,30,31,33,35,37,38,39,41,45,49,50],"killed_by":"Awakened One","ascension_level":0}