{"gold_per_floor":[115,132,143,143,160,160,171,205,285,235,245,245,245,265,265,369,369,379,392,412,423,150,150,182,182,209,124,134,152,152,171,171,268,268,284,295,312,312,32,58,58,89,89,89,104,104,104,116,116,116],"floor_reached":51,"playtime":3080,"items_purged":["Strike_G","Defend_G"],"score":1147,"play_id":"1dc43704-2956-42eb-8b87-150b37a4c2a7","local_time":"20190405150737","is_ascension_mode":true,"campfire_choices":[{"data":"Dagger Spray","floor":6.0,"key":"SMITH"},{"data":"Neutralize","floor":13.0,"key":"SMITH"},{"data":"Dodge and Roll","floor":15.0,"key":"SMITH"},{"floor":23,"key":"REST"},{"data":"Backflip","floor":25,"key":"SMITH"},{"floor":30,"key":"REST"},{"data":"Blade Dance","floor":32,"key":"SMITH"},{"floor":41,"key":"REST"},{"data":"Backflip","floor":46,"key":"SMITH"},{"data":"Survivor","floor":49,"key":"SMITH"}],"neow_cost":"CURSE","seed_source_timestamp":901277181306383,"circlet_count":0,"master_deck":["AscendersBane","Defend_G","Defend_G","Defend_G","Strike_G","Strike_G","Strike_G","Survivor+1","Neutralize+1","Parasite","Backstab","Dagger Spray+1","Footwork+1","Dodge and Roll+1","Glass Knife","Infinite Blades+1","Backflip+1","Dodge and Roll+1","Endless Agony","Backflip+1","Riddle With Holes","Blade Dance+1","Slice","Die Die Die","Expertise+1","Dodge and Roll","Dodge and Roll+1","Well Laid Plans","PiercingWail+1","Dagger Spray+1","Parasite","Backflip+1","Dodge and Roll"],"special_seed":0,"relics":["Ring of the Serpent","Dodecahedron","Shuriken","PreservedInsect","Nunchaku","Orichalcum","Ancient Tea Set","Cursed Key","Bag of Marbles","Snake Skull","Blue Candle","Bottled Flame"],"potions_floor_usage":[21,28,33,37,42,50,50],"damage_taken":[{"damage":0.0,"enemies":"2 Louse","floor":1.0,"turns":3.0},{"damage":0.0,"enemies":"Cultist","floor":2.0,"turns":4.0},{"damage":4.0,"enemies":"Jaw Worm","floor":3.0,"turns":3.0},{"damage":2.0,"enemies":"2 Fungi Beasts","floor":5.0,"turns":4.0},{"damage":0.0,"enemies":"Gremlin Gang","floor":7.0,"turns":3.0},{"damage":10.0,"enemies":"3 Sentries","floor":8.0,"turns":9.0},{"damage":0.0,"enemies":"Exordium Wildlife","floor":11.0,"turns":5.0},{"damage":0.0,"enemies":"2 Fungi Beasts","floor":14.0,"turns":2.0},{"damage":39.0,"enemies":"Slime Boss","floor":16.0,"turns":16.0},{"damage":1,"enemies":"3 Byrds","floor":18,"turns":5},{"damage":16,"enemies":"2 Thieves","floor":19,"turns":4},{"damage":11,"enemies":"Chosen and Byrds","floor":20,"turns":7},{"damage":8,"enemies":"3 Cultists","floor":21,"turns":6},{"damage":6,"enemies":"Book of Stabbing","floor":24,"turns":6},{"damage":2,"enemies":"Centurion and Healer","floor":28,"turns":6},{"damage":9,"enemies":"Chosen and Byrds","floor":29,"turns":7},{"damage":2,"enemies":"Shelled Parasite and Fungi","floor":31,"turns":4},{"damage":12,"enemies":"Champ","floor":33,"turns":9},{"damage":18,"enemies":"3 Shapes","floor":35,"turns":4},{"damage":24,"enemies":"3 Darklings","floor":36,"turns":4},{"damage":23,"enemies":"Jaw Worm Horde","floor":37,"turns":4},{"damage":0,"enemies":"Nemesis","floor":40,"turns":5},{"damage":13,"enemies":"Reptomancer","floor":42,"turns":6},{"damage":4,"enemies":"4 Shapes","floor":45,"turns":4},{"damage":4,"enemies":"3 Darklings","floor":48,"turns":2},{"damage":26,"enemies":"Awakened One","floor":50,"turns":11}],"seed_played":"2008523885597295938","potions_obtained":[{"floor":3.0,"key":"Energy Potion"},{"floor":7.0,"key":"Energy Potion"},{"floor":8.0,"key":"SteroidPotion"},{"floor":14.0,"key":"Dexterity Potion"},{"floor":16.0,"key":"Block Potion"},{"floor":19,"key":"SkillPotion"},{"floor":24,"key":"AttackPotion"},{"floor":29,"key":"Swift Potion"},{"floor":31,"key":"PowerPotion"},{"floor":33,"key":"FearPotion"},{"floor":37,"key":"Dexterity Potion"},{"floor":45,"key":"SpeedPotion"},{"floor":47,"key":"Strength Potion"}],"is_trial":false,"path_per_floor":["M","M","M","?","M","R","M","E","T","?","M","?","R","M","R","B",null,"M","M","M","M","$","R","E","R","T","?","M","M","R","M","R","B",null,"M","M","M","?","$","E","R","E","T","?","M","R","?","M","R","B",null],"character_chosen":"THE_SILENT","items_purchased":["PreservedInsect","Backflip","Bag of Marbles","Well Laid Plans"],"campfire_rested":3,"item_purchase_floors":[22,22,39,39],"current_hp_per_floor":[77,77,73,73,71,71,71,61,61,61,61,61,61,61,61,22,69,68,52,41,33,33,58,52,52,52,52,50,41,66,64,64,52,76,58,34,11,11,11,11,36,23,23,73,69,69,69,65,65,39],"gold":116,"neow_bonus":"TWENTY_PERCENT_HP_BONUS","is_prod":false,"is_daily":false,"chose_seed":false,"campfire_upgraded":7,"win_rate":0,"timestamp":1554502057,"path_taken":["M","M","M","?","?","R","M","E","T","?","M","?","R","M","R","BOSS","M","M","?","M","$","R","E","R","T","?","M","M","R","M","R","BOSS","M","M","M","?","$","E","R","E","T","?","M","R","?","M","R","BOSS"],"build_version":"2019-01-23","purchased_purges":2,"victory":true,"max_hp_per_floor":[84,84,84,84,84,84,84,84,84,84,84,84,84,84,84,84,84,84,84,84,84,84,84,84,84,84,84,84,84,84,84,84,84,84,84,84,84,84,84,84,84,84,84,73,73,73,73,73,73,73],"card_choices":[{"not_picked":["Dagger Throw","Dodge and Roll"],"picked":"Backstab","floor":1.0},{"not_picked":["Deflect","Riddle With Holes"],"picked":"Dagger Spray","floor":2.0},{"not_picked":["PiercingWail","Caltrops"],"picked":"Footwork","floor":3.0},{"not_picked":["Prepared","Caltrops","Flying Knee"],"picked":"SKIP","floor":5.0},{"not_picked":["Flying Knee","Underhanded Strike"],"picked":"Dodge and Roll","floor":7.0},{"not_picked":["Flying Knee","Choke","Wraith Form v2"],"picked":"SKIP","floor":8.0},{"not_picked":["Reflex","Concentrate","Leg Sweep"],"picked":"SKIP","floor":11.0},{"not_picked":["Heel Hook","Flying Knee","Slice"],"picked":"SKIP","floor":14.0},{"not_picked":["Wraith Form v2","Unload"],"picked":"Glass Knife","floor":16.0},{"not_picked":["Slice","Well Laid Plans+1"],"picked":"Infinite Blades+1","floor":18},{"not_picked":["Leg Sweep","Escape Plan"],"picked":"Backflip","floor":19},{"not_picked":["Flying Knee+1","Slice"],"picked":"Dodge and Roll+1","floor":20},{"not_picked":["Skewer","Dagger Spray"],"picked":"Endless Agony","floor":21},{"not_picked":["Deadly Poison","Quick Slash+1","Wraith Form v2"],"picked":"SKIP","floor":24},{"not_picked":["Deflect","Underhanded Strike"],"picked":"Riddle With Holes","floor":28},{"not_picked":["Quick Slash","Bane"],"picked":"Blade Dance","floor":29},{"not_picked":["Flying Knee","Prepared"],"picked":"Slice","floor":31},{"not_picked":["Envenom","Glass Knife"],"picked":"Die Die Die","floor":33},{"not_picked":["Underhanded Strike","Backstab"],"picked":"Expertise+1","floor":35},{"not_picked":["Setup+1","Underhanded Strike"],"picked":"Dodge and Roll","floor":36},{"not_picked":["Predator","Distraction"],"picked":"Dodge and Roll+1","floor":37},{"not_picked":["Dodge and Roll","Unload"],"picked":"PiercingWail+1","floor":40},{"not_picked":["Well Laid Plans+1","Prepared"],"picked":"Dagger Spray+1","floor":42},{"not_picked":["Outmaneuver","Dodge and Roll"],"picked":"Backflip+1","floor":45},{"not_picked":["Predator","Acrobatics+1"],"picked":"Dodge and Roll","floor":48}],"player_experience":1259012,"relics_obtained":[{"floor":8.0,"key":"Dodecahedron"},{"floor":9.0,"key":"Shuriken"},{"floor":24,"key":"Nunchaku"},{"floor":26,"key":"Orichalcum"},{"floor":40,"key":"Snake Skull"},{"floor":42,"key":"Blue Candle"},{"floor":43,"key":"Bottled Flame"}],"event_choices":[{"damage_healed":0.0,"max_hp_gain":0.0,"max_hp_loss":0.0,"gold_gain":0.0,"event_name":"Upgrade Shrine","player_choice":"Upgraded","floor":4.0,"gold_loss":0.0,"damage_taken":0.0,"cards_upgraded":["Footwork"]},{"cards_removed":["Strike_G"],"damage_healed":0.0,"max_hp_gain":0.0,"max_hp_loss":0.0,"gold_gain":0.0,"event_name":"The Cleric","player_choice":"Card Removal","floor":10.0,"gold_loss":50.0,"damage_taken":0.0},{"damage_healed":0.0,"max_hp_gain":0.0,"max_hp_loss":0.0,"gold_gain":0.0,"event_name":"The Woman in Blue","player_choice":"Bought 0 Potions","floor":12.0,"gold_loss":0.0,"damage_taken":0.0},{"damage_healed":0,"gold_gain":0,"player_choice":"Obtained Relic","damage_taken":0,"relics_obtained":["Ancient Tea Set"],"max_hp_gain":0,"max_hp_loss":0,"event_name":"Addict","floor":27,"gold_loss":85},{"cards_removed":["Defend_G"],"damage_healed":0,"gold_gain":0,"player_choice":"Removed Skill","damage_taken":0,"max_hp_gain":0,"max_hp_loss":0,"event_name":"Falling","floor":38,"gold_loss":0},{"damage_healed":73,"gold_gain":0,"player_choice":"Heal","damage_taken":0,"max_hp_gain":0,"max_hp_loss":11,"event_name":"The Moai Head","floor":44,"gold_loss":0},{"damage_healed":0,"gold_gain":0,"player_choice":"Got Potions","damage_taken":0,"max_hp_gain":0,"max_hp_loss":0,"event_name":"Lab","floor":47,"gold_loss":0}],"is_beta":false,"boss_relics":[{"not_picked":["Busted Crown","Pandora\u0027s Box"],"picked":"Ring of the Serpent"},{"not_picked":["Black Star","Eternal Feather"],"picked":"Cursed Key"}],"items_purged_floors":[22,39],"is_endless":false,"potions_floor_spawned":[3,7,8,14,16,19,24,29,31,33,35,37,45,48],"ascension_level":11}