{"gold_per_floor":[117,17,27,43,43,43,43,43,69,69,93,93,113,127,127,253,253,273,312,326,34,55,55,69,69],"floor_reached":25,"playtime":1034,"items_purged":["Strike_R","Defend_R"],"score":331,"play_id":"2c97ec5f-8626-4ab2-a1cd-ad46381754f9","local_time":"20180828204358","is_ascension_mode":true,"campfire_choices":[{"data":"1","floor":6,"key":"LIFT"},{"data":"2","floor":8,"key":"LIFT"},{"data":"3","floor":10,"key":"LIFT"},{"data":"Heavy Blade","floor":15,"key":"SMITH"},{"data":"Armaments","floor":23,"key":"SMITH"}],"neow_cost":"TEN_PERCENT_HP_LOSS","seed_source_timestamp":189217570766147,"circlet_count":0,"master_deck":["Strike_R","Strike_R","Strike_R","Strike_R","Defend_R","Defend_R","Defend_R","Bash","Twin Strike","Cleave","Sword Boomerang","Shrug It Off","Twin Strike","Heavy Blade+1","Demon Form","Heavy Blade","Spot Weakness","Heavy Blade","Cleave","Pummel","Twin Strike+1","Armaments+1","Feed"],"relics":["Burning Blood","Girya","Golden Idol","Boot","Orrery","Red Mask","Medical Kit"],"potions_floor_usage":[16,18,20,20,24,25],"damage_taken":[{"damage":4,"enemies":"2 Louse","floor":1,"turns":3},{"damage":10,"enemies":"Small Slimes","floor":3,"turns":3},{"damage":2,"enemies":"Jaw Worm","floor":4,"turns":3},{"damage":6,"enemies":"Lots of Slimes","floor":11,"turns":2},{"damage":6,"enemies":"Large Slime","floor":13,"turns":4},{"damage":0,"enemies":"3 Louse","floor":14,"turns":2},{"damage":0,"enemies":"Slime Boss","floor":16,"turns":4},{"damage":0,"enemies":"Chosen","floor":18,"turns":3},{"damage":0,"enemies":"Masked Bandits","floor":19,"turns":2},{"damage":13,"enemies":"2 Thieves","floor":20,"turns":3},{"damage":17,"enemies":"3 Cultists","floor":22,"turns":4},{"damage":36,"enemies":"Shelled Parasite and Fungi","floor":24,"turns":4},{"damage":42,"enemies":"Book of Stabbing","floor":25,"turns":3}],"seed_played":"8094203267511436341","potions_obtained":[{"floor":4,"key":"Dexterity Potion"},{"floor":11,"key":"SpeedPotion"},{"floor":13,"key":"PowerPotion"},{"floor":16,"key":"Energy Potion"},{"floor":18,"key":"SkillPotion"},{"floor":24,"key":"Regen Potion"}],"is_trial":false,"path_per_floor":["M","$","M","M","?","R","?","R","T","R","M","$","M","M","R","B",null,"M","?","M","$","M","R","M"],"character_chosen":"IRONCLAD","items_purchased":["Cleave","Medical Kit"],"campfire_rested":0,"item_purchase_floors":[2,21],"current_hp_per_floor":[72,72,68,72,72,72,72,72,72,72,72,72,72,72,72,72,72,72,72,65,65,54,54,24,0],"gold":69,"neow_bonus":"ONE_RARE_RELIC","is_prod":false,"is_daily":false,"chose_seed":false,"campfire_upgraded":2,"win_rate":0,"timestamp":1535514238,"path_taken":["M","$","M","M","?","R","?","R","T","R","M","$","M","M","R","BOSS","M","?","M","$","?","R","M","E"],"build_version":"2018-08-23v2","purchased_purges":2,"victory":false,"max_hp_per_floor":[72,72,72,72,72,72,72,72,72,72,72,72,72,72,72,72,72,72,72,72,72,72,72,72,72],"card_choices":[{"not_picked":["Perfected Strike","Ghostly Armor"],"picked":"Twin Strike","floor":1},{"not_picked":["Shrug It Off","Headbutt"],"picked":"Sword Boomerang","floor":3},{"not_picked":["Evolve","Havoc","Clash"],"picked":"SKIP","floor":4},{"not_picked":["Rage","Perfected Strike"],"picked":"Shrug It Off","floor":11},{"not_picked":["Disarm","Carnage"],"picked":"Twin Strike","floor":13},{"not_picked":["Combust","True Grit"],"picked":"Heavy Blade","floor":14},{"not_picked":["Exhume","Barricade"],"picked":"Demon Form","floor":16},{"not_picked":["Battle Trance","Havoc"],"picked":"Heavy Blade","floor":17},{"not_picked":["Cleave","Shrug It Off"],"picked":"Spot Weakness","floor":17},{"not_picked":["Thunderclap","Burning Pact"],"picked":"Heavy Blade","floor":17},{"not_picked":["Clothesline","Pommel Strike"],"picked":"Cleave","floor":17},{"not_picked":["Iron Wave+1","Perfected Strike+1","Corruption"],"picked":"SKIP","floor":18},{"not_picked":["Carnage","Exhume"],"picked":"Pummel","floor":19},{"not_picked":["Burning Pact+1","Wild Strike+1"],"picked":"Twin Strike+1","floor":20},{"not_picked":["Thunderclap","Hemokinesis"],"picked":"Armaments","floor":22},{"not_picked":["Disarm","Heavy Blade+1"],"picked":"Feed","floor":24}],"player_experience":725100,"relics_obtained":[{"floor":9,"key":"Boot"},{"floor":19,"key":"Red Mask"}],"event_choices":[{"event_name":"Golden Idol","player_choice":"Take Wound","floor":5,"damage_taken":0},{"event_name":"Fountain of Cleansing","player_choice":"Removed Curse","floor":7,"damage_taken":0},{"event_name":"Masked Bandits","player_choice":"Fought Bandits","floor":19,"damage_taken":0}],"is_beta":false,"boss_relics":[{"not_picked":["Coffee Dripper","Snecko Eye"],"picked":"Orrery"}],"items_purged_floors":[2,21],"is_endless":false,"potions_floor_spawned":[4,11,13,16,18,24],"killed_by":"Book of Stabbing","ascension_level":7}