{"gold_per_floor":[114,114,114,132,132,176,189,227,252,14,14],"floor_reached":11,"playtime":546,"items_purged":[],"score":105,"play_id":"9ce335d0-d1ab-4288-8575-673dbc4481e4","local_time":"20190615182522","is_ascension_mode":true,"campfire_choices":[],"neow_cost":"NONE","seed_source_timestamp":119253988115800,"circlet_count":0,"master_deck":["Strike_B","Strike_B","Defend_B","Defend_B","Defend_B","Defend_B","Zap","Dualcast","Loop","Sweeping Beam","Coolheaded","Undo","Redo","Melter"],"relics":["Cracked Core","Golden Idol","Vajra","Anchor","Mummified Hand","Pen Nib","Bottled Tornado"],"potions_floor_usage":[6,8,11],"damage_taken":[{"damage":0,"enemies":"2 Louse","floor":1,"turns":1},{"damage":1,"enemies":"Cultist","floor":4,"turns":3},{"damage":14,"enemies":"Gremlin Nob","floor":6,"turns":3},{"damage":0,"enemies":"Small Slimes","floor":7,"turns":2},{"damage":12,"enemies":"Lagavulin","floor":8,"turns":8},{"damage":9,"enemies":"Exordium Thugs","floor":11,"turns":3}],"seed_played":"-8540602298140430140","potions_obtained":[{"floor":1,"key":"Fire Potion"},{"floor":4,"key":"EssenceOfSteel"},{"floor":8,"key":"FearPotion"}],"is_trial":false,"path_per_floor":["M","?","?","M","?","E","M","E","T","$","M"],"character_chosen":"DEFECT","items_purchased":["Bottled Tornado"],"campfire_rested":0,"item_purchase_floors":[10],"current_hp_per_floor":[68,50,43,42,35,21,21,9,9,9,0],"gold":14,"neow_bonus":"TRANSFORM_CARD","is_prod":false,"is_daily":false,"chose_seed":false,"campfire_upgraded":0,"win_rate":0,"timestamp":1560615922,"path_taken":["M","?","?","M","?","E","M","E","T","$","M"],"build_version":"2019-06-13","purchased_purges":0,"victory":false,"max_hp_per_floor":[75,75,75,75,75,75,75,75,75,75,75],"card_choices":[{"not_picked":["Double Energy","Cold Snap"],"picked":"Sweeping Beam","floor":1},{"not_picked":["Blizzard","Gash"],"picked":"Coolheaded","floor":4},{"not_picked":["Gash","Compile Driver"],"picked":"Undo","floor":6},{"not_picked":["Fission","Stack"],"picked":"Redo","floor":7},{"not_picked":["Recycle","Reprogram"],"picked":"Melter","floor":8}],"player_experience":453884,"relics_obtained":[{"floor":6,"key":"Anchor"},{"floor":8,"key":"Mummified Hand"},{"floor":9,"key":"Pen Nib"}],"event_choices":[{"damage_healed":0,"gold_gain":0,"player_choice":"Take Damage","damage_taken":18,"relics_obtained":["Golden Idol"],"max_hp_gain":0,"max_hp_loss":0,"event_name":"Golden Idol","floor":2,"gold_loss":0},{"damage_healed":0,"gold_gain":0,"player_choice":"Success","damage_taken":7,"relics_obtained":["Vajra"],"max_hp_gain":0,"max_hp_loss":0,"event_name":"Scrap Ooze","floor":3,"gold_loss":0},{"cards_removed":["Strike_B"],"damage_healed":0,"gold_gain":0,"player_choice":"Card Removal","damage_taken":7,"max_hp_gain":0,"max_hp_loss":0,"event_name":"Golden Wing","floor":5,"gold_loss":0}],"is_beta":true,"boss_relics":[],"items_purged_floors":[],"is_endless":false,"potions_floor_spawned":[1,4,8],"killed_by":"Exordium Thugs","ascension_level":6}