{"gold_per_floor":[362,379,10,85,7,7,30,59,106,106,124,124,124,137,137,137],"floor_reached":16,"playtime":456,"items_purged":["Strike_R"],"score":98,"play_id":"72ee5b24-e38f-45f4-bfd3-5af9ffd5ad04","local_time":"20190810225522","is_ascension_mode":false,"campfire_choices":[{"floor":6,"key":"REST"},{"floor":10,"key":"REST"},{"data":"Seeing Red","floor":13,"key":"SMITH"},{"data":"Body Slam","floor":15,"key":"SMITH"}],"neow_cost":"PERCENT_DAMAGE","seed_source_timestamp":340926412589500,"circlet_count":0,"master_deck":["Strike_R","Strike_R","Strike_R","Strike_R","Defend_R","Defend_R","Defend_R","Defend_R","Bash","Shrug It Off","Cleave","Armaments","Dark Shackles","Dual Wield","Seeing Red+1","Body Slam+1"],"relics":["Burning Blood","Dream Catcher","Bag of Preparation","Paper Frog","Blood Vial"],"potions_floor_usage":[8],"damage_taken":[{"damage":7,"enemies":"2 Louse","floor":1,"turns":4},{"damage":15,"enemies":"Jaw Worm","floor":2,"turns":4},{"damage":42,"enemies":"Gremlin Nob","floor":8,"turns":6},{"damage":0,"enemies":"Cultist","floor":11,"turns":4},{"damage":6,"enemies":"3 Louse","floor":14,"turns":4},{"damage":35,"enemies":"Slime Boss","floor":16,"turns":6}],"seed_played":"-5978505236046857898","potions_obtained":[{"floor":2,"key":"Weak Potion"},{"floor":8,"key":"FairyPotion"},{"floor":14,"key":"Swift Potion"}],"is_trial":false,"path_per_floor":["M","M","$","?","$","R","T","E","T","R","M","?","R","M","R","B"],"character_chosen":"IRONCLAD","items_purchased":["Dream Catcher","Armaments","Dark Shackles","Dual Wield"],"campfire_rested":2,"item_purchase_floors":[3,3,3,5],"current_hp_per_floor":[55,46,46,35,35,59,59,23,23,47,55,60,60,62,62,29],"gold":137,"neow_bonus":"TWO_FIFTY_GOLD","is_prod":false,"is_daily":false,"chose_seed":false,"campfire_upgraded":2,"win_rate":0.0,"timestamp":1565441722,"path_taken":["M","M","$","?","$","R","?","E","T","R","?","?","R","M","R","BOSS"],"build_version":"2019-07-17","purchased_purges":1,"victory":false,"max_hp_per_floor":[80,80,80,80,80,80,80,80,80,80,80,80,80,80,80,80],"card_choices":[{"not_picked":["Sword Boomerang","Thunderclap"],"picked":"Shrug It Off","floor":1},{"not_picked":["Warcry","Offering"],"picked":"Cleave","floor":2},{"not_picked":["Whirlwind","Heavy Blade","Power Through"],"picked":"SKIP","floor":8},{"not_picked":["Heavy Blade","Second Wind"],"picked":"Seeing Red","floor":10},{"not_picked":["Sword Boomerang","Second Wind"],"picked":"Shrug It Off","floor":11},{"not_picked":["Blood for Blood","Intimidate"],"picked":"Body Slam","floor":14}],"player_experience":21794,"relics_obtained":[{"floor":7,"key":"Bag of Preparation"},{"floor":8,"key":"Paper Frog"},{"floor":9,"key":"Blood Vial"}],"event_choices":[{"damage_healed":0,"gold_gain":75,"player_choice":"Gather Gold","damage_taken":11,"max_hp_gain":0,"max_hp_loss":0,"event_name":"World of Goop","floor":4,"gold_loss":0},{"cards_removed":["Shrug It Off"],"damage_healed":5,"gold_gain":0,"player_choice":"Offered Common","damage_taken":0,"max_hp_gain":0,"max_hp_loss":0,"event_name":"Bonfire Elementals","floor":12,"gold_loss":0},{"cards_removed":["Shrug It Off"],"damage_healed":5,"gold_gain":0,"player_choice":"Offered Special","damage_taken":0,"max_hp_gain":0,"max_hp_loss":0,"event_name":"Bonfire Elementals","floor":12,"gold_loss":0}],"is_beta":false,"boss_relics":[],"items_purged_floors":[3],"is_endless":false,"potions_floor_spawned":[2,8,14],"killed_by":"Slime Boss","ascension_level":0}