{"gold_per_floor":[109,34,46,46,58,58,7,7,307,307,153,103,121,133,133,230,230,247,11,22,41,58,58,76,76,76,94,108,33,33,33,33,137,137,151,2,2,2,2,2,19,19,44,69,92,104,116,138,150,162],"floor_reached":50,"playtime":1728,"items_purged":["Defend_B","Defend_B","Strike_B"],"score":459,"play_id":"0a3de25e-cae8-4569-9a2a-d07a104a96b2","local_time":"20190726174516","is_ascension_mode":false,"campfire_choices":[{"data":"Beam Cell","floor":6,"key":"SMITH"},{"data":"Dualcast","floor":8,"key":"SMITH"},{"data":"Zap","floor":10,"key":"SMITH"},{"data":"Thunder Strike","floor":15,"key":"SMITH"},{"floor":23,"key":"REST"},{"floor":30,"key":"REST"},{"data":"Defragment","floor":32,"key":"SMITH"},{"data":"Amplify","floor":40,"key":"SMITH"},{"data":"Echo Form","floor":42,"key":"SMITH"},{"floor":47,"key":"REST"},{"floor":49,"key":"REST"}],"neow_cost":"NONE","seed_source_timestamp":17822225118065,"circlet_count":0,"master_deck":["Strike_B","Strike_B","Defend_B","Zap+1","Dualcast+1","Rebound","Beam Cell+1","Ball Lightning","Sweeping Beam","Thunder Strike+1","Echo Form+1","Rebound","White Noise","Static Discharge","Ball Lightning","Tempest","Hologram+1","Defragment+1","Ball Lightning","Thunder Strike","Stack+1","Amplify+1","Writhe","Leap","Shame","Apotheosis","Conserve Battery+1"],"relics":["Cracked Core","NeowsBlessing","Darkstone Periapt","Old Coin","Cursed Key","Ornamental Fan","Mummified Hand","White Beast Statue","MawBank"],"potions_floor_usage":[22,33,44,45,48,50,50,50],"damage_taken":[{"damage":0,"enemies":"Cultist","floor":1,"turns":1},{"damage":0,"enemies":"Small Slimes","floor":3,"turns":1},{"damage":0,"enemies":"Jaw Worm","floor":5,"turns":1},{"damage":16,"enemies":"Large Slime","floor":13,"turns":3},{"damage":10,"enemies":"Looter","floor":14,"turns":2},{"damage":11,"enemies":"Slime Boss","floor":16,"turns":5},{"damage":30,"enemies":"2 Thieves","floor":18,"turns":3},{"damage":0,"enemies":"Spheric Guardian","floor":20,"turns":3},{"damage":14,"enemies":"Centurion and Healer","floor":21,"turns":5},{"damage":11,"enemies":"Snecko","floor":22,"turns":3},{"damage":14,"enemies":"Snake Plant","floor":24,"turns":3},{"damage":0,"enemies":"3 Cultists","floor":27,"turns":2},{"damage":11,"enemies":"Cultist and Chosen","floor":28,"turns":4},{"damage":37,"enemies":"Collector","floor":33,"turns":4},{"damage":34,"enemies":"3 Darklings","floor":35,"turns":3},{"damage":15,"enemies":"3 Shapes","floor":41,"turns":4},{"damage":38,"enemies":"Writhing Mass","floor":44,"turns":4},{"damage":17,"enemies":"Maw","floor":45,"turns":5},{"damage":31,"enemies":"Sphere and 2 Shapes","floor":48,"turns":4},{"damage":50,"enemies":"Donu and Deca","floor":50,"turns":4}],"seed_played":"-345481424696449193","potions_obtained":[{"floor":3,"key":"Strength Potion"},{"floor":5,"key":"Dexterity Potion"},{"floor":16,"key":"Strength Potion"},{"floor":21,"key":"Weak Potion"},{"floor":24,"key":"EssenceOfSteel"},{"floor":27,"key":"PowerPotion"},{"floor":35,"key":"Weak Potion"},{"floor":41,"key":"Regen Potion"},{"floor":44,"key":"FocusPotion"},{"floor":45,"key":"EssenceOfSteel"},{"floor":48,"key":"Swift Potion"}],"is_trial":false,"path_per_floor":["M","$","M","T","M","R","$","R","T","R","$","?","M","M","R","B",null,"M","$","M","M","M","R","M","?","T","M","M","?","R","?","R","B",null,"M","$","?","?","$","R","M","R","T","M","M","?","R","M","R","B"],"character_chosen":"DEFECT","items_purchased":["Ball Lightning","Sweeping Beam","White Noise","Static Discharge","Amplify"],"campfire_rested":4,"item_purchase_floors":[7,11,19,19,36],"current_hp_per_floor":[75,75,75,75,75,75,75,75,75,75,75,75,59,49,49,38,75,45,45,45,31,20,42,28,28,34,34,23,23,47,47,47,10,81,47,47,47,73,73,73,58,58,64,38,21,21,48,17,44,0],"gold":162,"neow_bonus":"THREE_ENEMY_KILL","is_prod":false,"is_daily":false,"chose_seed":false,"campfire_upgraded":7,"win_rate":0,"timestamp":1564188316,"path_taken":["M","$","M","?","M","R","$","R","T","R","$","?","M","M","R","BOSS","M","$","M","M","M","R","M","?","T","M","M","?","R","?","R","BOSS","M","$","?","?","?","R","M","R","T","M","M","?","R","M","R","BOSS"],"build_version":"2019-07-17","purchased_purges":3,"victory":false,"max_hp_per_floor":[75,75,75,75,75,75,75,75,75,75,75,75,75,75,75,75,75,75,75,75,75,75,75,75,75,81,81,81,81,81,81,81,81,81,81,81,81,87,87,87,87,87,93,93,93,93,93,93,93,93],"card_choices":[{"not_picked":["Turbo","Leap"],"picked":"Rebound","floor":1},{"not_picked":["Redo","Gash"],"picked":"Beam Cell","floor":3},{"not_picked":["Storm","Capacitor","Redo"],"picked":"SKIP","floor":5},{"not_picked":["Leap","Conserve Battery"],"picked":"Sweeping Beam","floor":13},{"not_picked":["Coolheaded","Chill"],"picked":"Thunder Strike","floor":14},{"not_picked":["Multi-Cast","Buffer"],"picked":"Echo Form","floor":16},{"not_picked":["Go for the Eyes","Redo"],"picked":"Rebound","floor":18},{"not_picked":["Coolheaded","Streamline"],"picked":"Ball Lightning","floor":20},{"not_picked":["Ball Lightning","Melter"],"picked":"Tempest","floor":21},{"not_picked":["Gash+1","Rebound"],"picked":"Hologram+1","floor":22},{"not_picked":["Cold Snap","Loop"],"picked":"Defragment","floor":24},{"not_picked":["Sweeping Beam","Undo"],"picked":"Ball Lightning","floor":27},{"not_picked":["Gash+1","Darkness"],"picked":"Conserve Battery","floor":28},{"not_picked":["Core Surge","Meteor Strike"],"picked":"Thunder Strike","floor":33},{"not_picked":["Coolheaded+1","Scrape"],"picked":"Stack+1","floor":35},{"not_picked":["Cold Snap+1","Gash"],"picked":"Leap","floor":41},{"not_picked":["Gash","Barrage","Stack"],"picked":"SKIP","floor":44},{"not_picked":["Compile Driver","Barrage","Blizzard"],"picked":"SKIP","floor":45},{"not_picked":["Swift Strike","Discovery"],"picked":"Apotheosis","floor":46},{"not_picked":["Glacier","Streamline+1"],"picked":"Conserve Battery+1","floor":48}],"player_experience":1449677,"relics_obtained":[{"floor":4,"key":"Darkstone Periapt"},{"floor":9,"key":"Old Coin"},{"floor":26,"key":"Ornamental Fan"},{"floor":43,"key":"MawBank"}],"event_choices":[{"cards_removed":["Defend_B"],"damage_healed":0,"gold_gain":0,"player_choice":"Card Removal","damage_taken":0,"max_hp_gain":0,"max_hp_loss":0,"event_name":"The Cleric","floor":12,"gold_loss":50},{"cards_removed":["Strike_B"],"damage_healed":0,"gold_gain":0,"player_choice":"Elegance","damage_taken":0,"max_hp_gain":0,"max_hp_loss":0,"event_name":"Back to Basics","floor":25,"gold_loss":0},{"cards_removed":["Clumsy"],"damage_healed":0,"gold_gain":0,"player_choice":"Gave Gold","damage_taken":0,"max_hp_gain":0,"max_hp_loss":0,"event_name":"Beggar","floor":29,"gold_loss":75},{"cards_removed":["Conserve Battery"],"damage_healed":0,"gold_gain":0,"player_choice":"Gave Card","damage_taken":0,"relics_obtained":["Mummified Hand"],"max_hp_gain":0,"max_hp_loss":0,"event_name":"WeMeetAgain","floor":31,"gold_loss":0},{"cards_removed":["Sweeping Beam"],"damage_healed":0,"gold_gain":0,"player_choice":"Removed Attack","damage_taken":0,"max_hp_gain":0,"max_hp_loss":0,"event_name":"Falling","floor":37,"gold_loss":0},{"damage_healed":20,"gold_gain":0,"player_choice":"Writhe","damage_taken":0,"max_hp_gain":0,"max_hp_loss":0,"event_name":"Winding Halls","floor":38,"gold_loss":0,"cards_obtained":["Writhe"]},{"damage_healed":0,"gold_gain":0,"player_choice":"Memory 1","damage_taken":0,"max_hp_gain":0,"max_hp_loss":0,"event_name":"SensoryStone","floor":46,"gold_loss":0}],"is_beta":false,"boss_relics":[{"not_picked":["Runic Pyramid","Empty Cage"],"picked":"Cursed Key"},{"not_picked":["Black Star","Philosopher\u0027s Stone"],"picked":"White Beast Statue"}],"items_purged_floors":[2,11,19],"is_endless":false,"potions_floor_spawned":[3,5,16,21,24,27,35,41,44,45,48],"killed_by":"Donu and Deca","ascension_level":0}