{"gold_per_floor":[109,109,127,48,59,59,86,86,86,103,103,131,131,131,131,131],"floor_reached":16,"playtime":1294,"items_purged":[],"score":119,"play_id":"492d7a19-e1a9-4b69-ba86-6deea66352cc","local_time":"20190715175725","is_ascension_mode":true,"campfire_choices":[{"data":"Capacitor","floor":6.0,"key":"SMITH"},{"floor":11.0,"key":"RECALL"},{"data":"Zap","floor":13,"key":"SMITH"},{"data":"Loop","floor":15,"key":"SMITH"}],"neow_cost":"CURSE","seed_source_timestamp":1163747291717691,"circlet_count":0,"master_deck":["Strike_B","Strike_B","Strike_B","Strike_B","Defend_B","Defend_B","Defend_B","Defend_B","Zap+1","Dualcast","Turbo","Coolheaded","Cold Snap+1","Go for the Eyes+1","Capacitor+1","Loop+1","Aggregate","BootSequence","Leap","Coolheaded","Parasite"],"special_seed":0,"relics":["Cracked Core","Prayer Wheel","Juzu Bracelet","Whetstone","Darkstone Periapt"],"potions_floor_usage":[12,12,16],"damage_taken":[{"damage":2.0,"enemies":"Jaw Worm","floor":1.0,"turns":4.0},{"damage":3.0,"enemies":"Cultist","floor":3.0,"turns":4.0},{"damage":5.0,"enemies":"Small Slimes","floor":5.0,"turns":4.0},{"damage":19.0,"enemies":"Lagavulin","floor":7.0,"turns":8.0},{"damage":9.0,"enemies":"Blue Slaver","floor":10.0,"turns":4.0},{"damage":15,"enemies":"Gremlin Nob","floor":12,"turns":4},{"damage":39,"enemies":"Slime Boss","floor":16,"turns":6}],"seed_played":"-9192778556479363041","potions_obtained":[{"floor":3.0,"key":"SpeedPotion"},{"floor":5.0,"key":"SkillPotion"},{"floor":7.0,"key":"PowerPotion"},{"floor":12,"key":"Ancient Potion"}],"is_trial":false,"path_per_floor":["M","?","M","$","M","R","E","?","T","M","R","E","R","?","R","B"],"character_chosen":"DEFECT","items_purchased":["Capacitor"],"campfire_rested":0,"item_purchase_floors":[4],"current_hp_per_floor":[73,61,58,58,53,53,34,34,34,25,25,10,10,34,34,0],"gold":131,"neow_bonus":"ONE_RARE_RELIC","is_prod":false,"is_daily":false,"chose_seed":false,"campfire_upgraded":3,"win_rate":0,"timestamp":1563227845,"path_taken":["M","?","M","$","M","R","E","?","T","M","R","E","R","?","R","BOSS"],"build_version":"2019-07-05","purchased_purges":0,"victory":false,"max_hp_per_floor":[75,75,75,75,75,75,75,75,75,75,75,75,75,81,81,81],"card_choices":[{"not_picked":["Consume","Darkness"],"picked":"Turbo","floor":1.0},{"not_picked":["Compile Driver","FTL"],"picked":"Coolheaded","floor":1.0},{"not_picked":["Steam","Reinforced Body"],"picked":"Cold Snap","floor":3.0},{"not_picked":["Darkness","Chaos"],"picked":"Go for the Eyes","floor":3.0},{"not_picked":["FTL","Hello World"],"picked":"Loop","floor":5.0},{"not_picked":["Chaos","Reprogram","Self Repair"],"picked":"SKIP","floor":5.0},{"not_picked":["Redo","Conserve Battery"],"picked":"Aggregate","floor":7.0},{"not_picked":["Barrage","Go for the Eyes"],"picked":"BootSequence","floor":10.0},{"not_picked":["Streamline","Stack"],"picked":"Leap","floor":10.0},{"not_picked":["Redo","Rebound"],"picked":"Coolheaded","floor":12}],"player_experience":249364,"relics_obtained":[{"floor":7.0,"key":"Whetstone"},{"floor":12,"key":"Darkstone Periapt"}],"event_choices":[{"damage_healed":0.0,"max_hp_gain":0.0,"max_hp_loss":0.0,"gold_gain":0.0,"event_name":"Scrap Ooze","player_choice":"Success","floor":2.0,"gold_loss":0.0,"damage_taken":12.0,"relics_obtained":["Juzu Bracelet"]},{"cards_removed":["Clumsy"],"damage_healed":0.0,"max_hp_gain":0.0,"max_hp_loss":0.0,"gold_gain":0.0,"event_name":"Purifier","player_choice":"Purged","floor":8.0,"gold_loss":0.0,"damage_taken":0.0},{"damage_healed":18,"gold_gain":0,"player_choice":"Healed and dodged fight","damage_taken":0,"max_hp_gain":0,"max_hp_loss":0,"event_name":"Mushrooms","floor":14,"gold_loss":0,"cards_obtained":["Parasite"]}],"is_beta":false,"boss_relics":[],"items_purged_floors":[],"is_endless":false,"potions_floor_spawned":[3,5,7,12],"killed_by":"Slime Boss","ascension_level":2}