{"gold_per_floor":[365,376,326,326,341,341,42,42,42,42,60,60,88,102,102,203,203,216,234,249,149,168,168,179,205,205,230,230,241,268,29,29,124,124,143,143,159,176,2,2,19,19,19,46,46,59,59,93,93,93,93,93,10,41,41],"floor_reached":56,"playtime":7027,"items_purged":["Strike_R","Strike_R","Strike_R"],"score":1292,"play_id":"8d6d7d55-5ea0-4251-a671-e55ba2c2efa7","local_time":"20190717231347","is_ascension_mode":false,"campfire_choices":[{"data":"True Grit","floor":6.0,"key":"SMITH"},{"data":"Apotheosis","floor":8.0,"key":"SMITH"},{"floor":10.0,"key":"RECALL"},{"data":"Battle Trance","floor":12.0,"key":"SMITH"},{"data":"Burning Pact","floor":15.0,"key":"SMITH"},{"data":"Juggernaut","floor":23.0,"key":"SMITH"},{"data":"Whirlwind","floor":28.0,"key":"SMITH"},{"data":"Shockwave","floor":32.0,"key":"SMITH"},{"data":"Inflame","floor":40.0,"key":"SMITH"},{"data":"Feel No Pain","floor":45.0,"key":"SMITH"},{"data":"Offering","floor":47.0,"key":"SMITH"},{"data":"Madness","floor":49.0,"key":"SMITH"},{"data":"Madness","floor":52.0,"key":"SMITH"}],"neow_cost":"PERCENT_DAMAGE","seed_source_timestamp":1349225901523114,"circlet_count":0,"master_deck":["Defend_R","Defend_R","Defend_R","Defend_R","Bash","True Grit+1","Apotheosis+1","Battle Trance+1","Anger","Burning Pact+1","Juggernaut+1","Warcry+1","Sentinel","Headbutt","Anger+1","True Grit","Whirlwind+1","Clumsy","Fire Breathing+1","Shockwave+1","Double Tap","Anger","Offering+1","Feel No Pain+1","Sword Boomerang+1","Uppercut+1","Inflame+1","Madness+1","Madness+1","Decay","True Grit+1","Anger","Feel No Pain","Whirlwind","Evolve"],"special_seed":0,"relics":["Burning Blood","Incense Burner","Cursed Key","Gambling Chip","Kunai","The Courier","Shuriken","Centennial Puzzle","Philosopher\u0027s Stone","Lantern","Mummified Hand","Gremlin Horn","Torii","Pantograph"],"potions_floor_usage":[55,55],"damage_taken":[{"damage":6.0,"enemies":"2 Louse","floor":1.0,"turns":3.0},{"damage":1.0,"enemies":"Cultist","floor":2.0,"turns":3.0},{"damage":0.0,"enemies":"Small Slimes","floor":5.0,"turns":3.0},{"damage":3.0,"enemies":"Looter","floor":11.0,"turns":4.0},{"damage":4.0,"enemies":"Lagavulin","floor":13.0,"turns":5.0},{"damage":0.0,"enemies":"Blue Slaver","floor":14.0,"turns":3.0},{"damage":4.0,"enemies":"Slime Boss","floor":16.0,"turns":8.0},{"damage":2.0,"enemies":"Shell Parasite","floor":18.0,"turns":4.0},{"damage":8.0,"enemies":"2 Thieves","floor":19.0,"turns":5.0},{"damage":0.0,"enemies":"Snecko","floor":20.0,"turns":3.0},{"damage":0.0,"enemies":"Snake Plant","floor":22.0,"turns":4.0},{"damage":6.0,"enemies":"Centurion and Healer","floor":24.0,"turns":5.0},{"damage":0.0,"enemies":"Book of Stabbing","floor":25.0,"turns":4.0},{"damage":6.0,"enemies":"Gremlin Leader","floor":27.0,"turns":6.0},{"damage":0.0,"enemies":"3 Cultists","floor":29.0,"turns":2.0},{"damage":14.0,"enemies":"Slavers","floor":30.0,"turns":2.0},{"damage":16.0,"enemies":"Champ","floor":33.0,"turns":7.0},{"damage":1.0,"enemies":"Orb Walker","floor":35.0,"turns":2.0},{"damage":23.0,"enemies":"3 Darklings","floor":37.0,"turns":2.0},{"damage":4.0,"enemies":"Jaw Worm Horde","floor":38.0,"turns":3.0},{"damage":6.0,"enemies":"Maw","floor":41.0,"turns":2.0},{"damage":3.0,"enemies":"Nemesis","floor":44.0,"turns":3.0},{"damage":0.0,"enemies":"Transient","floor":46.0,"turns":5.0},{"damage":8.0,"enemies":"Giant Head","floor":48.0,"turns":3.0},{"damage":62.0,"enemies":"Time Eater","floor":50.0,"turns":10.0},{"damage":29.0,"enemies":"Shield and Spear","floor":54.0,"turns":7.0},{"damage":68,"enemies":"The Heart","floor":55,"turns":8}],"seed_played":"-6434640682422634032","potions_obtained":[{"floor":5.0,"key":"Poison Potion"},{"floor":11.0,"key":"Strength Potion"},{"floor":14.0,"key":"Swift Potion"},{"floor":16.0,"key":"Regen Potion"},{"floor":18.0,"key":"SteroidPotion"},{"floor":29.0,"key":"Swift Potion"},{"floor":35.0,"key":"GamblersBrew"},{"floor":38.0,"key":"SteroidPotion"},{"floor":46.0,"key":"Swift Potion"}],"is_trial":false,"path_per_floor":["M","M","?","?","M","R","$","R","T","R","M","R","E","M","R","B",null,"M","M","M","$","M","R","M","E","T","E","R","M","E","$","R","B",null,"M","?","M","M","$","R","M","?","T","E","R","M","R","E","R","B",null,"R","$","E","B",null],"character_chosen":"IRONCLAD","items_purchased":["Apotheosis","Battle Trance","Anger","Centennial Puzzle","Inflame","Lantern","Feel No Pain","Whirlwind"],"campfire_rested":0,"item_purchase_floors":[7,7,31,31,39,39,53,53],"current_hp_per_floor":[56,61,61,61,67,67,67,67,67,67,70,70,72,78,78,80,80,80,78,80,80,80,80,80,80,80,80,80,80,72,72,72,62,80,80,80,63,65,65,65,65,55,55,63,63,69,69,67,67,11,80,80,80,57,18],"gold":41,"neow_bonus":"TWO_FIFTY_GOLD","is_prod":false,"is_daily":false,"chose_seed":false,"campfire_upgraded":12,"win_rate":0,"timestamp":1563419627,"path_taken":["M","M","?","?","M","R","$","R","T","R","?","R","E","M","R","BOSS","M","M","M","$","M","R","M","E","T","E","R","M","E","$","R","BOSS","M","?","M","M","$","R","M","?","T","E","R","M","R","E","R","BOSS","R","$","E","BOSS"],"build_version":"2019-07-05","purchased_purges":3,"victory":true,"max_hp_per_floor":[80,80,80,80,80,80,80,80,80,80,80,80,80,80,80,80,80,80,80,80,80,80,80,80,80,80,80,80,80,80,80,80,80,80,80,80,80,80,80,80,80,80,80,80,80,80,80,80,80,80,80,80,80,80,80],"card_choices":[{"not_picked":["Clothesline","Combust","Clash"],"picked":"SKIP","floor":1.0},{"not_picked":["Flex","Bloodletting"],"picked":"True Grit","floor":2.0},{"not_picked":["Searing Blow","Uppercut","Rampage"],"picked":"SKIP","floor":5.0},{"not_picked":["Shrug It Off","Sword Boomerang"],"picked":"Anger","floor":11.0},{"not_picked":["Twin Strike","Iron Wave"],"picked":"Burning Pact","floor":13.0},{"not_picked":["Sword Boomerang","Bloodletting","Wild Strike"],"picked":"SKIP","floor":14.0},{"not_picked":["Barricade","Brutality"],"picked":"Juggernaut","floor":16.0},{"not_picked":["Twin Strike","Cleave+1"],"picked":"Warcry+1","floor":18.0},{"not_picked":["Warcry","Wild Strike+1"],"picked":"Sentinel","floor":19.0},{"not_picked":["True Grit","Clash"],"picked":"Headbutt","floor":20.0},{"not_picked":["Dark Embrace","Battle Trance+1"],"picked":"Anger+1","floor":22.0},{"not_picked":["Iron Wave","Second Wind+1"],"picked":"True Grit","floor":24.0},{"not_picked":["Power Through+1","Seeing Red"],"picked":"Whirlwind","floor":25.0},{"not_picked":["Exhume","Perfected Strike+1"],"picked":"Fire Breathing+1","floor":27.0},{"not_picked":["Headbutt","Perfected Strike+1"],"picked":"Shockwave","floor":29.0},{"not_picked":["Pommel Strike","Clash+1"],"picked":"Double Tap","floor":30.0},{"not_picked":["Feed","Impervious"],"picked":"Offering","floor":33.0},{"not_picked":["Pummel+1","Burning Pact+1"],"picked":"Feel No Pain","floor":35.0},{"not_picked":["Havoc+1","Battle Trance"],"picked":"Sword Boomerang+1","floor":37.0},{"not_picked":["Wild Strike","Sword Boomerang+1"],"picked":"Uppercut+1","floor":38.0},{"not_picked":["Hemokinesis","Uppercut","Heavy Blade"],"picked":"SKIP","floor":41.0},{"not_picked":["Iron Wave","Twin Strike","Armaments+1"],"picked":"SKIP","floor":44.0},{"not_picked":["Iron Wave","Twin Strike","Armaments+1"],"picked":"SKIP","floor":44.0},{"not_picked":["Bludgeon","Thunderclap+1"],"picked":"True Grit+1","floor":46.0},{"not_picked":["Havoc","Clothesline"],"picked":"Anger","floor":48.0},{"not_picked":["Perfected Strike+1","Brutality"],"picked":"Evolve","floor":54.0}],"player_experience":279132,"relics_obtained":[{"floor":13.0,"key":"Incense Burner"},{"floor":25.0,"key":"Gambling Chip"},{"floor":26.0,"key":"Kunai"},{"floor":27.0,"key":"The Courier"},{"floor":30.0,"key":"Shuriken"},{"floor":43.0,"key":"Mummified Hand"},{"floor":44.0,"key":"Gremlin Horn"},{"floor":48.0,"key":"Torii"},{"floor":54.0,"key":"Pantograph"}],"event_choices":[{"cards_removed":["Strike_R"],"damage_healed":0.0,"max_hp_gain":0.0,"max_hp_loss":0.0,"gold_gain":0.0,"event_name":"The Cleric","player_choice":"Card Removal","floor":3.0,"gold_loss":50.0,"damage_taken":0.0},{"cards_removed":["Strike_R"],"damage_healed":0.0,"max_hp_gain":0.0,"max_hp_loss":0.0,"gold_gain":0.0,"event_name":"Bonfire Elementals","player_choice":"Offered Basic","floor":4.0,"gold_loss":0.0,"damage_taken":0.0},{"damage_healed":0.0,"max_hp_gain":0.0,"max_hp_loss":0.0,"gold_gain":0.0,"event_name":"Tomb of Lord Red Mask","player_choice":"Ignored","floor":36.0,"gold_loss":0.0,"damage_taken":0.0},{"damage_healed":0.0,"max_hp_gain":0.0,"max_hp_loss":0.0,"gold_gain":0.0,"event_name":"Winding Halls","player_choice":"Embrace Madness","floor":42.0,"gold_loss":0.0,"damage_taken":10.0,"cards_obtained":["Madness","Madness"]}],"is_beta":false,"boss_relics":[{"not_picked":["Pandora\u0027s Box","Orrery"],"picked":"Cursed Key"},{"not_picked":["Eternal Feather","Black Blood"],"picked":"Philosopher\u0027s Stone"}],"items_purged_floors":[7,21,31],"is_endless":false,"potions_floor_spawned":[5,11,14,16,18,20,29,35,38,41,46],"ascension_level":0}