{"gold_per_floor":[116,266,266,281,54,54,70,97,97,97,113,128,128,145,145,222,222,240,43,55,55,68,68],"floor_reached":23,"playtime":1281,"items_purged":[],"score":542,"play_id":"e93f8d39-2da7-4819-8661-91a6cdb38dca","local_time":"20190815124329","is_ascension_mode":true,"campfire_choices":[{"data":"Zap","floor":6.0,"key":"SMITH"},{"data":"Self Repair","floor":13.0,"key":"SMITH"},{"floor":15.0,"key":"REST"}],"neow_cost":"TEN_PERCENT_HP_LOSS","seed_source_timestamp":0,"circlet_count":0,"master_deck":["AscendersBane","Strike_B","Strike_B+1","Strike_B","Strike_B","Defend_B+1","Defend_B","Defend_B","Defend_B","Zap+1","Dualcast","Compile Driver","Ball Lightning","Hologram","Ball Lightning","Self Repair+1","Defragment","Machine Learning","Apotheosis","Conserve Battery","Self Repair"],"special_seed":0,"relics":["Cracked Core","Unceasing Top","Runic Capacitor","Shuriken","Cables","Fusion Hammer"],"potions_floor_usage":[23],"damage_taken":[{"damage":2.0,"enemies":"Jaw Worm","floor":1.0,"turns":4.0},{"damage":12.0,"enemies":"Small Slimes","floor":4.0,"turns":4.0},{"damage":1.0,"enemies":"Cultist","floor":7.0,"turns":3.0},{"damage":7.0,"enemies":"Lagavulin","floor":8.0,"turns":7.0},{"damage":6.0,"enemies":"Red Slaver","floor":11.0,"turns":2.0},{"damage":0.0,"enemies":"Lots of Slimes","floor":12.0,"turns":2.0},{"damage":3.0,"enemies":"Looter","floor":14.0,"turns":3.0},{"damage":12.0,"enemies":"Slime Boss","floor":16.0,"turns":7.0},{"damage":14.0,"enemies":"Spheric Guardian","floor":18.0,"turns":4.0},{"damage":31,"enemies":"2 Thieves","floor":20,"turns":3},{"damage":27,"enemies":"Cultist and Chosen","floor":22,"turns":6},{"damage":24,"enemies":"Gremlin Leader","floor":23,"turns":2}],"seed_played":"4867298145341353728","potions_obtained":[{"floor":1.0,"key":"AttackPotion"},{"floor":7.0,"key":"Block Potion"},{"floor":10.0,"key":"AttackPotion"},{"floor":12.0,"key":"Block Potion"},{"floor":20,"key":"Strength Potion"},{"floor":22,"key":"Regen Potion"}],"is_trial":false,"path_per_floor":["M","?","?","M","$","R","M","E","T","?","M","M","R","M","R","B",null,"M","$","M","?","M","E"],"character_chosen":"DEFECT","items_purchased":["Runic Capacitor","Apotheosis"],"campfire_rested":1,"item_purchase_floors":[5,19],"current_hp_per_floor":[62,62,43,31,31,31,30,23,23,23,17,17,17,14,33,31,56,52,52,31,31,14,0],"gold":68,"neow_bonus":"ONE_RARE_RELIC","is_prod":false,"is_daily":false,"chose_seed":false,"campfire_upgraded":2,"win_rate":0,"timestamp":1565898209,"path_taken":["M","?","?","M","$","R","M","E","T","?","M","M","R","M","R","BOSS","M","$","M","?","?","E"],"build_version":"2019-07-17","purchased_purges":0,"victory":false,"max_hp_per_floor":[64,64,64,64,64,64,64,64,64,64,64,64,64,64,64,64,64,64,64,64,64,64,64],"card_choices":[{"not_picked":["Gash","Hologram"],"picked":"Compile Driver","floor":1.0},{"not_picked":["Beam Cell","Hologram"],"picked":"Ball Lightning","floor":4.0},{"not_picked":["Hello World","Turbo"],"picked":"Hologram","floor":7.0},{"not_picked":["Redo","Force Field","Barrage"],"picked":"SKIP","floor":8.0},{"not_picked":["Redo","Gash"],"picked":"Ball Lightning","floor":11.0},{"not_picked":["Gash","Compile Driver"],"picked":"Self Repair","floor":12.0},{"not_picked":["Redo","Barrage"],"picked":"Defragment","floor":14.0},{"not_picked":["Fission","Buffer"],"picked":"Machine Learning","floor":16.0},{"not_picked":["Heatsinks","Doom and Gloom","Beam Cell+1"],"picked":"SKIP","floor":18.0},{"not_picked":["Recycle","Aggregate"],"picked":"Conserve Battery","floor":20},{"not_picked":["Redo","Sweeping Beam"],"picked":"Self Repair","floor":22}],"player_experience":660749,"relics_obtained":[{"floor":8.0,"key":"Shuriken"},{"floor":9.0,"key":"Cables"}],"event_choices":[{"damage_healed":0.0,"max_hp_gain":0.0,"max_hp_loss":0.0,"gold_gain":150.0,"event_name":"Liars Game","player_choice":"AGREE","floor":2.0,"gold_loss":0.0,"damage_taken":0.0,"cards_obtained":["Doubt"]},{"damage_healed":0.0,"max_hp_gain":0.0,"max_hp_loss":0.0,"gold_gain":0.0,"event_name":"Shining Light","player_choice":"Entered Light","floor":3.0,"gold_loss":0.0,"damage_taken":19.0,"cards_upgraded":["Defend_B","Strike_B"]},{"damage_healed":0.0,"max_hp_gain":0.0,"max_hp_loss":0.0,"gold_gain":0.0,"event_name":"Lab","player_choice":"Got Potions","floor":10.0,"gold_loss":0.0,"damage_taken":0.0},{"cards_removed":["Doubt"],"damage_healed":0,"gold_gain":0,"player_choice":"Purged","damage_taken":0,"max_hp_gain":0,"max_hp_loss":0,"event_name":"Purifier","floor":21,"gold_loss":0}],"is_beta":false,"boss_relics":[{"not_picked":["Astrolabe","Velvet Choker"],"picked":"Fusion Hammer"}],"items_purged_floors":[],"is_endless":false,"potions_floor_spawned":[1,7,11,12,20,22],"killed_by":"Gremlin Leader","ascension_level":17}