{"gold_per_floor":[114,114,132,132,150,180,196,224,297,297,330,344,344,375,375,449,449,459,163,163,175,75,91,104,104,104,104,136,170,170,45,45,120,120,140,186,186,106,106,131,131,146,146,146,180,30,30,55,55,55,55,55,55,84,84],"floor_reached":55,"playtime":2598,"items_purged":["Strike_B","Defend_B","Defend_B","Strike_B"],"score":1625,"play_id":"b5d79517-05b1-4223-b900-65f38497bae3","local_time":"20190601124853","is_ascension_mode":true,"campfire_choices":[{"data":"Meteor Strike","floor":10,"key":"SMITH"},{"data":"Thunder Strike","floor":13,"key":"SMITH"},{"data":"Electrodynamics","floor":15,"key":"SMITH"},{"floor":25,"key":"RECALL"},{"floor":27,"key":"REST"},{"floor":30,"key":"REST"},{"floor":32,"key":"REST"},{"floor":41,"key":"REST"},{"floor":47,"key":"REST"},{"floor":49,"key":"REST"},{"floor":52,"key":"REST"}],"neow_cost":"NONE","seed_source_timestamp":0,"circlet_count":0,"master_deck":["AscendersBane","Strike_B","Strike_B","Defend_B","Defend_B","Zap","Dualcast","Self Repair","Sunder","Electrodynamics+1","Doom and Gloom","Meteor Strike+1","Undo","Thunder Strike+1","All For One","Doom and Gloom","Undo","Echo Form","Creative AI","Force Field","Undo+1","Skim+1"],"special_seed":0,"relics":["Snecko Eye","Singing Bowl","WingedGreaves","Kunai","Bag of Marbles","Bag of Preparation","Fusion Hammer","Tiny Chest","Omamori","Letter Opener","Blood Vial","Regal Pillow","Inserter","WarpedTongs","Happy Flower","Emotion Chip","Toxic Egg 2","Symbiotic Virus","Pantograph","Bottled Flame"],"potions_floor_usage":[55],"damage_taken":[{"damage":11.0,"enemies":"Jaw Worm","floor":1.0,"turns":5.0},{"damage":1.0,"enemies":"Cultist","floor":3.0,"turns":3.0},{"damage":0,"enemies":"Small Slimes","floor":5,"turns":2},{"damage":20,"enemies":"Lagavulin","floor":6,"turns":5},{"damage":14,"enemies":"Exordium Thugs","floor":7,"turns":2},{"damage":0,"enemies":"Gremlin Nob","floor":8,"turns":2},{"damage":7,"enemies":"Lagavulin","floor":11,"turns":4},{"damage":4,"enemies":"2 Fungi Beasts","floor":12,"turns":2},{"damage":10,"enemies":"3 Sentries","floor":14,"turns":2},{"damage":11,"enemies":"Hexaghost","floor":16,"turns":6},{"damage":0,"enemies":"Spheric Guardian","floor":18,"turns":3},{"damage":13,"enemies":"Shell Parasite","floor":21,"turns":3},{"damage":0,"enemies":"Centurion and Healer","floor":23,"turns":3},{"damage":0,"enemies":"3 Cultists","floor":24,"turns":1},{"damage":4,"enemies":"Book of Stabbing","floor":28,"turns":3},{"damage":7,"enemies":"Slavers","floor":29,"turns":2},{"damage":0,"enemies":"Collector","floor":33,"turns":4},{"damage":0,"enemies":"Orb Walker","floor":35,"turns":1},{"damage":79,"enemies":"Nemesis","floor":40,"turns":5},{"damage":0,"enemies":"3 Darklings","floor":42,"turns":1},{"damage":7,"enemies":"Giant Head","floor":45,"turns":5},{"damage":56,"enemies":"Nemesis","floor":48,"turns":5},{"damage":17,"enemies":"Awakened One","floor":50,"turns":7},{"damage":31,"enemies":"Shield and Spear","floor":54,"turns":5},{"damage":105,"enemies":"The Heart","floor":55,"turns":6}],"seed_played":"9024749874018531553","potions_obtained":[{"floor":5,"key":"PowerPotion"},{"floor":8,"key":"Explosive Potion"},{"floor":16,"key":"FocusPotion"},{"floor":21,"key":"FearPotion"},{"floor":33,"key":"FairyPotion"}],"is_trial":false,"path_per_floor":["M","?","M","?","M","E","M","E","T","R","E","M","R","E","R","B",null,"M","$","?","M","$","M","M","R","T","R","E","E","R","$","R","B",null,"M","T","?","$","?","E","R","M","T","T","E","$","R","E","R","B",null,"R","$","E","B"],"character_chosen":"DEFECT","items_purchased":["Tiny Chest","Doom and Gloom","Force Field"],"campfire_rested":7,"item_purchase_floors":[19,19,38],"current_hp_per_floor":[53,58,64,64,71,58,53,60,60,60,60,65,65,57,57,53,75,84,84,84,78,78,86,88,88,88,88,90,90,90,90,90,90,90,92,92,87,87,87,24,65,69,69,69,73,73,93,44,86,83,91,93,93,72,0],"gold":84,"neow_bonus":"BOSS_RELIC","is_prod":false,"is_daily":false,"chose_seed":false,"campfire_upgraded":3,"win_rate":0,"timestamp":1559418533,"path_taken":["M","?","M","?","M","E","?","E","T","R","E","M","R","E","R","BOSS","M","$","?","M","$","M","M","R","T","R","E","E","R","$","R","BOSS","M","?","?","$","?","E","R","?","T","?","E","$","R","E","R","BOSS","R","$","E","BOSS"],"build_version":"2019-01-23","purchased_purges":4,"victory":false,"max_hp_per_floor":[71,76,76,76,76,76,78,78,78,78,78,80,80,82,82,82,82,84,84,84,84,84,86,88,88,88,88,90,90,90,90,90,90,90,92,92,87,87,87,89,89,91,91,91,93,93,93,93,93,93,93,93,93,93,93],"card_choices":[{"not_picked":["Redo","Beam Cell"],"picked":"Self Repair","floor":1.0},{"not_picked":["Compile Driver","Turbo"],"picked":"Sunder","floor":3.0},{"not_picked":["Ball Lightning","Turbo"],"picked":"Doom and Gloom","floor":5},{"not_picked":["Conserve Battery","Cold Snap"],"picked":"Meteor Strike","floor":6},{"not_picked":["Coolheaded","Cold Snap","Go for the Eyes"],"picked":"Singing Bowl","floor":7},{"not_picked":["Conserve Battery","Hyperbeam"],"picked":"Undo","floor":8},{"not_picked":["Cold Snap","Streamline"],"picked":"Thunder Strike","floor":11},{"not_picked":["Gash","Turbo","Beam Cell"],"picked":"Singing Bowl","floor":12},{"not_picked":["Ball Lightning","Machine Learning","Steam Power"],"picked":"Singing Bowl","floor":14},{"not_picked":["Multi-Cast","Core Surge"],"picked":"All For One","floor":16},{"not_picked":["Barrage","Ball Lightning","Turbo"],"picked":"Singing Bowl","floor":18},{"not_picked":["Ball Lightning","Gash"],"picked":"Undo","floor":21},{"not_picked":["Rip and Tear","Rebound","Leap"],"picked":"Singing Bowl","floor":23},{"not_picked":["Barrage","Go for the Eyes","Hologram+1"],"picked":"Singing Bowl","floor":24},{"not_picked":["Coolheaded","Gash+1","Rebound"],"picked":"Singing Bowl","floor":28},{"not_picked":["Lockon","Aggregate+1"],"picked":"Echo Form","floor":29},{"not_picked":["Rainbow","Echo Form"],"picked":"Creative AI","floor":33},{"not_picked":["Ball Lightning","Sweeping Beam","Coolheaded+1"],"picked":"Singing Bowl","floor":35},{"not_picked":["Steam Power","Steam","Go for the Eyes+1"],"picked":"Singing Bowl","floor":40},{"not_picked":["Scrape","Hologram","Steam"],"picked":"Singing Bowl","floor":42},{"not_picked":["Compile Driver","Go for the Eyes","Steam+1"],"picked":"Singing Bowl","floor":45},{"not_picked":["Stack+1","Chill+1"],"picked":"Undo+1","floor":48},{"not_picked":["Recycle+1","Lockon"],"picked":"Skim+1","floor":54}],"player_experience":1375788,"relics_obtained":[{"floor":6,"key":"Singing Bowl"},{"floor":8,"key":"WingedGreaves"},{"floor":9,"key":"Kunai"},{"floor":11,"key":"Bag of Marbles"},{"floor":14,"key":"Bag of Preparation"},{"floor":26,"key":"Letter Opener"},{"floor":28,"key":"Blood Vial"},{"floor":29,"key":"Regal Pillow"},{"floor":40,"key":"Happy Flower"},{"floor":43,"key":"Emotion Chip"},{"floor":44,"key":"Toxic Egg 2"},{"floor":45,"key":"Symbiotic Virus"},{"floor":48,"key":"Pantograph"},{"floor":54,"key":"Bottled Flame"}],"event_choices":[{"damage_healed":0.0,"max_hp_gain":5.0,"max_hp_loss":0.0,"gold_gain":0.0,"event_name":"Big Fish","player_choice":"Donut","floor":2.0,"gold_loss":0.0,"damage_taken":0.0},{"damage_healed":0,"gold_gain":0,"player_choice":"1 cards matched","damage_taken":0,"max_hp_gain":0,"max_hp_loss":0,"event_name":"Match and Keep!","floor":4,"gold_loss":0,"cards_obtained":["Electrodynamics"]},{"damage_healed":0,"gold_gain":0,"player_choice":"Gave Potion","damage_taken":0,"relics_obtained":["Omamori"],"max_hp_gain":0,"max_hp_loss":0,"event_name":"WeMeetAgain","floor":20,"gold_loss":0},{"damage_healed":0,"gold_gain":0,"player_choice":"Max HP","damage_taken":0,"max_hp_gain":0,"max_hp_loss":5,"event_name":"Winding Halls","floor":37,"gold_loss":0},{"damage_healed":0,"gold_gain":0,"player_choice":"Rummage","damage_taken":0,"relics_obtained":["WarpedTongs"],"max_hp_gain":0,"max_hp_loss":0,"event_name":"Accursed Blacksmith","floor":39,"gold_loss":0,"cards_obtained":["Pain"]}],"is_beta":false,"boss_relics":[{"not_picked":["Runic Pyramid","Lizard Tail"],"picked":"Fusion Hammer"},{"not_picked":["Astrolabe","Tiny House"],"picked":"Inserter"}],"items_purged_floors":[19,22,31,46],"is_endless":false,"potions_floor_spawned":[5,8,11,16,21,23,33,40,45],"killed_by":"The Heart","ascension_level":18}