{"gold_per_floor":[110,110,120,130,149,149,163,163,163,163,173,98,98,111,111,190,190,203,128,128,145,165,165,183,183,268,268],"floor_reached":27,"playtime":1330,"items_purged":["Strike_G"],"score":342,"play_id":"f9177f07-c152-44b9-baca-48ebf81f5115","local_time":"20190412001215","is_ascension_mode":true,"campfire_choices":[{"data":"Accuracy","floor":6,"key":"SMITH"},{"floor":8,"key":"REST"},{"data":"Cloak And Dagger","floor":10,"key":"SMITH"},{"floor":15,"key":"REST"},{"floor":23,"key":"REST"},{"floor":25,"key":"REST"}],"neow_cost":"CURSE","seed_source_timestamp":237583938717288,"circlet_count":0,"master_deck":["AscendersBane","Defend_G","Defend_G","Defend_G","Strike_G","Strike_G","Strike_G","Strike_G","Survivor","Neutralize","Quick Slash","Accuracy+1","Cloak And Dagger+1","Adrenaline","PiercingWail","Adrenaline","Expertise"],"relics":["Ring of the Snake","WingedGreaves","Pantograph","Philosopher\u0027s Stone","Tiny Chest"],"potions_floor_usage":[14,22,27],"damage_taken":[{"damage":2,"enemies":"2 Louse","floor":1,"turns":4},{"damage":0,"enemies":"Cultist","floor":3,"turns":4},{"damage":0,"enemies":"Small Slimes","floor":4,"turns":3},{"damage":10,"enemies":"Blue Slaver","floor":5,"turns":5},{"damage":31,"enemies":"Large Slime","floor":7,"turns":11},{"damage":33,"enemies":"Gremlin Gang","floor":11,"turns":5},{"damage":2,"enemies":"Exordium Thugs","floor":14,"turns":5},{"damage":43,"enemies":"The Guardian","floor":16,"turns":18},{"damage":10,"enemies":"3 Byrds","floor":18,"turns":7},{"damage":14,"enemies":"Spheric Guardian","floor":21,"turns":4},{"damage":9,"enemies":"Centurion and Healer","floor":22,"turns":9},{"damage":24,"enemies":"Shelled Parasite and Fungi","floor":24,"turns":6},{"damage":42,"enemies":"Book of Stabbing","floor":27,"turns":8}],"seed_played":"8811330655309127309","potions_obtained":[{"floor":4,"key":"Dexterity Potion"},{"floor":5,"key":"Regen Potion"},{"floor":11,"key":"GhostInAJar"},{"floor":16,"key":"Energy Potion"},{"floor":21,"key":"Block Potion"}],"is_trial":false,"path_per_floor":["M","?","M","M","M","R","M","R","T","R","M","$","?","M","R","B",null,"M","?","?","M","M","R","M","R","T","E"],"character_chosen":"THE_SILENT","items_purchased":[],"campfire_rested":4,"item_purchase_floors":[],"current_hp_per_floor":[61,61,61,61,51,51,20,41,41,41,8,8,1,11,32,14,56,46,46,46,32,23,44,20,41,41,0],"gold":268,"neow_bonus":"ONE_RARE_RELIC","is_prod":false,"is_daily":false,"chose_seed":false,"campfire_upgraded":2,"win_rate":0,"timestamp":1555053135,"path_taken":["M","?","M","M","M","R","M","R","T","R","M","?","?","M","R","BOSS","M","?","?","M","M","R","?","R","T","E"],"build_version":"2019-01-23","purchased_purges":1,"victory":false,"max_hp_per_floor":[70,70,70,70,70,70,70,70,70,70,70,70,70,70,70,70,70,70,70,70,70,70,70,70,70,70,70],"card_choices":[{"not_picked":["Backflip","Flechettes"],"picked":"Quick Slash","floor":1},{"not_picked":["Poisoned Stab","Blade Dance"],"picked":"Accuracy","floor":3},{"not_picked":["Blur","Prepared","Concentrate"],"picked":"SKIP","floor":4},{"not_picked":["Deflect","Bane"],"picked":"Cloak And Dagger","floor":5},{"not_picked":["Night Terror","Sucker Punch","Deadly Poison"],"picked":"SKIP","floor":7},{"not_picked":["Crippling Poison","Bane","Acrobatics"],"picked":"SKIP","floor":11},{"not_picked":["Prepared","Dagger Throw","Skewer"],"picked":"SKIP","floor":14},{"not_picked":["Grand Finale","Glass Knife"],"picked":"Adrenaline","floor":16},{"not_picked":["Sucker Punch","Noxious Fumes"],"picked":"PiercingWail","floor":18},{"not_picked":["Bane","Quick Slash","Deadly Poison+1"],"picked":"SKIP","floor":21},{"not_picked":["Bane","Flying Knee+1"],"picked":"Expertise","floor":22},{"not_picked":["Noxious Fumes","Phantasmal Killer","Poisoned Stab"],"picked":"SKIP","floor":24}],"player_experience":1275540,"relics_obtained":[{"floor":9,"key":"Pantograph"},{"floor":26,"key":"Tiny Chest"}],"event_choices":[{"cards_removed":["Normality"],"damage_healed":0,"gold_gain":0,"player_choice":"Removed Curses","damage_taken":0,"max_hp_gain":0,"max_hp_loss":0,"event_name":"Fountain of Cleansing","floor":2,"gold_loss":0},{"cards_removed":["Defend_G"],"damage_healed":0,"gold_gain":0,"player_choice":"Card Removal","damage_taken":7,"max_hp_gain":0,"max_hp_loss":0,"event_name":"Golden Wing","floor":13,"gold_loss":0},{"cards_removed":["Defend_G"],"damage_healed":0,"gold_gain":0,"player_choice":"Gave Gold","damage_taken":0,"max_hp_gain":0,"max_hp_loss":0,"event_name":"Beggar","floor":19,"gold_loss":75},{"damage_healed":0,"gold_gain":0,"player_choice":"Copied","damage_taken":0,"max_hp_gain":0,"max_hp_loss":0,"event_name":"Duplicator","floor":20,"gold_loss":0,"cards_obtained":["Adrenaline"]}],"is_beta":false,"boss_relics":[{"not_picked":["Runic Pyramid","Lizard Tail"],"picked":"Philosopher\u0027s Stone"}],"items_purged_floors":[12],"is_endless":false,"potions_floor_spawned":[4,5,11,16,21],"killed_by":"Book of Stabbing","ascension_level":13}