{"gold_per_floor":[113,38,50,63,63,88,88,114,114,128,128,128,152,52,52,182,182,198,198,123,35,50,50,63,63,63,82,82,126,176,176,176,176],"floor_reached":33,"playtime":1909,"items_purged":["Strike_R","Injury"],"score":369,"play_id":"15b51328-bbcd-4f67-a8a9-8db801074c3d","local_time":"20180820234900","is_ascension_mode":true,"campfire_choices":[{"floor":7,"key":"REST"},{"data":"Armaments","floor":12,"key":"SMITH"},{"floor":15,"key":"REST"},{"data":"Rampage","floor":23,"key":"SMITH"},{"floor":25,"key":"REST"},{"floor":28,"key":"REST"},{"floor":32,"key":"REST"}],"neow_cost":"CURSE","seed_source_timestamp":289956111192111,"circlet_count":0,"master_deck":["Strike_R","Strike_R","Defend_R+1","Defend_R","Defend_R","Bash+1","Parasite","Fiend Fire","Armaments+1","Rampage+1","Fiend Fire","Feed","Impatience"],"relics":["Burning Blood","Juzu Bracelet","Incense Burner","Letter Opener","Golden Idol","Empty Cage","Dodecahedron","Frozen Egg 2"],"potions_floor_usage":[16,24,29,29],"damage_taken":[{"damage":8,"enemies":"Small Slimes","floor":1,"turns":3},{"damage":13,"enemies":"Jaw Worm","floor":3,"turns":4},{"damage":1,"enemies":"Cultist","floor":4,"turns":3},{"damage":31,"enemies":"Lagavulin","floor":6,"turns":6},{"damage":22,"enemies":"3 Sentries","floor":8,"turns":11},{"damage":8,"enemies":"Exordium Thugs","floor":10,"turns":5},{"damage":9,"enemies":"2 Fungi Beasts","floor":13,"turns":6},{"damage":39,"enemies":"The Guardian","floor":16,"turns":9},{"damage":23,"enemies":"Spheric Guardian","floor":18,"turns":4},{"damage":28,"enemies":"Shell Parasite","floor":22,"turns":10},{"damage":16,"enemies":"Snake Plant","floor":24,"turns":4},{"damage":34,"enemies":"Cultist and Chosen","floor":27,"turns":8},{"damage":46,"enemies":"Gremlin Leader","floor":29,"turns":11},{"damage":38,"enemies":"Automaton","floor":33,"turns":4}],"seed_played":"4734530049394558361","potions_obtained":[{"floor":3,"key":"Ancient Potion"},{"floor":8,"key":"SkillPotion"},{"floor":10,"key":"Weak Potion"},{"floor":22,"key":"Poison Potion"},{"floor":27,"key":"EssenceOfSteel"},{"floor":29,"key":"Weak Potion"}],"is_trial":false,"path_per_floor":["M","$","M","M","?","E","R","E","T","M","?","R","M","$","R","B",null,"M","$","?","$","M","R","M","R","T","M","R","E","?","?","R"],"character_chosen":"IRONCLAD","items_purchased":["Impatience"],"campfire_rested":5,"item_purchase_floors":[21],"current_hp_per_floor":[70,70,63,68,52,27,51,35,35,33,33,33,30,30,54,21,65,52,52,52,52,34,34,24,50,50,22,48,8,8,8,34,0],"gold":176,"neow_bonus":"THREE_RARE_CARDS","is_prod":false,"is_daily":false,"chose_seed":false,"campfire_upgraded":2,"win_rate":0,"timestamp":1534834140,"path_taken":["M","$","M","M","?","E","R","E","T","M","?","R","M","$","R","BOSS","M","$","?","$","M","R","M","R","T","M","R","E","?","?","R","BOSS"],"build_version":"2018-08-16","purchased_purges":2,"victory":false,"max_hp_per_floor":[80,80,80,80,80,80,80,80,80,80,80,80,80,80,80,80,80,84,84,84,84,88,88,88,88,88,88,88,88,88,88,88,88],"card_choices":[{"not_picked":["Impervious","Exhume"],"picked":"Fiend Fire","floor":0},{"not_picked":["Entrench","Cleave"],"picked":"Armaments","floor":1},{"not_picked":["Armaments","Rupture"],"picked":"Rampage","floor":3},{"not_picked":["Evolve","Thunderclap","Uppercut"],"picked":"SKIP","floor":4},{"not_picked":["Wild Strike","Pommel Strike"],"picked":"Fiend Fire","floor":6},{"not_picked":["Reaper","Cleave","True Grit"],"picked":"SKIP","floor":8},{"not_picked":["Cleave","Armaments","True Grit"],"picked":"SKIP","floor":10},{"not_picked":["Inflame","Heavy Blade","Havoc"],"picked":"SKIP","floor":13},{"not_picked":["Immolate","Brutality"],"picked":"Feed","floor":16},{"not_picked":["Pommel Strike","Clash+1","Combust"],"picked":"SKIP","floor":18},{"not_picked":["Rampage+1","Evolve","Ghostly Armor"],"picked":"SKIP","floor":22},{"not_picked":["Bloodletting","Evolve","Wild Strike"],"picked":"SKIP","floor":24},{"not_picked":["Flame Barrier+1","Whirlwind","Heavy Blade"],"picked":"SKIP","floor":27},{"not_picked":["Blood for Blood+1","Combust","Shrug It Off"],"picked":"SKIP","floor":29}],"player_experience":702403,"relics_obtained":[{"floor":6,"key":"Juzu Bracelet"},{"floor":8,"key":"Incense Burner"},{"floor":9,"key":"Letter Opener"},{"floor":26,"key":"Dodecahedron"},{"floor":29,"key":"Frozen Egg 2"}],"event_choices":[{"event_name":"Shining Light","player_choice":"Entered Light","floor":5,"damage_taken":0},{"event_name":"Golden Idol","player_choice":"Take Wound","floor":11,"damage_taken":0},{"event_name":"Beggar","player_choice":"Gave Gold","floor":20,"damage_taken":0},{"event_name":"The Joust","player_choice":"Bet on Murderer","floor":30,"damage_taken":0},{"event_name":"Vampires","player_choice":"Ignored","floor":31,"damage_taken":0}],"is_beta":false,"boss_relics":[{"not_picked":["Sozu","Velvet Choker"],"picked":"Empty Cage"}],"items_purged_floors":[2,14],"is_endless":false,"potions_floor_spawned":[3,8,10,13,22,27,29],"killed_by":"Automaton","ascension_level":7}