{"gold_per_floor":[115,44,63,74,24,24,99,24,24,24,39,39,39,0,0,105,105,118,131,131,7,7],"floor_reached":22,"playtime":423,"items_purged":["Strike_R","Strike_R"],"score":172,"play_id":"2ef2a538-ed49-48e2-bf18-b1a7a9c069dc","local_time":"20190712201241","is_ascension_mode":false,"campfire_choices":[{"data":"Flex","floor":6.0,"key":"SMITH"},{"data":"Inflame","floor":10,"key":"SMITH"},{"data":"Heavy Blade","floor":15,"key":"SMITH"}],"neow_cost":"PERCENT_DAMAGE","seed_source_timestamp":0,"circlet_count":0,"master_deck":["Strike_R","Strike_R","Defend_R","Defend_R","Bash","Reaper","Sword Boomerang","Inflame+1","Flex+1","Heavy Blade+1","Rupture","Limit Break","Thunderclap","Sword Boomerang","Necronomicurse","Heavy Blade"],"special_seed":0,"relics":["Burning Blood","Ornamental Fan","Empty Cage","Necronomicon"],"potions_floor_usage":[22],"damage_taken":[{"damage":10.0,"enemies":"Jaw Worm","floor":1.0,"turns":4.0},{"damage":5.0,"enemies":"Small Slimes","floor":3.0,"turns":3.0},{"damage":6.0,"enemies":"Cultist","floor":4.0,"turns":4.0},{"damage":10,"enemies":"Looter","floor":11,"turns":2},{"damage":35,"enemies":"Slime Boss","floor":16,"turns":7},{"damage":30,"enemies":"Spheric Guardian","floor":18,"turns":4},{"damage":37,"enemies":"3 Byrds","floor":19,"turns":5},{"damage":31,"enemies":"Shelled Parasite and Fungi","floor":22,"turns":3}],"seed_played":"-7567738041905247496","potions_obtained":[{"floor":4.0,"key":"Dexterity Potion"},{"floor":19,"key":"SkillPotion"}],"is_trial":false,"path_per_floor":["M","$","M","M","?","R","?","$","T","R","M","?","$","$","R","B",null,"M","M","?","$","M"],"character_chosen":"IRONCLAD","items_purchased":["Inflame","Rupture","Heavy Blade"],"campfire_rested":0,"item_purchase_floors":[2,14,21],"current_hp_per_floor":[52,52,61,70,70,70,62,62,62,62,58,63,63,63,63,41,85,61,36,20,20,0],"gold":7,"neow_bonus":"THREE_RARE_CARDS","is_prod":false,"is_daily":false,"chose_seed":false,"campfire_upgraded":3,"win_rate":0,"timestamp":1562987561,"path_taken":["M","$","M","M","?","R","?","$","T","R","?","?","?","$","R","BOSS","M","?","?","$","M"],"build_version":"2019-07-05","purchased_purges":2,"victory":false,"max_hp_per_floor":[80,80,80,80,80,80,80,80,80,80,80,85,85,85,85,85,85,85,85,85,85,85],"card_choices":[{"not_picked":["Demon Form","Dark Embrace"],"picked":"Reaper","floor":0.0},{"not_picked":["Wild Strike","Anger"],"picked":"Sword Boomerang","floor":1.0},{"not_picked":["Wild Strike","True Grit","Sever Soul"],"picked":"SKIP","floor":3.0},{"not_picked":["Heavy Blade","Perfected Strike"],"picked":"Flex","floor":4.0},{"not_picked":["Ghostly Armor","Dropkick"],"picked":"Heavy Blade","floor":11},{"not_picked":["Feed","Double Tap"],"picked":"Limit Break","floor":16},{"not_picked":["Ghostly Armor","Dropkick+1"],"picked":"Thunderclap","floor":18},{"not_picked":["Dual Wield","Armaments"],"picked":"Sword Boomerang","floor":19}],"player_experience":1440103,"relics_obtained":[{"floor":9,"key":"Ornamental Fan"},{"floor":20,"key":"Necronomicon"}],"event_choices":[{"cards_removed":["Defend_R"],"damage_healed":0.0,"max_hp_gain":0.0,"max_hp_loss":0.0,"gold_gain":0.0,"event_name":"The Cleric","player_choice":"Card Removal","floor":5.0,"gold_loss":50.0,"damage_taken":0.0},{"damage_healed":0,"gold_gain":75,"player_choice":"Touch","damage_taken":8,"max_hp_gain":0,"max_hp_loss":0,"event_name":"FaceTrader","floor":7,"gold_loss":0},{"damage_healed":0,"gold_gain":0,"player_choice":"Donut","damage_taken":0,"max_hp_gain":5,"max_hp_loss":0,"event_name":"Big Fish","floor":12,"gold_loss":0},{"damage_healed":0,"gold_gain":0,"player_choice":"Obtained Book","damage_taken":16,"max_hp_gain":0,"max_hp_loss":0,"event_name":"Cursed Tome","floor":20,"gold_loss":0}],"is_beta":false,"boss_relics":[{"not_picked":["Orrery","Coffee Dripper"],"picked":"Empty Cage"}],"items_purged_floors":[8,21],"is_endless":false,"potions_floor_spawned":[4,19],"killed_by":"Shelled Parasite and Fungi","ascension_level":0}