{"gold_per_floor":[110,130,16,28,28,28,56,56,79,110,125,143,156,170,170,275,275,286,305,205,205,224,224,255,455,535,535,569,586,586,618,618,713,713,727,727,747,423,433,433,462,462,512,524,111,111,144,155,155,155],"floor_reached":51,"playtime":5637,"items_purged":["Strike_B","Strike_B","Turbo"],"score":788,"play_id":"f91a4bb4-f059-4a1f-8329-296e78837032","local_time":"20190809164907","is_ascension_mode":true,"campfire_choices":[{"data":"Zap","floor":6.0,"key":"SMITH"},{"floor":15.0,"key":"REST"},{"floor":23.0,"key":"REST"},{"floor":27.0,"key":"REST"},{"data":"Conserve Battery","floor":30.0,"key":"SMITH"},{"data":"Coolheaded","floor":32.0,"key":"SMITH"},{"data":"Defragment","floor":40,"key":"SMITH"},{"floor":49,"key":"REST"}],"neow_cost":"NONE","seed_source_timestamp":0,"circlet_count":0,"master_deck":["Defend_B","Defend_B","Defend_B","Defend_B","Zap+1","Dualcast","Consume","Static Discharge","Conserve Battery+1","Echo Form","Hologram","Loop","BootSequence","Electrodynamics","Capacitor+1","Necronomicurse","Redo+1","Coolheaded+1","FTL","Echo Form","Redo+1","Leap","Undo","Defragment+1","Leap+1","Multi-Cast","Sunder","Master of Strategy","Undo","Rebound","Ball Lightning+1","Coolheaded+1"],"special_seed":0,"relics":["Cracked Core","Oddly Smooth Stone","DataDisk","Letter Opener","Philosopher\u0027s Stone","Necronomicon","Meat on the Bone","Girya","Ice Cream","Sozu","Mummified Hand","Art of War","Strawberry","Anchor"],"potions_floor_usage":[],"damage_taken":[{"damage":2.0,"enemies":"2 Louse","floor":1.0,"turns":2.0},{"damage":5.0,"enemies":"Small Slimes","floor":2.0,"turns":4.0},{"damage":5.0,"enemies":"Cultist","floor":4.0,"turns":4.0},{"damage":16.0,"enemies":"Lagavulin","floor":7.0,"turns":6.0},{"damage":4.0,"enemies":"3 Sentries","floor":10.0,"turns":7.0},{"damage":3.0,"enemies":"3 Louse","floor":11.0,"turns":2.0},{"damage":16.0,"enemies":"Large Slime","floor":12.0,"turns":4.0},{"damage":2.0,"enemies":"Red Slaver","floor":13.0,"turns":3.0},{"damage":2.0,"enemies":"Lots of Slimes","floor":14.0,"turns":3.0},{"damage":19.0,"enemies":"The Guardian","floor":16.0,"turns":8.0},{"damage":10.0,"enemies":"2 Thieves","floor":18.0,"turns":3.0},{"damage":12.0,"enemies":"Spheric Guardian","floor":19.0,"turns":4.0},{"damage":26.0,"enemies":"Shelled Parasite and Fungi","floor":22.0,"turns":7.0},{"damage":20.0,"enemies":"Gremlin Leader","floor":24.0,"turns":5.0},{"damage":13.0,"enemies":"Book of Stabbing","floor":28.0,"turns":5.0},{"damage":3.0,"enemies":"Centurion and Healer","floor":29.0,"turns":5.0},{"damage":24.0,"enemies":"Gremlin Leader","floor":31.0,"turns":6.0},{"damage":24.0,"enemies":"Collector","floor":33.0,"turns":8.0},{"damage":8.0,"enemies":"3 Shapes","floor":35.0,"turns":3.0},{"damage":13.0,"enemies":"Orb Walker","floor":37.0,"turns":5.0},{"damage":0,"enemies":"Transient","floor":39,"turns":5},{"damage":16,"enemies":"Reptomancer","floor":41,"turns":5},{"damage":13,"enemies":"Jaw Worm Horde","floor":44,"turns":3},{"damage":8,"enemies":"Nemesis","floor":47,"turns":7},{"damage":16,"enemies":"Writhing Mass","floor":48,"turns":4},{"damage":41,"enemies":"Awakened One","floor":50,"turns":10}],"seed_played":"3518530302030427815","potions_obtained":[{"floor":1.0,"key":"SteroidPotion"},{"floor":7.0,"key":"SkillPotion"},{"floor":11.0,"key":"Poison Potion"},{"floor":13.0,"key":"Dexterity Potion"},{"floor":16.0,"key":"FearPotion"},{"floor":19.0,"key":"Fire Potion"},{"floor":22.0,"key":"Swift Potion"},{"floor":24.0,"key":"Energy Potion"},{"floor":28.0,"key":"AttackPotion"},{"floor":33.0,"key":"FearPotion"}],"is_trial":false,"path_per_floor":["M","M","$","M","?","R","E","?","T","E","M","M","M","M","R","B",null,"M","M","$","?","M","R","E","?","T","R","E","M","R","E","R","B",null,"M","?","M","$","M","R","E","?","T","M","$","?","E","M","R","B",null],"character_chosen":"DEFECT","items_purchased":["Static Discharge","Leap","Undo","Defragment","Master of Strategy","Undo","Strawberry","Rebound"],"campfire_rested":4,"item_purchase_floors":[3,38,38,38,45,45,45,45],"current_hp_per_floor":[80,75,75,70,63,63,47,47,47,43,40,24,22,20,44,25,82,72,60,60,44,18,42,22,22,22,46,45,42,42,30,30,18,82,74,82,69,69,69,69,53,53,53,52,59,59,51,47,73,44],"gold":155,"neow_bonus":"TEN_PERCENT_HP_BONUS","is_prod":false,"is_daily":false,"chose_seed":false,"campfire_upgraded":4,"win_rate":0,"timestamp":1565362147,"path_taken":["M","M","$","M","?","R","E","?","T","E","?","M","M","M","R","BOSS","M","M","$","?","M","R","E","?","T","R","E","M","R","E","R","BOSS","M","?","?","$","M","R","E","?","T","M","$","?","E","?","R","BOSS"],"build_version":"2019-07-18","purchased_purges":3,"victory":true,"max_hp_per_floor":[82,82,82,82,82,82,82,82,82,82,82,82,82,82,82,82,82,82,82,82,82,82,82,82,82,82,82,82,82,82,82,82,82,82,82,82,82,82,82,82,82,82,82,82,89,89,89,89,89,89],"card_choices":[{"not_picked":["Glacier","Reprogram"],"picked":"Consume","floor":1.0},{"not_picked":["Gash","Compile Driver","Reprogram"],"picked":"SKIP","floor":2.0},{"not_picked":["Stack","Reprogram"],"picked":"Turbo","floor":4.0},{"not_picked":["Blizzard","Fusion"],"picked":"Conserve Battery","floor":7.0},{"not_picked":["Redo","FTL"],"picked":"Echo Form","floor":10.0},{"not_picked":["Stack","Chaos","Conserve Battery"],"picked":"SKIP","floor":11.0},{"not_picked":["Gash","Go for the Eyes"],"picked":"Hologram","floor":12.0},{"not_picked":["Consume","Rip and Tear"],"picked":"Loop","floor":13.0},{"not_picked":["Cold Snap","Redo"],"picked":"BootSequence","floor":14.0},{"not_picked":["Biased Cognition","Rainbow"],"picked":"Electrodynamics","floor":16.0},{"not_picked":["Cold Snap","Compile Driver","Turbo+1"],"picked":"SKIP","floor":18.0},{"not_picked":["Rebound","Beam Cell+1"],"picked":"Capacitor","floor":19.0},{"not_picked":["Streamline","Compile Driver+1"],"picked":"Redo+1","floor":22.0},{"not_picked":["White Noise","Creative AI"],"picked":"Coolheaded","floor":24.0},{"not_picked":["Stack","Rainbow","Steam"],"picked":"SKIP","floor":28.0},{"not_picked":["Heatsinks","Hello World"],"picked":"FTL","floor":29.0},{"not_picked":["Scrape","Hologram","Aggregate+1"],"picked":"SKIP","floor":31.0},{"not_picked":["Rainbow","Creative AI"],"picked":"Echo Form","floor":33.0},{"not_picked":["Self Repair","FTL"],"picked":"Redo+1","floor":35.0},{"not_picked":["FTL","Static Discharge+1","Redo+1"],"picked":"SKIP","floor":37.0},{"not_picked":["Genetic Algorithm+1","Recycle+1"],"picked":"Leap+1","floor":39},{"not_picked":["Stack+1","Scrape+1"],"picked":"Multi-Cast","floor":41},{"not_picked":["Redo+1","Stack"],"picked":"Sunder","floor":44},{"not_picked":["Leap+1","Streamline+1"],"picked":"Ball Lightning+1","floor":47},{"not_picked":["FTL","Darkness"],"picked":"Coolheaded+1","floor":48}],"player_experience":516388,"relics_obtained":[{"floor":7.0,"key":"Oddly Smooth Stone"},{"floor":9.0,"key":"DataDisk"},{"floor":10.0,"key":"Letter Opener"},{"floor":21.0,"key":"Necronomicon"},{"floor":26.0,"key":"Meat on the Bone"},{"floor":28.0,"key":"Girya"},{"floor":31.0,"key":"Ice Cream"},{"floor":41,"key":"Mummified Hand"},{"floor":43,"key":"Art of War"},{"floor":47,"key":"Anchor"}],"event_choices":[{"cards_removed":["Strike_B"],"damage_healed":0.0,"max_hp_gain":0.0,"max_hp_loss":0.0,"gold_gain":0.0,"event_name":"Golden Wing","player_choice":"Card Removal","floor":5.0,"gold_loss":0.0,"damage_taken":7.0},{"damage_healed":0.0,"max_hp_gain":0.0,"max_hp_loss":0.0,"gold_gain":0.0,"cards_transformed":["Strike_B"],"event_name":"Transmorgrifier","player_choice":"Transformed","floor":8.0,"gold_loss":0.0,"damage_taken":0.0,"cards_obtained":["Blizzard"]},{"damage_healed":0.0,"max_hp_gain":0.0,"max_hp_loss":0.0,"gold_gain":0.0,"event_name":"Cursed Tome","player_choice":"Obtained Book","floor":21.0,"gold_loss":0.0,"damage_taken":16.0},{"damage_healed":0.0,"max_hp_gain":0.0,"max_hp_loss":0.0,"gold_gain":200.0,"event_name":"Wheel of Change","player_choice":"Gold","floor":25.0,"gold_loss":0.0,"damage_taken":0.0},{"cards_removed":["Blizzard"],"damage_healed":8.0,"max_hp_gain":0.0,"max_hp_loss":0.0,"gold_gain":0.0,"event_name":"Bonfire Elementals","player_choice":"Offered Uncommon","floor":36.0,"gold_loss":0.0,"damage_taken":0.0},{"damage_healed":0,"gold_gain":0,"player_choice":"Ignored","damage_taken":0,"max_hp_gain":0,"max_hp_loss":0,"event_name":"Tomb of Lord Red Mask","floor":42,"gold_loss":0},{"damage_healed":0,"gold_gain":0,"player_choice":"Upgraded","damage_taken":0,"max_hp_gain":0,"max_hp_loss":0,"event_name":"Upgrade Shrine","floor":46,"gold_loss":0,"cards_upgraded":["Capacitor"]}],"is_beta":true,"boss_relics":[{"not_picked":["Ectoplasm","FrozenCore"],"picked":"Philosopher\u0027s Stone"},{"not_picked":["Orrery","Nuclear Battery"],"picked":"Sozu"}],"items_purged_floors":[3,20,38],"is_endless":false,"potions_floor_spawned":[1,7,11,13,16,19,22,24,28,33,39,41],"ascension_level":1}