{"gold_per_floor":[116,129,146,146,159,159,159,177,177,177,197,197,207,11,11,109,109,126,126,136,152,152,152,152,152,152,152,177,177,210,66,66,170,170,186,86,1085,1099,1111,1111,1111],"floor_reached":41,"playtime":3164,"items_purged":["Strike_R","Strike_R"],"score":471,"play_id":"54e5864b-d43f-4d1b-95aa-1e8286e395e4","local_time":"20190811113725","is_ascension_mode":false,"campfire_choices":[{"data":"Armaments","floor":6.0,"key":"SMITH"},{"data":"Demon Form","floor":10.0,"key":"SMITH"},{"data":"Havoc","floor":12.0,"key":"SMITH"},{"data":"Bash","floor":15.0,"key":"SMITH"},{"data":"Corruption","floor":23.0,"key":"SMITH"},{"floor":25.0,"key":"REST"},{"floor":27.0,"key":"REST"},{"floor":29.0,"key":"REST"},{"floor":32.0,"key":"REST"},{"floor":40,"key":"REST"}],"neow_cost":"NONE","seed_source_timestamp":0,"circlet_count":0,"master_deck":["Strike_R","Defend_R","Defend_R","Defend_R","Defend_R","Bash+1","Heavy Blade","Entrench","Armaments+1","Demon Form+1","Clothesline","Havoc+1","Dropkick","Feed","Shrug It Off+1","Corruption+1","J.A.X.","RitualDagger","Seeing Red","Reaper","Barricade","Normality","Normality","Whirlwind+1","Infernal Blade+1"],"special_seed":0,"relics":["Black Blood","Dodecahedron","Lee\u0027s Waffle","Nilry\u0027s Codex","Juzu Bracelet","Bottled Lightning","PreservedInsect","Eternal Feather"],"potions_floor_usage":[39,41,41],"damage_taken":[{"damage":10.0,"enemies":"Cultist","floor":1.0,"turns":4.0},{"damage":5.0,"enemies":"Small Slimes","floor":2.0,"turns":4.0},{"damage":6.0,"enemies":"2 Louse","floor":3.0,"turns":2.0},{"damage":15.0,"enemies":"Blue Slaver","floor":5.0,"turns":8.0},{"damage":22.0,"enemies":"3 Louse","floor":8.0,"turns":5.0},{"damage":13.0,"enemies":"Exordium Thugs","floor":11.0,"turns":5.0},{"damage":20.0,"enemies":"Exordium Wildlife","floor":13.0,"turns":6.0},{"damage":9.0,"enemies":"Slime Boss","floor":16.0,"turns":8.0},{"damage":3.0,"enemies":"Chosen","floor":18.0,"turns":5.0},{"damage":26.0,"enemies":"Shell Parasite","floor":20.0,"turns":5.0},{"damage":28.0,"enemies":"Snecko","floor":21.0,"turns":6.0},{"damage":58.0,"enemies":"Gremlin Leader","floor":28.0,"turns":7.0},{"damage":8.0,"enemies":"Book of Stabbing","floor":30.0,"turns":5.0},{"damage":52.0,"enemies":"Champ","floor":33.0,"turns":10.0},{"damage":55,"enemies":"3 Darklings","floor":35,"turns":12},{"damage":41,"enemies":"3 Shapes","floor":38,"turns":7},{"damage":46,"enemies":"3 Darklings","floor":39,"turns":9},{"damage":97,"enemies":"Nemesis","floor":41,"turns":6}],"seed_played":"4914685223036116050","potions_obtained":[{"floor":1.0,"key":"Energy Potion"},{"floor":8.0,"key":"Block Potion"},{"floor":11.0,"key":"Dexterity Potion"},{"floor":16.0,"key":"Swift Potion"},{"floor":21.0,"key":"Explosive Potion"},{"floor":28.0,"key":"Block Potion"},{"floor":33.0,"key":"LiquidBronze"},{"floor":35,"key":"SteroidPotion"},{"floor":39,"key":"Poison Potion"}],"is_trial":false,"path_per_floor":["M","M","M","?","M","R","?","M","T","R","M","R","M","$","R","B",null,"M","?","M","M","?","R","?","R","T","R","E","R","E","$","R","B",null,"M","$","?","M","M","R","E"],"character_chosen":"IRONCLAD","items_purchased":["Lee\u0027s Waffle","Reaper"],"campfire_rested":5,"item_purchase_floors":[14,31],"current_hp_per_floor":[76,77,77,70,61,61,80,64,64,64,57,57,43,87,87,84,87,87,71,58,40,40,40,34,61,61,88,40,67,69,69,90,54,93,66,66,66,50,32,75,0],"gold":1111,"neow_bonus":"REMOVE_CARD","is_prod":false,"is_daily":false,"chose_seed":false,"campfire_upgraded":5,"win_rate":0,"timestamp":1565494645,"path_taken":["M","M","?","?","M","R","?","M","T","R","M","R","M","$","R","BOSS","M","?","M","M","?","R","?","R","T","R","E","R","E","?","R","BOSS","M","$","?","M","M","R","E"],"build_version":"2019-07-17","purchased_purges":2,"victory":false,"max_hp_per_floor":[80,80,80,80,80,80,80,80,80,80,80,80,80,87,87,87,87,87,87,90,90,90,90,90,90,90,90,90,90,90,90,90,93,93,93,93,93,96,96,96,96],"card_choices":[{"not_picked":["Power Through","Sword Boomerang"],"picked":"Heavy Blade","floor":1.0},{"not_picked":["Sword Boomerang","True Grit"],"picked":"Entrench","floor":2.0},{"not_picked":["True Grit","Cleave"],"picked":"Armaments","floor":3.0},{"not_picked":["Wild Strike","Heavy Blade"],"picked":"Demon Form","floor":5.0},{"not_picked":["Havoc","True Grit"],"picked":"Clothesline","floor":8.0},{"not_picked":["Searing Blow","Warcry"],"picked":"Havoc","floor":11.0},{"not_picked":["Fire Breathing","Havoc"],"picked":"Dropkick","floor":13.0},{"not_picked":["Fiend Fire","Impervious"],"picked":"Feed","floor":16.0},{"not_picked":["Clothesline","Havoc","Iron Wave"],"picked":"SKIP","floor":18.0},{"not_picked":["Bludgeon","Twin Strike"],"picked":"Shrug It Off+1","floor":20.0},{"not_picked":["Perfected Strike+1","Cleave"],"picked":"Corruption","floor":21.0},{"not_picked":["Anger","Sever Soul+1","Rampage+1"],"picked":"SKIP","floor":28.0},{"not_picked":["Havoc+1","Sword Boomerang"],"picked":"Seeing Red","floor":30.0},{"not_picked":["Dark Embrace","Juggernaut"],"picked":"Barricade","floor":33.0},{"not_picked":["Searing Blow","Pummel+1","Dropkick+1"],"picked":"SKIP","floor":35},{"not_picked":["Bloodletting","Body Slam"],"picked":"Whirlwind+1","floor":38},{"not_picked":["True Grit","Inflame"],"picked":"Infernal Blade+1","floor":39}],"player_experience":44345,"relics_obtained":[{"floor":9.0,"key":"Dodecahedron"},{"floor":19.0,"key":"Nilry\u0027s Codex"},{"floor":26.0,"key":"Juzu Bracelet"},{"floor":28.0,"key":"Bottled Lightning"},{"floor":30.0,"key":"PreservedInsect"}],"event_choices":[{"cards_removed":["Strike_R"],"damage_healed":0.0,"max_hp_gain":0.0,"max_hp_loss":0.0,"gold_gain":0.0,"event_name":"Golden Wing","player_choice":"Card Removal","floor":4.0,"gold_loss":0.0,"damage_taken":7.0},{"damage_healed":26.0,"max_hp_gain":0.0,"max_hp_loss":0.0,"gold_gain":0.0,"event_name":"Big Fish","player_choice":"Banana","floor":7.0,"gold_loss":0.0,"damage_taken":0.0},{"damage_healed":0.0,"max_hp_gain":0.0,"max_hp_loss":0.0,"gold_gain":0.0,"event_name":"Cursed Tome","player_choice":"Obtained Book","floor":19.0,"gold_loss":0.0,"damage_taken":16.0},{"damage_healed":0.0,"max_hp_gain":0.0,"max_hp_loss":0.0,"gold_gain":0.0,"event_name":"Drug Dealer","player_choice":"Obtain J.A.X.","floor":22.0,"gold_loss":0.0,"damage_taken":0.0,"cards_obtained":["J.A.X."]},{"damage_healed":0.0,"max_hp_gain":0.0,"max_hp_loss":0.0,"gold_gain":0.0,"event_name":"Nest","player_choice":"Joined the Cult","floor":24.0,"gold_loss":0.0,"damage_taken":6.0,"cards_obtained":["RitualDagger"]},{"damage_healed":0,"gold_gain":999,"player_choice":"Gold","damage_taken":0,"max_hp_gain":0,"max_hp_loss":0,"event_name":"MindBloom","floor":37,"gold_loss":0,"cards_obtained":["Normality","Normality"]}],"is_beta":false,"boss_relics":[{"not_picked":["Ectoplasm","Calling Bell"],"picked":"Black Blood"},{"not_picked":["Runic Pyramid","Runic Dome"],"picked":"Eternal Feather"}],"items_purged_floors":[31,36],"is_endless":false,"potions_floor_spawned":[1,8,11,16,21,28,33,35,39],"killed_by":"Nemesis","ascension_level":0}