{"gold_per_floor":[109,123,141,160,172,172,185,185,212,41,76,76,87,114,114,211,211,223,242,242,253,40,40,73,88,112,112,142,159,159,174,174,269,269,281,294,310,310,34,34,134,134,134,160,160,173,0,0],"floor_reached":48,"playtime":6624,"items_purged":["Strike_B"],"score":566,"play_id":"c1c0da82-bfa3-4657-a46b-f0ab6f6c8bfa","local_time":"20190816152458","is_ascension_mode":false,"campfire_choices":[{"floor":6,"key":"REST"},{"data":"Zap","floor":8,"key":"SMITH"},{"data":"Dualcast","floor":12,"key":"SMITH"},{"floor":15,"key":"REST"},{"data":"Glacier","floor":23,"key":"SMITH"},{"data":"Seek","floor":27,"key":"SMITH"},{"data":"Electrodynamics","floor":32,"key":"SMITH"},{"data":"Darkness","floor":40,"key":"SMITH"},{"data":"Discovery","floor":45,"key":"SMITH"}],"neow_cost":"PERCENT_DAMAGE","seed_source_timestamp":66675898042200,"circlet_count":0,"master_deck":["Strike_B","Strike_B","Defend_B","Defend_B","Defend_B","Zap+1","Dualcast+1","Chill","Rip and Tear","Blizzard","Tempest","Hologram","Seek+1","Reinforced Body","White Noise","Electrodynamics+1","Sweeping Beam+1","Glacier+1","Gash+1","Discovery+1","Meteor Strike","Hologram","Reinforced Body+1","Sweeping Beam","Meteor Strike","Barrage+1","Defragment+1","Rebound+1","Coolheaded","Darkness+1","White Noise","Madness","Madness","Cold Snap+1","Undo"],"relics":["Cracked Core","Ancient Tea Set","Darkstone Periapt","Bag of Preparation","Eternal Feather","Bronze Scales","Bag of Marbles","Bottled Tornado","Coffee Dripper","Potion Belt","Nunchaku","Incense Burner","Bottled Flame","Red Mask"],"potions_floor_usage":[5,7,11,11,11,14,16,24,24,28,30,33,33,33,41],"damage_taken":[{"damage":7,"enemies":"Small Slimes","floor":1,"turns":3},{"damage":0,"enemies":"Cultist","floor":2,"turns":3},{"damage":0,"enemies":"Jaw Worm","floor":3,"turns":3},{"damage":4,"enemies":"2 Fungi Beasts","floor":4,"turns":3},{"damage":6,"enemies":"Exordium Wildlife","floor":5,"turns":7},{"damage":13,"enemies":"Exordium Thugs","floor":7,"turns":5},{"damage":1,"enemies":"3 Sentries","floor":11,"turns":5},{"damage":4,"enemies":"2 Fungi Beasts","floor":13,"turns":3},{"damage":19,"enemies":"Lagavulin","floor":14,"turns":7},{"damage":46,"enemies":"Slime Boss","floor":16,"turns":12},{"damage":0,"enemies":"3 Byrds","floor":18,"turns":1},{"damage":2,"enemies":"Shell Parasite","floor":19,"turns":8},{"damage":0,"enemies":"Chosen and Byrds","floor":21,"turns":6},{"damage":0,"enemies":"Gremlin Leader","floor":24,"turns":8},{"damage":7,"enemies":"3 Cultists","floor":25,"turns":4},{"damage":6,"enemies":"Book of Stabbing","floor":28,"turns":5},{"damage":0,"enemies":"Cultist and Chosen","floor":29,"turns":6},{"damage":0,"enemies":"Centurion and Healer","floor":30,"turns":1},{"damage":0,"enemies":"Snecko","floor":31,"turns":5},{"damage":32,"enemies":"Collector","floor":33,"turns":7},{"damage":0,"enemies":"Orb Walker","floor":35,"turns":3},{"damage":0,"enemies":"3 Shapes","floor":36,"turns":2},{"damage":8,"enemies":"Spire Growth","floor":37,"turns":5},{"damage":20,"enemies":"Mind Bloom Boss Battle","floor":41,"turns":8},{"damage":53,"enemies":"Giant Head","floor":44,"turns":9},{"damage":6,"enemies":"Sphere and 2 Shapes","floor":46,"turns":7},{"damage":18,"enemies":"Transient","floor":48,"turns":5}],"seed_played":"-4358305042118833295","potions_obtained":[{"floor":2,"key":"Block Potion"},{"floor":3,"key":"Energy Potion"},{"floor":4,"key":"SkillPotion"},{"floor":5,"key":"Strength Potion"},{"floor":11,"key":"Weak Potion"},{"floor":14,"key":"Dexterity Potion"},{"floor":16,"key":"SmokeBomb"},{"floor":19,"key":"Dexterity Potion"},{"floor":25,"key":"FocusPotion"},{"floor":28,"key":"Dexterity Potion"},{"floor":29,"key":"Regen Potion"},{"floor":31,"key":"FocusPotion"},{"floor":37,"key":"Poison Potion"},{"floor":44,"key":"FearPotion"},{"floor":46,"key":"SkillPotion"}],"is_trial":false,"path_per_floor":["M","M","M","M","M","R","M","R","T","$","E","R","M","E","R","B",null,"M","M","?","M","$","R","E","M","T","R","E","M","M","M","R","B",null,"M","M","M","?","$","R","?","?","T","E","R","M","?","M"],"character_chosen":"DEFECT","items_purchased":["LiquidBronze","Tempest","Hologram","Dexterity Potion","Discovery","Potion Belt","Coolheaded","Darkness"],"campfire_rested":2,"item_purchase_floors":[10,10,10,22,22,39,39,39],"current_hp_per_floor":[61,61,61,57,51,77,64,64,64,64,63,63,59,40,66,20,89,89,87,87,87,87,89,89,82,82,89,83,83,83,83,89,62,89,89,89,81,81,81,89,69,58,58,5,23,17,17,0],"gold":0,"neow_bonus":"TWENTY_PERCENT_HP_BONUS","is_prod":false,"is_daily":false,"chose_seed":false,"campfire_upgraded":7,"win_rate":0.0,"timestamp":1565983498,"path_taken":["M","M","M","M","M","R","M","R","T","$","E","R","M","E","R","BOSS","M","M","?","M","?","R","E","M","T","R","E","M","M","M","R","BOSS","M","M","M","?","$","R","?","?","T","E","R","M","?","M"],"build_version":"2019-07-17","purchased_purges":1,"victory":false,"max_hp_per_floor":[89,89,89,89,89,89,89,89,89,89,89,89,89,89,89,89,89,89,89,89,89,89,89,89,89,89,89,89,89,89,89,89,89,89,89,89,89,89,89,89,89,89,89,89,89,89,89,89],"card_choices":[{"not_picked":["Redo","Reprogram","Chaos"],"picked":"SKIP","floor":1},{"not_picked":["Compile Driver","Hologram","Stack"],"picked":"SKIP","floor":2},{"not_picked":["Hello World","Streamline"],"picked":"Chill","floor":3},{"not_picked":["Beam Cell","Lockon"],"picked":"Rip and Tear","floor":4},{"not_picked":["Steam Power","Barrage","Sweeping Beam"],"picked":"SKIP","floor":5},{"not_picked":["Conserve Battery","Streamline"],"picked":"Blizzard","floor":7},{"not_picked":["Ball Lightning","Barrage"],"picked":"Seek","floor":11},{"not_picked":["Reprogram","Conserve Battery"],"picked":"Reinforced Body","floor":13},{"not_picked":["Self Repair","Rainbow"],"picked":"White Noise","floor":14},{"not_picked":["Meteor Strike","Amplify"],"picked":"Electrodynamics","floor":16},{"not_picked":["Auto Shields","Compile Driver"],"picked":"Sweeping Beam+1","floor":18},{"not_picked":["Redo","Force Field"],"picked":"Glacier","floor":19},{"not_picked":["Cold Snap","Leap"],"picked":"Gash+1","floor":21},{"not_picked":["Redo","Skim+1"],"picked":"Meteor Strike","floor":24},{"not_picked":["BootSequence","Ball Lightning"],"picked":"Hologram","floor":25},{"not_picked":["Stack","Buffer"],"picked":"Reinforced Body+1","floor":28},{"not_picked":["Capacitor","Tempest"],"picked":"Sweeping Beam","floor":29},{"not_picked":["Beam Cell","BootSequence","Streamline"],"picked":"SKIP","floor":31},{"not_picked":["Thunder Strike","Echo Form"],"picked":"Meteor Strike","floor":33},{"not_picked":["Storm","Auto Shields+1"],"picked":"Barrage+1","floor":35},{"not_picked":["Steam Power+1","Stack"],"picked":"Defragment+1","floor":36},{"not_picked":["Go for the Eyes+1","Streamline+1"],"picked":"Rebound+1","floor":37},{"not_picked":["Beam Cell","Steam"],"picked":"White Noise","floor":41},{"not_picked":["Biased Cognition","Compile Driver+1"],"picked":"Cold Snap+1","floor":44},{"not_picked":["Go for the Eyes","Auto Shields"],"picked":"Undo","floor":46}],"player_experience":50430,"relics_obtained":[{"floor":9,"key":"Ancient Tea Set"},{"floor":11,"key":"Darkstone Periapt"},{"floor":14,"key":"Bag of Preparation"},{"floor":24,"key":"Bronze Scales"},{"floor":26,"key":"Bag of Marbles"},{"floor":28,"key":"Bottled Tornado"},{"floor":41,"key":"Nunchaku"},{"floor":43,"key":"Incense Burner"},{"floor":44,"key":"Bottled Flame"}],"event_choices":[{"cards_removed":["Strike_B"],"damage_healed":0,"gold_gain":0,"player_choice":"Card Removal","damage_taken":0,"max_hp_gain":0,"max_hp_loss":0,"event_name":"Wheel of Change","floor":20,"gold_loss":0},{"cards_removed":["Defend_B"],"damage_healed":0,"gold_gain":0,"player_choice":"Removed Skill","damage_taken":0,"max_hp_gain":0,"max_hp_loss":0,"event_name":"Falling","floor":38,"gold_loss":0},{"damage_healed":0,"gold_gain":0,"player_choice":"Fight","damage_taken":0,"max_hp_gain":0,"max_hp_loss":0,"event_name":"MindBloom","floor":41,"gold_loss":0},{"damage_healed":0,"gold_gain":0,"player_choice":"Embrace Madness","damage_taken":11,"max_hp_gain":0,"max_hp_loss":0,"event_name":"Winding Halls","floor":42,"gold_loss":0,"cards_obtained":["Madness","Madness"]},{"damage_healed":0,"gold_gain":0,"player_choice":"Paid","damage_taken":0,"relics_obtained":["Red Mask"],"max_hp_gain":0,"max_hp_loss":0,"event_name":"Tomb of Lord Red Mask","floor":47,"gold_loss":173}],"is_beta":false,"boss_relics":[{"not_picked":["Empty Cage","Philosopher\u0027s Stone"],"picked":"Eternal Feather"},{"not_picked":["Cursed Key","Velvet Choker"],"picked":"Coffee Dripper"}],"items_purged_floors":[22],"is_endless":false,"potions_floor_spawned":[2,3,4,5,11,14,16,19,25,28,29,30,31,37,44,46],"killed_by":"Transient","ascension_level":0}