{"gold_per_floor":[112,126,140,159,171,171,182,22,73,101,119,119,119,137,137,137],"floor_reached":16,"playtime":1206,"items_purged":[],"score":212,"play_id":"b43f79d5-a25d-4ff0-9a36-eb0dee1fcb54","local_time":"20190705234105","is_ascension_mode":true,"campfire_choices":[{"data":"Armaments","floor":6.0,"key":"SMITH"},{"floor":12.0,"key":"REST"},{"floor":15,"key":"REST"}],"neow_cost":"TEN_PERCENT_HP_LOSS","seed_source_timestamp":0,"circlet_count":0,"master_deck":["AscendersBane","Strike_R","Strike_R","Strike_R","Strike_R","Defend_R","Defend_R","Defend_R","Bash","Double Tap","Blood for Blood","Flex","Armaments+1","Combust","Flex","Bloodletting","Metallicize"],"special_seed":0,"relics":["Burning Blood","Blood Vial","Orichalcum","Omamori"],"potions_floor_usage":[16],"damage_taken":[{"damage":6.0,"enemies":"Cultist","floor":1.0,"turns":3.0},{"damage":7.0,"enemies":"Small Slimes","floor":2.0,"turns":4.0},{"damage":6.0,"enemies":"Jaw Worm","floor":3.0,"turns":4.0},{"damage":12.0,"enemies":"2 Fungi Beasts","floor":4.0,"turns":3.0},{"damage":22.0,"enemies":"Large Slime","floor":5.0,"turns":7.0},{"damage":22.0,"enemies":"Lots of Slimes","floor":7.0,"turns":4.0},{"damage":11.0,"enemies":"Lagavulin","floor":10.0,"turns":5.0},{"damage":22.0,"enemies":"3 Louse","floor":11.0,"turns":5.0},{"damage":11,"enemies":"Looter","floor":14,"turns":3},{"damage":58,"enemies":"Slime Boss","floor":16,"turns":8}],"seed_played":"7407917865236378376","potions_obtained":[{"floor":4.0,"key":"Block Potion"},{"floor":5.0,"key":"AttackPotion"},{"floor":10.0,"key":"Weak Potion"},{"floor":11.0,"key":"LiquidBronze"}],"is_trial":false,"path_per_floor":["M","M","M","M","M","R","M","$","T","E","M","R","?","M","R","B"],"character_chosen":"IRONCLAD","items_purchased":["Blood Vial"],"campfire_rested":2,"item_purchase_floors":[8],"current_hp_per_floor":[68,67,67,61,45,45,29,29,29,26,12,32,32,29,49,0],"gold":137,"neow_bonus":"TRANSFORM_TWO_CARDS","is_prod":false,"is_daily":false,"chose_seed":false,"campfire_upgraded":1,"win_rate":0,"timestamp":1562395265,"path_taken":["M","M","M","M","M","R","M","$","T","E","M","R","?","M","R","BOSS"],"build_version":"2019-07-05","purchased_purges":0,"victory":false,"max_hp_per_floor":[68,68,68,68,68,68,68,68,68,68,68,68,68,68,68,68],"card_choices":[{"not_picked":["Pommel Strike","Thunderclap","Feel No Pain"],"picked":"SKIP","floor":1.0},{"not_picked":["Heavy Blade","Burning Pact"],"picked":"Flex","floor":2.0},{"not_picked":["Clothesline","Clash","Whirlwind"],"picked":"SKIP","floor":3.0},{"not_picked":["Searing Blow","Clash"],"picked":"Armaments","floor":4.0},{"not_picked":["Dropkick","Perfected Strike"],"picked":"Combust","floor":5.0},{"not_picked":["Carnage","Infernal Blade","Anger"],"picked":"SKIP","floor":7.0},{"not_picked":["Warcry","Shockwave"],"picked":"Flex","floor":10.0},{"not_picked":["Berserk","Carnage"],"picked":"Bloodletting","floor":11.0},{"not_picked":["Shrug It Off","Flex"],"picked":"Metallicize","floor":14}],"player_experience":1422632,"relics_obtained":[{"floor":9.0,"key":"Orichalcum"},{"floor":10.0,"key":"Omamori"}],"event_choices":[{"damage_healed":0,"gold_gain":0,"player_choice":"Leave","damage_taken":0,"max_hp_gain":0,"max_hp_loss":0,"event_name":"FaceTrader","floor":13,"gold_loss":0}],"is_beta":false,"boss_relics":[],"items_purged_floors":[],"is_endless":false,"potions_floor_spawned":[4,5,10,11],"killed_by":"Slime Boss","ascension_level":20}