{"gold_per_floor":[115,131,56,72,72,99,99,111,111,111,111,111,129,129,129,230,230,243,254,254,254,254,254,282,282,282,282,282,282],"floor_reached":29,"playtime":1621,"items_purged":["Strike_R"],"score":266,"play_id":"09768268-d9e6-4ee4-8197-058ff10d1255","local_time":"20190810173759","is_ascension_mode":false,"campfire_choices":[{"data":"Heavy Blade","floor":7,"key":"SMITH"},{"floor":11,"key":"REST"},{"floor":15,"key":"REST"},{"data":"Searing Blow","floor":23,"key":"SMITH"}],"neow_cost":"NONE","seed_source_timestamp":14096452394300,"circlet_count":0,"master_deck":["Defend_R","Defend_R","Defend_R","Defend_R","Bash","Heavy Blade+1","Evolve","Armaments","Double Tap","Bash","Juggernaut","Searing Blow+1","Whirlwind","J.A.X.","Bite","Bite","Bite","Bite","Bite"],"relics":["Burning Blood","Vajra","Regal Pillow","Bronze Scales","Velvet Choker","Mummified Hand","CultistMask"],"potions_floor_usage":[16,16,24,24,25],"damage_taken":[{"damage":1,"enemies":"Cultist","floor":1,"turns":3},{"damage":6,"enemies":"Jaw Worm","floor":2,"turns":3},{"damage":5,"enemies":"2 Louse","floor":4,"turns":2},{"damage":54,"enemies":"Lagavulin","floor":6,"turns":7},{"damage":22,"enemies":"Gremlin Gang","floor":8,"turns":7},{"damage":14,"enemies":"Blue Slaver","floor":13,"turns":3},{"damage":58,"enemies":"Slime Boss","floor":16,"turns":11},{"damage":23,"enemies":"3 Byrds","floor":18,"turns":3},{"damage":0,"enemies":"Chosen","floor":19,"turns":4},{"damage":66,"enemies":"Slavers","floor":24,"turns":6},{"damage":3,"enemies":"Snecko","floor":25,"turns":3},{"damage":20,"enemies":"Gremlin Leader","floor":29,"turns":2}],"seed_played":"-5626792562807422290","potions_obtained":[{"floor":8,"key":"AttackPotion"},{"floor":13,"key":"Fire Potion"},{"floor":16,"key":"SkillPotion"},{"floor":18,"key":"Fire Potion"},{"floor":24,"key":"SmokeBomb"}],"is_trial":false,"path_per_floor":["M","M","$","M","?","E","R","M","T","?","R","?","M","?","R","B",null,"M","M","?","?","?","R","E","M","T","?","?","E"],"character_chosen":"IRONCLAD","items_purchased":[],"campfire_rested":2,"item_purchase_floors":[],"current_hp_per_floor":[80,80,80,80,80,32,32,16,16,9,48,48,40,40,79,27,80,63,69,69,69,69,69,9,12,12,12,12,0],"gold":282,"neow_bonus":"RANDOM_COMMON_RELIC","is_prod":false,"is_daily":false,"chose_seed":false,"campfire_upgraded":2,"win_rate":0.0,"timestamp":1565429879,"path_taken":["M","?","$","M","?","E","R","M","T","?","R","?","?","?","R","BOSS","M","M","?","?","?","R","E","M","T","?","?","E"],"build_version":"2019-07-17","purchased_purges":1,"victory":false,"max_hp_per_floor":[80,80,80,80,80,80,80,80,80,80,80,80,80,80,80,80,80,80,80,80,80,80,80,80,80,80,80,80,80],"card_choices":[{"not_picked":["Dropkick","Clash"],"picked":"Heavy Blade","floor":1},{"not_picked":["Warcry","Clothesline"],"picked":"Evolve","floor":2},{"not_picked":["True Grit","Pommel Strike"],"picked":"Armaments","floor":4},{"not_picked":["Anger","Seeing Red"],"picked":"Double Tap","floor":6},{"not_picked":["Dropkick","Heavy Blade","Body Slam"],"picked":"SKIP","floor":8},{"not_picked":["Reckless Charge","Sword Boomerang","Heavy Blade"],"picked":"SKIP","floor":13},{"not_picked":["Brutality","Dark Embrace"],"picked":"Juggernaut","floor":16},{"not_picked":["Feel No Pain","Sword Boomerang"],"picked":"Searing Blow","floor":18},{"not_picked":["Power Through","Clash","Sword Boomerang+1"],"picked":"SKIP","floor":19},{"not_picked":["Clash+1","Iron Wave","Twin Strike"],"picked":"SKIP","floor":24}],"player_experience":29388,"relics_obtained":[{"floor":6,"key":"Regal Pillow"},{"floor":9,"key":"Bronze Scales"},{"floor":24,"key":"Mummified Hand"},{"floor":26,"key":"Blood Vial"}],"event_choices":[{"damage_healed":0,"gold_gain":0,"player_choice":"Ignored","damage_taken":0,"max_hp_gain":0,"max_hp_loss":0,"event_name":"Golden Idol","floor":5,"gold_loss":0},{"cards_removed":["Strike_R"],"damage_healed":0,"gold_gain":0,"player_choice":"Card Removal","damage_taken":7,"max_hp_gain":0,"max_hp_loss":0,"event_name":"Golden Wing","floor":10,"gold_loss":0},{"damage_healed":0,"gold_gain":0,"player_choice":"1 cards matched","damage_taken":0,"max_hp_gain":0,"max_hp_loss":0,"event_name":"Match and Keep!","floor":12,"gold_loss":0,"cards_obtained":["Bash"]},{"damage_healed":0,"gold_gain":0,"player_choice":"Ignored","damage_taken":0,"max_hp_gain":0,"max_hp_loss":0,"event_name":"Shining Light","floor":14,"gold_loss":0},{"damage_healed":0,"gold_gain":0,"player_choice":"Read","damage_taken":0,"max_hp_gain":0,"max_hp_loss":0,"event_name":"The Library","floor":20,"gold_loss":0,"cards_obtained":["Whirlwind"]},{"cards_removed":["Strike_R"],"damage_healed":0,"gold_gain":0,"player_choice":"Elegance","damage_taken":0,"max_hp_gain":0,"max_hp_loss":0,"event_name":"Back to Basics","floor":21,"gold_loss":0},{"damage_healed":0,"gold_gain":0,"player_choice":"Obtain J.A.X.","damage_taken":0,"max_hp_gain":0,"max_hp_loss":0,"event_name":"Drug Dealer","floor":22,"gold_loss":0,"cards_obtained":["J.A.X."]},{"damage_healed":0,"gold_gain":0,"player_choice":"Became a vampire (Vial)","damage_taken":0,"max_hp_gain":0,"max_hp_loss":0,"event_name":"Vampires","floor":27,"relics_lost":["Blood Vial"],"gold_loss":0,"cards_obtained":["Bite","Bite","Bite","Bite","Bite"]},{"damage_healed":0,"gold_gain":0,"player_choice":"Trade","damage_taken":0,"relics_obtained":["CultistMask"],"max_hp_gain":0,"max_hp_loss":0,"event_name":"FaceTrader","floor":28,"gold_loss":0}],"is_beta":false,"boss_relics":[{"not_picked":["Runic Pyramid","Orrery"],"picked":"Velvet Choker"}],"items_purged_floors":[3],"is_endless":false,"potions_floor_spawned":[8,13,16,18,24],"killed_by":"Gremlin Leader","ascension_level":0}