{"gold_per_floor":[119,194,205,79,98,98,123,123,195,145,164,181,210,220,220,323,323,334,354,354,371,0,0,29,29,29,29,47,66,82,96,96,196,196,213,88,163,163,180,180,30,30,81,92,92,111,162,177,177,177],"floor_reached":51,"playtime":3467,"items_purged":["Strike_R","Strike_R","Defend_R","Defend_R"],"score":952,"play_id":"a22e746f-d78d-4bb3-a713-895dd04b23ef","local_time":"20180829212224","is_ascension_mode":true,"campfire_choices":[{"data":"Flex","floor":6.0,"key":"SMITH"},{"data":"Limit Break","floor":8.0,"key":"SMITH"},{"data":"Armaments","floor":15.0,"key":"SMITH"},{"data":"Inflame","floor":23.0,"key":"SMITH"},{"data":"Spot Weakness","floor":27.0,"key":"SMITH"},{"floor":32.0,"key":"REST"},{"data":"Offering","floor":40,"key":"SMITH"},{"data":"Feed","floor":42,"key":"SMITH"},{"floor":49,"key":"REST"}],"neow_cost":"NONE","seed_source_timestamp":0,"circlet_count":0,"master_deck":["Strike_R","Bash","Limit Break+1","Twin Strike","Sword Boomerang","Flex+1","Clash+1","Clash","Sword Boomerang","Armaments+1","Pummel+1","Feed","Feed+1","Flex+1","Spot Weakness+1","Flex","Inflame+1","Twin Strike","Flex","Flex","Offering+1","Clash+1","Twin Strike","Spot Weakness+1","Pummel"],"special_seed":0,"relics":["Burning Blood","Red Skull","Pear","Whetstone","Empty Cage","Pen Nib","Question Card","Letter Opener","Eternal Feather","Potion Belt","Turnip","Thread and Needle"],"potions_floor_usage":[50,50,50,50],"damage_taken":[{"damage":8.0,"enemies":"2 Louse","floor":1.0,"turns":3.0},{"damage":0.0,"enemies":"Small Slimes","floor":3.0,"turns":3.0},{"damage":2.0,"enemies":"Jaw Worm","floor":5.0,"turns":3.0},{"damage":40.0,"enemies":"Lagavulin","floor":7.0,"turns":5.0},{"damage":0.0,"enemies":"Exordium Wildlife","floor":11.0,"turns":2.0},{"damage":0.0,"enemies":"Large Slime","floor":12.0,"turns":2.0},{"damage":10.0,"enemies":"3 Sentries","floor":13.0,"turns":4.0},{"damage":0.0,"enemies":"3 Louse","floor":14.0,"turns":2.0},{"damage":22.0,"enemies":"The Guardian","floor":16.0,"turns":8.0},{"damage":21.0,"enemies":"Shell Parasite","floor":18.0,"turns":3.0},{"damage":10.0,"enemies":"3 Byrds","floor":19.0,"turns":7.0},{"damage":28.0,"enemies":"Centurion and Healer","floor":21.0,"turns":4.0},{"damage":22.0,"enemies":"Slavers","floor":24.0,"turns":4.0},{"damage":20.0,"enemies":"Shelled Parasite and Fungi","floor":28.0,"turns":3.0},{"damage":5.0,"enemies":"Snecko","floor":29.0,"turns":3.0},{"damage":7.0,"enemies":"Cultist and Chosen","floor":30.0,"turns":2.0},{"damage":27.0,"enemies":"Shelled Parasite and Fungi","floor":31.0,"turns":3.0},{"damage":21.0,"enemies":"Automaton","floor":33.0,"turns":5.0},{"damage":0.0,"enemies":"3 Darklings","floor":35.0,"turns":2.0},{"damage":6,"enemies":"3 Shapes","floor":39,"turns":2},{"damage":36,"enemies":"Maw","floor":44,"turns":3},{"damage":54,"enemies":"Mind Bloom Boss Battle","floor":45,"turns":3},{"damage":9,"enemies":"4 Shapes","floor":46,"turns":1},{"damage":6,"enemies":"Mysterious Sphere","floor":47,"turns":3},{"damage":33,"enemies":"Flame Bruiser 2 Orb","floor":48,"turns":3},{"damage":54,"enemies":"Donu and Deca","floor":50,"turns":3}],"seed_played":"-6070041114756379191","potions_obtained":[{"floor":1.0,"key":"SpeedPotion"},{"floor":3.0,"key":"EntropicBrew"},{"floor":12.0,"key":"Block Potion"},{"floor":16.0,"key":"Swift Potion"},{"floor":18.0,"key":"SkillPotion"},{"floor":21.0,"key":"SteroidPotion"},{"floor":33.0,"key":"Strength Potion"},{"floor":35.0,"key":"BloodPotion"},{"floor":39,"key":"Fire Potion"},{"floor":44,"key":"Strength Potion"}],"is_trial":false,"path_per_floor":["M","?","M","$","M","R","E","R","T","?","M","M","E","M","R","B",null,"M","M","?","M","$","R","E","?","T","R","M","M","M","M","R","B",null,"M","$","?","?","M","R","$","R","T","M","?","M","?","M","R","B"],"character_chosen":"IRONCLAD","items_purchased":["Flex","Flex","Inflame","Pen Nib"],"campfire_rested":2,"item_purchase_floors":[4,22,22,22],"current_hp_per_floor":[70,59,65,65,69,69,35,35,45,45,51,57,53,59,59,46,81,66,69,69,50,50,50,40,40,40,40,29,33,32,15,50,39,102,108,108,96,96,103,115,115,127,127,97,49,50,54,27,83,52],"gold":177,"neow_bonus":"ONE_RANDOM_RARE_CARD","is_prod":false,"is_daily":false,"chose_seed":false,"campfire_upgraded":7,"win_rate":0,"timestamp":1535602944,"path_taken":["M","?","M","$","M","R","E","R","T","?","?","M","E","M","R","BOSS","M","M","?","M","$","R","E","?","T","R","M","M","?","?","R","BOSS","M","?","?","?","M","R","$","R","T","M","?","?","?","M","R","BOSS"],"build_version":"2018-08-23v2","purchased_purges":4,"victory":true,"max_hp_per_floor":[80,80,80,80,80,80,80,80,90,90,90,90,90,90,90,93,93,93,100,100,103,103,103,109,109,109,109,112,115,115,119,119,123,123,123,123,123,123,130,130,130,130,130,130,130,134,138,138,138,142],"card_choices":[{"not_picked":["Combust","Warcry"],"picked":"Twin Strike","floor":1.0},{"not_picked":["Bloodletting","Twin Strike"],"picked":"Sword Boomerang","floor":3.0},{"not_picked":["Iron Wave","Wild Strike"],"picked":"Clash","floor":5.0},{"not_picked":["Infernal Blade","Rampage"],"picked":"Clash","floor":7.0},{"not_picked":["Rampage","Shrug It Off"],"picked":"Sword Boomerang","floor":11.0},{"not_picked":["Uppercut","Thunderclap"],"picked":"Armaments","floor":12.0},{"not_picked":["Blood for Blood","Shrug It Off"],"picked":"Pummel","floor":13.0},{"not_picked":["Clash","Perfected Strike"],"picked":"Feed","floor":14.0},{"not_picked":["Exhume","Barricade"],"picked":"Feed","floor":16.0},{"not_picked":["Pommel Strike","Cleave"],"picked":"Flex+1","floor":18.0},{"not_picked":["Cleave","Anger","Feel No Pain"],"picked":"SKIP","floor":19.0},{"not_picked":["Sentinel","Anger+1"],"picked":"Spot Weakness","floor":21.0},{"not_picked":["Intimidate","Anger","Body Slam+1"],"picked":"SKIP","floor":24.0},{"not_picked":["Intimidate+1","Burning Pact+1","Rampage"],"picked":"Twin Strike","floor":28.0},{"not_picked":["Evolve","Combust","Shrug It Off"],"picked":"Flex","floor":29.0},{"not_picked":["Juggernaut","Blood for Blood","Clothesline","Infernal Blade+1"],"picked":"SKIP","floor":30.0},{"not_picked":["Pommel Strike","Thunderclap","Dropkick"],"picked":"Flex","floor":31.0},{"not_picked":["Berserk","Dark Embrace","Reaper"],"picked":"Offering","floor":33.0},{"not_picked":["Disarm+1","Metallicize+1","Perfected Strike","Iron Wave+1"],"picked":"SKIP","floor":35.0},{"not_picked":["Warcry","Infernal Blade+1","Havoc"],"picked":"Clash+1","floor":39},{"not_picked":["Ghostly Armor","Headbutt","Double Tap","Rage+1"],"picked":"SKIP","floor":44},{"not_picked":["Warcry","Pommel Strike+1","Carnage"],"picked":"Twin Strike","floor":45},{"not_picked":["Thunderclap","Headbutt","Armaments+1"],"picked":"Spot Weakness+1","floor":46},{"not_picked":["Thunderclap","Armaments","Iron Wave+1"],"picked":"Pummel","floor":48}],"player_experience":730131,"relics_obtained":[{"floor":7.0,"key":"Red Skull"},{"floor":9.0,"key":"Pear"},{"floor":13.0,"key":"Whetstone"},{"floor":24.0,"key":"Question Card"},{"floor":26.0,"key":"Letter Opener"},{"floor":43,"key":"Potion Belt"},{"floor":45,"key":"Turnip"},{"floor":47,"key":"Thread and Needle"}],"event_choices":[{"event_name":"World of Goop","player_choice":"Gather Gold","floor":2.0,"damage_taken":0.0},{"event_name":"The Cleric","player_choice":"Card Removal","floor":10.0,"damage_taken":0.0},{"event_name":"Vampires","player_choice":"Ignored","floor":20.0,"damage_taken":0.0},{"event_name":"Ghosts","player_choice":"Ignored","floor":25.0,"damage_taken":0.0},{"event_name":"FaceTrader","player_choice":"Touch","floor":37,"damage_taken":0},{"event_name":"Wheel of Change","player_choice":"Card Removal","floor":38,"damage_taken":0},{"event_name":"MindBloom","player_choice":"Fight","floor":45,"damage_taken":0},{"event_name":"Mysterious Sphere","player_choice":"Fight","floor":47,"damage_taken":0}],"is_beta":false,"boss_relics":[{"not_picked":["Ectoplasm","Coffee Dripper"],"picked":"Empty Cage"},{"not_picked":["Tiny House","Astrolabe"],"picked":"Eternal Feather"}],"items_purged_floors":[4,22,36,41],"is_endless":false,"potions_floor_spawned":[1,3,12,13,16,18,19,21,33,35,39,44],"ascension_level":7}