{"gold_per_floor":[115,190,208,60,79,110,126,76,122,157,176,176,191,219,219,323,323,339,103,28,46,64,99,58,58,58,58,58,86,97,123,123,225,225,243,69,79,92,109,109,0,20,20,45,65,65,84,114,114,114],"floor_reached":51,"playtime":6706,"items_purged":["Strike_B","Strike_B","Zap"],"score":1080,"play_id":"62fbed68-7e27-4009-9896-50d16707df02","local_time":"20180817171801","is_ascension_mode":true,"campfire_choices":[{"floor":12.0,"key":"REST"},{"data":"Turbo","floor":15.0,"key":"SMITH"},{"data":"Loop","floor":25.0,"key":"SMITH"},{"data":"Hyperbeam","floor":27.0,"key":"SMITH"},{"data":"Genetic Algorithm","floor":32.0,"key":"SMITH"},{"data":"Sunder","floor":40,"key":"SMITH"},{"data":"Sunder","floor":46,"key":"SMITH"},{"data":"Double Energy","floor":49,"key":"SMITH"}],"neow_cost":"NONE","seed_source_timestamp":0,"circlet_count":0,"master_deck":["Strike_B","Strike_B","Defend_B","Defend_B","Dualcast","Double Energy+1","Turbo+1","Sunder+1","Genetic Algorithm+1","Seek+1","Redo+1","Hologram+1","Sunder+1","Rebound","Echo Form","Conserve Battery+1","Conserve Battery+1","Purity+1","White Noise+1","Turbo+1","Hyperbeam+1","Loop+1","Reinforced Body+1","Creative AI+1","Redo+1","Rebound","Decay","Loop+1","Skim+1","Hologram+1"],"special_seed":0,"relics":["Runic Pyramid","Toxic Egg 2","Regal Pillow","Bag of Preparation","Oddly Smooth Stone","Nuclear Battery","Art of War","Kunai","Frozen Egg 2","Strawberry","Cursed Key","Red Mask","Question Card","Centennial Puzzle"],"potions_floor_usage":[50,50,50],"damage_taken":[{"damage":0.0,"enemies":"2 Louse","floor":1.0,"turns":3.0},{"damage":7.0,"enemies":"Jaw Worm","floor":3.0,"turns":4.0},{"damage":0.0,"enemies":"Cultist","floor":5.0,"turns":2.0},{"damage":19.0,"enemies":"Gremlin Nob","floor":6.0,"turns":4.0},{"damage":20.0,"enemies":"Lots of Slimes","floor":7.0,"turns":4.0},{"damage":20.0,"enemies":"Lagavulin","floor":10.0,"turns":6.0},{"damage":0.0,"enemies":"Red Slaver","floor":11.0,"turns":2.0},{"damage":6.0,"enemies":"Large Slime","floor":13.0,"turns":5.0},{"damage":0.0,"enemies":"3 Sentries","floor":14.0,"turns":4.0},{"damage":5.0,"enemies":"The Guardian","floor":16.0,"turns":8.0},{"damage":8.0,"enemies":"Shell Parasite","floor":18.0,"turns":4.0},{"damage":1.0,"enemies":"Chosen","floor":21.0,"turns":3.0},{"damage":0.0,"enemies":"Snake Plant","floor":22.0,"turns":3.0},{"damage":0.0,"enemies":"Gremlin Leader","floor":23.0,"turns":6.0},{"damage":16.0,"enemies":"Book of Stabbing","floor":29.0,"turns":5.0},{"damage":0.0,"enemies":"Centurion and Healer","floor":30.0,"turns":5.0},{"damage":7.0,"enemies":"Gremlin Leader","floor":31.0,"turns":3.0},{"damage":5.0,"enemies":"Automaton","floor":33.0,"turns":7.0},{"damage":0,"enemies":"Orb Walker","floor":35,"turns":2},{"damage":1,"enemies":"3 Darklings","floor":37,"turns":5},{"damage":0,"enemies":"Sphere and 2 Shapes","floor":38,"turns":3},{"damage":0,"enemies":"4 Shapes","floor":39,"turns":3},{"damage":0,"enemies":"Maw","floor":42,"turns":7},{"damage":0,"enemies":"Giant Head","floor":44,"turns":8},{"damage":0,"enemies":"Transient","floor":45,"turns":5},{"damage":0,"enemies":"Sphere and 2 Shapes","floor":47,"turns":1},{"damage":0,"enemies":"Nemesis","floor":48,"turns":5},{"damage":70,"enemies":"Time Eater","floor":50,"turns":10}],"seed_played":"2947522704945070472","potions_obtained":[{"floor":1.0,"key":"Weak Potion"},{"floor":6.0,"key":"Regen Potion"},{"floor":13.0,"key":"Energy Potion"},{"floor":14.0,"key":"Strength Potion"},{"floor":16.0,"key":"Poison Potion"},{"floor":18.0,"key":"Regen Potion"},{"floor":29.0,"key":"Swift Potion"},{"floor":33.0,"key":"Strength Potion"},{"floor":35,"key":"AttackPotion"},{"floor":45,"key":"LiquidBronze"}],"is_trial":false,"path_per_floor":["M","?","M","$","M","E","M","?","T","E","M","R","M","E","R","B",null,"M","$","?","M","M","E","$","R","T","R","?","E","M","E","R","B",null,"M","$","M","M","M","R","?","M","T","E","M","R","M","E","R","B"],"character_chosen":"DEFECT","items_purchased":["Sunder","Conserve Battery+1","Purity+1","Loop","Redo+1"],"campfire_rested":1,"item_purchase_floors":[4,19,19,24,36],"current_hp_per_floor":[75,64,57,57,57,38,30,30,30,10,10,47,41,41,41,36,65,57,57,57,56,56,71,71,71,71,71,71,55,62,62,62,64,78,78,78,77,77,77,77,77,77,77,77,77,77,77,77,77,7],"gold":114,"neow_bonus":"BOSS_RELIC","is_prod":false,"is_daily":false,"chose_seed":false,"campfire_upgraded":7,"win_rate":0,"timestamp":1534551481,"path_taken":["M","?","M","$","M","E","M","?","T","E","?","R","M","E","R","BOSS","M","$","?","?","M","E","?","R","T","R","?","E","M","E","R","BOSS","M","$","M","M","M","R","?","?","T","E","M","R","M","E","R","BOSS"],"build_version":"2018-08-16","purchased_purges":3,"victory":true,"max_hp_per_floor":[75,75,75,75,75,75,75,75,75,75,75,75,75,75,75,75,75,75,75,75,75,75,75,75,75,75,75,75,75,75,82,82,82,82,82,82,82,82,82,82,82,82,82,82,82,82,82,82,82,82],"card_choices":[{"not_picked":["Reprogram","Steam"],"picked":"Double Energy","floor":1.0},{"not_picked":["Redo","Recycle"],"picked":"Turbo","floor":3.0},{"not_picked":["Sweeping Beam","Cold Snap"],"picked":"Genetic Algorithm","floor":5.0},{"not_picked":["Conserve Battery","Cold Snap"],"picked":"Seek","floor":6.0},{"not_picked":["Stack+1","Beam Cell","Barrage"],"picked":"SKIP","floor":7.0},{"not_picked":["Undo+1","Gash","Redo+1"],"picked":"SKIP","floor":10.0},{"not_picked":["Undo+1","Gash"],"picked":"Redo+1","floor":10.0},{"not_picked":["Auto Shields+1","Go for the Eyes"],"picked":"Hologram+1","floor":11.0},{"not_picked":["Seek+1","Stack+1"],"picked":"Sunder","floor":13.0},{"not_picked":["Streamline","Go for the Eyes"],"picked":"Rebound","floor":14.0},{"not_picked":["Electrodynamics","Machine Learning"],"picked":"Echo Form","floor":16.0},{"not_picked":["Consume+1","Static Discharge"],"picked":"Conserve Battery+1","floor":18.0},{"not_picked":["Consume+1","Leap+1"],"picked":"White Noise+1","floor":21.0},{"not_picked":["Steam+1","Leap+1"],"picked":"Turbo+1","floor":22.0},{"not_picked":["Hologram+1","Conserve Battery+1"],"picked":"Hyperbeam","floor":23.0},{"not_picked":["FTL","Cold Snap","Tempest+1"],"picked":"SKIP","floor":29.0},{"not_picked":["Tempest+1","Steam+1","Leap+1"],"picked":"SKIP","floor":30.0},{"not_picked":["Recycle+1","Gash","Defragment+1"],"picked":"SKIP","floor":31.0},{"not_picked":["Seek+1","Multi-Cast+1"],"picked":"Creative AI+1","floor":33.0},{"not_picked":["Leap+1","Rip and Tear+1","Streamline+1"],"picked":"SKIP","floor":35},{"not_picked":["Cold Snap","Auto Shields+1"],"picked":"Rebound","floor":37},{"not_picked":["Darkness+1","Compile Driver","Ball Lightning+1"],"picked":"SKIP","floor":38},{"not_picked":["Rip and Tear","Electrodynamics+1","Cold Snap+1"],"picked":"SKIP","floor":39},{"not_picked":["Glacier+1","Gash","Beam Cell"],"picked":"SKIP","floor":42},{"not_picked":["Steam+1","White Noise+1","Double Energy+1"],"picked":"Loop+1","floor":44},{"not_picked":["Tempest+1","Static Discharge+1","Heatsinks+1"],"picked":"Skim+1","floor":45},{"not_picked":["Go for the Eyes","Turbo+1","Cold Snap+1"],"picked":"Hologram+1","floor":47},{"not_picked":["Ball Lightning","Darkness+1","Fission+1","Tempest+1"],"picked":"SKIP","floor":48}],"player_experience":661112,"relics_obtained":[{"floor":6.0,"key":"Toxic Egg 2"},{"floor":9.0,"key":"Regal Pillow"},{"floor":10.0,"key":"Bag of Preparation"},{"floor":14.0,"key":"Oddly Smooth Stone"},{"floor":23.0,"key":"Art of War"},{"floor":26.0,"key":"Kunai"},{"floor":29.0,"key":"Frozen Egg 2"},{"floor":31.0,"key":"Strawberry"},{"floor":43,"key":"Question Card"},{"floor":44,"key":"Centennial Puzzle"}],"event_choices":[{"event_name":"World of Goop","player_choice":"Gather Gold","floor":2.0,"damage_taken":0.0},{"event_name":"The Cleric","player_choice":"Card Removal","floor":8.0,"damage_taken":0.0},{"event_name":"Beggar","player_choice":"Gave Gold","floor":20.0,"damage_taken":0.0},{"event_name":"The Library","player_choice":"Read","floor":28.0,"damage_taken":0.0},{"event_name":"Tomb of Lord Red Mask","player_choice":"Paid","floor":41,"damage_taken":0}],"is_beta":false,"boss_relics":[{"not_picked":["White Beast Statue","Ectoplasm"],"picked":"Nuclear Battery"},{"not_picked":["Snecko Eye","Pandora\u0027s Box"],"picked":"Cursed Key"}],"items_purged_floors":[4,19,36],"is_endless":false,"potions_floor_spawned":[1,6,13,14,16,18,29,31,33,35,39,45,47,48],"ascension_level":5}