{"gold_per_floor":[369,388,388,45,65,92,92,124,124,124,24,24,55,5,5,106,106,88,108,118,17,30,59,59,74,124,158,158,158,186,206,206,304,304,320,420,439,454,146,179,196,196,196],"floor_reached":43,"playtime":3803,"items_purged":["Writhe","Strike_R","Strike_R"],"score":689,"play_id":"bcda7164-8582-4168-a6df-76131d938f39","local_time":"20190505125422","is_ascension_mode":true,"campfire_choices":[{"data":"Flame Barrier","floor":7.0,"key":"SMITH"},{"data":"Metallicize","floor":10.0,"key":"SMITH"},{"data":"Intimidate","floor":12.0,"key":"SMITH"},{"floor":15.0,"key":"REST"},{"data":"Rampage","floor":24.0,"key":"SMITH"},{"data":"Shrug It Off","floor":29.0,"key":"SMITH"},{"data":"Offering","floor":32,"key":"SMITH"},{"data":"Thinking Ahead","floor":42,"key":"SMITH"}],"neow_cost":"CURSE","seed_source_timestamp":432724689734143,"circlet_count":0,"master_deck":["Strike_R","Strike_R","Defend_R","Defend_R","Defend_R","Defend_R","Bash","Headbutt","Intimidate+1","Rampage+1","Flame Barrier+1","Metallicize+1","Cleave","Offering+1","Spot Weakness+1","Disarm+1","Sword Boomerang+1","Uppercut+1","Shrug It Off+1","Whirlwind+1","Double Tap","Thunderclap+1","Thinking Ahead+1","Flex+1"],"special_seed":0,"relics":["Burning Blood","Anchor","Unceasing Top","Kunai","FossilizedHelix","Vajra","Mark of Pain","Shuriken","Oddly Smooth Stone","Juzu Bracelet","Prayer Wheel","Busted Crown","Magic Flower","Du-Vu Doll","Dodecahedron"],"potions_floor_usage":[33,38],"damage_taken":[{"damage":9.0,"enemies":"2 Louse","floor":1.0,"turns":3.0},{"damage":7.0,"enemies":"Small Slimes","floor":2.0,"turns":4.0},{"damage":1.0,"enemies":"Cultist","floor":5.0,"turns":3.0},{"damage":15.0,"enemies":"Lagavulin","floor":6.0,"turns":5.0},{"damage":41.0,"enemies":"Gremlin Nob","floor":8.0,"turns":6.0},{"damage":8.0,"enemies":"3 Sentries","floor":13.0,"turns":9.0},{"damage":13.0,"enemies":"Hexaghost","floor":16.0,"turns":10.0},{"damage":8.0,"enemies":"2 Thieves","floor":18.0,"turns":4.0},{"damage":8.0,"enemies":"Shell Parasite","floor":19.0,"turns":5.0},{"damage":11.0,"enemies":"Snake Plant","floor":20.0,"turns":5.0},{"damage":6.0,"enemies":"Centurion and Healer","floor":22.0,"turns":8.0},{"damage":3.0,"enemies":"Gremlin Leader","floor":23.0,"turns":4.0},{"damage":0.0,"enemies":"Chosen and Byrds","floor":25.0,"turns":3.0},{"damage":9.0,"enemies":"Book of Stabbing","floor":27.0,"turns":3.0},{"damage":17,"enemies":"Slavers","floor":30,"turns":6},{"damage":4,"enemies":"Snake Plant","floor":31,"turns":4},{"damage":19,"enemies":"Collector","floor":33,"turns":8},{"damage":0,"enemies":"Orb Walker","floor":35,"turns":2},{"damage":0,"enemies":"Mind Bloom Boss Battle","floor":36,"turns":3},{"damage":11,"enemies":"3 Shapes","floor":37,"turns":5},{"damage":0,"enemies":"Spire Growth","floor":38,"turns":2},{"damage":11,"enemies":"Reptomancer","floor":40,"turns":3},{"damage":16,"enemies":"Jaw Worm Horde","floor":41,"turns":3}],"seed_played":"3854899902526478863","potions_obtained":[{"floor":1.0,"key":"SpeedPotion"},{"floor":5.0,"key":"AttackPotion"},{"floor":8.0,"key":"Energy Potion"},{"floor":18.0,"key":"GamblersBrew"},{"floor":22.0,"key":"Strength Potion"},{"floor":25.0,"key":"GamblersBrew"},{"floor":30,"key":"Explosive Potion"},{"floor":31,"key":"BloodPotion"},{"floor":36,"key":"Strength Potion"},{"floor":41,"key":"SkillPotion"}],"is_trial":false,"path_per_floor":["M","M","?","$","M","E","R","E","T","R","$","R","E","?","R","B",null,"M","M","M","$","M","E","R","M","T","E","?","R","E","M","R","B",null,"M","?","M","M","$","E","M","R","T"],"character_chosen":"IRONCLAD","items_purchased":["Anchor","Intimidate","Rampage","Energy Potion","Explosive Potion","Thinking Ahead"],"campfire_rested":1,"item_purchase_floors":[4,4,4,21,21,39],"current_hp_per_floor":[69,68,68,68,73,64,64,29,29,29,29,29,27,27,51,44,71,69,67,62,62,62,65,65,71,71,68,68,68,57,59,59,46,72,78,80,78,80,80,78,71,71,71],"gold":196,"neow_bonus":"TWO_FIFTY_GOLD","is_prod":false,"is_daily":false,"chose_seed":false,"campfire_upgraded":7,"win_rate":0,"timestamp":1557053662,"path_taken":["M","M","?","$","M","E","R","E","T","R","$","R","E","?","R","BOSS","M","M","M","$","M","E","R","M","T","E","?","R","E","M","R","BOSS","M","?","M","M","$","E","M","R","T"],"build_version":"2019-04-23","purchased_purges":3,"victory":false,"max_hp_per_floor":[80,80,80,80,80,80,80,80,80,80,80,80,80,80,80,80,80,80,80,80,80,80,80,80,80,80,80,80,80,80,80,80,80,80,80,80,80,80,80,80,80,80,80],"card_choices":[{"not_picked":["Warcry","Corruption"],"picked":"Headbutt","floor":1.0},{"not_picked":["Clash","Bloodletting","Thunderclap"],"picked":"SKIP","floor":2.0},{"not_picked":["Combust","Havoc","Twin Strike"],"picked":"SKIP","floor":5.0},{"not_picked":["Impervious","Dropkick"],"picked":"Flame Barrier","floor":6.0},{"not_picked":["Clash","Clothesline"],"picked":"Metallicize","floor":8.0},{"not_picked":["Wild Strike","Clash"],"picked":"Cleave","floor":13.0},{"not_picked":["Limit Break","Berserk"],"picked":"Offering","floor":16.0},{"not_picked":["Cleave","Clothesline+1"],"picked":"Spot Weakness+1","floor":18.0},{"not_picked":["Inflame","Flex"],"picked":"Disarm+1","floor":19.0},{"not_picked":["Headbutt","Pummel","Ghostly Armor"],"picked":"SKIP","floor":20.0},{"not_picked":["Cleave","Juggernaut"],"picked":"Sword Boomerang+1","floor":22.0},{"not_picked":["Hemokinesis","Sword Boomerang"],"picked":"Uppercut+1","floor":23.0},{"not_picked":["Heavy Blade","Bloodletting","Sentinel+1"],"picked":"SKIP","floor":25.0},{"not_picked":["Fire Breathing","Corruption","Havoc+1"],"picked":"SKIP","floor":27.0},{"not_picked":["Body Slam+1","Perfected Strike","Infernal Blade"],"picked":"SKIP","floor":30},{"not_picked":["Shockwave","Infernal Blade"],"picked":"Whirlwind+1","floor":31},{"not_picked":["Perfected Strike","Pummel","Ghostly Armor"],"picked":"SKIP","floor":31},{"not_picked":["Reaper","Exhume"],"picked":"Double Tap","floor":33},{"not_picked":["Seeing Red+1"],"picked":"SKIP","floor":35},{"not_picked":["Iron Wave"],"picked":"SKIP","floor":35},{"not_picked":["Heavy Blade"],"picked":"SKIP","floor":37},{"not_picked":["Clothesline+1"],"picked":"SKIP","floor":37},{"not_picked":[],"picked":"Thunderclap+1","floor":38},{"not_picked":["Wild Strike+1"],"picked":"SKIP","floor":38},{"not_picked":["Armaments+1"],"picked":"SKIP","floor":40},{"not_picked":[],"picked":"Flex+1","floor":41},{"not_picked":["Iron Wave"],"picked":"SKIP","floor":41}],"player_experience":363843,"relics_obtained":[{"floor":6.0,"key":"Unceasing Top"},{"floor":8.0,"key":"Kunai"},{"floor":9.0,"key":"FossilizedHelix"},{"floor":13.0,"key":"Vajra"},{"floor":23.0,"key":"Shuriken"},{"floor":26.0,"key":"Oddly Smooth Stone"},{"floor":27.0,"key":"Juzu Bracelet"},{"floor":30,"key":"Prayer Wheel"},{"floor":36,"key":"Magic Flower"},{"floor":40,"key":"Du-Vu Doll"},{"floor":43,"key":"Dodecahedron"}],"event_choices":[{"damage_healed":0.0,"max_hp_gain":0.0,"max_hp_loss":0.0,"gold_gain":0.0,"event_name":"Liars Game","player_choice":"Ignored","floor":3.0,"gold_loss":0.0,"damage_taken":0.0},{"cards_removed":["Strike_R"],"damage_healed":0.0,"max_hp_gain":0.0,"max_hp_loss":0.0,"gold_gain":0.0,"event_name":"The Cleric","player_choice":"Card Removal","floor":14.0,"gold_loss":50.0,"damage_taken":0.0},{"damage_healed":0.0,"max_hp_gain":0.0,"max_hp_loss":0.0,"gold_gain":0.0,"event_name":"The Library","player_choice":"Read","floor":28.0,"gold_loss":0.0,"damage_taken":0.0,"cards_obtained":["Shrug It Off"]},{"damage_healed":0,"gold_gain":0,"player_choice":"Fight","damage_taken":0,"max_hp_gain":0,"max_hp_loss":0,"event_name":"MindBloom","floor":36,"gold_loss":0}],"is_beta":true,"boss_relics":[{"not_picked":["Ectoplasm","Lizard Tail"],"picked":"Mark of Pain"},{"not_picked":["Coffee Dripper","Orrery"],"picked":"Busted Crown"}],"items_purged_floors":[4,11,39],"is_endless":false,"potions_floor_spawned":[1,5,8,18,22,25,30,31,36,41],"ascension_level":6}