{"gold_per_floor":[115,115,15,15,33,59,74,84,108,108,125,145,177,205,217,333,345,369,391,157,157,170,170,198,208,234,250,250,260,260,270,270,270],"floor_reached":33,"playtime":2700,"items_purged":["Strike_B","Strike_B"],"score":283,"play_id":"c0bdd363-f4de-4e26-9359-de3cff12f88d","local_time":"20190815175226","is_ascension_mode":false,"campfire_choices":[{"floor":10,"key":"REST"},{"data":"Echo Form","floor":15,"key":"SMITH"},{"floor":23,"key":"REST"},{"floor":30,"key":"REST"},{"data":"Zap","floor":32,"key":"SMITH"}],"neow_cost":"TEN_PERCENT_HP_LOSS","seed_source_timestamp":1182596601804178,"circlet_count":0,"master_deck":["Strike_B","Defend_B","Defend_B+1","Defend_B","Defend_B","Zap+1","Dualcast","Echo Form+1","Leap","Coolheaded+1","Reprogram","Ball Lightning","Ball Lightning","Cold Snap","Redo","Glacier","Machine Learning","Cold Snap","Loop+1","Storm","Amplify","Gash","Go for the Eyes","BootSequence"],"special_seed":0,"relics":["FrozenCore","Anchor","War Paint","Blood Vial","MawBank","Regal Pillow","Mercury Hourglass","Bronze Scales"],"potions_floor_usage":[22,22,22],"damage_taken":[{"damage":0.0,"enemies":"Small Slimes","floor":1.0,"turns":3.0},{"damage":1,"enemies":"Jaw Worm","floor":5,"turns":3},{"damage":19,"enemies":"3 Sentries","floor":6,"turns":10},{"damage":6,"enemies":"Cultist","floor":7,"turns":4},{"damage":0,"enemies":"Looter","floor":8,"turns":3},{"damage":0,"enemies":"3 Louse","floor":11,"turns":3},{"damage":0,"enemies":"2 Fungi Beasts","floor":12,"turns":3},{"damage":13,"enemies":"Gremlin Nob","floor":13,"turns":5},{"damage":5,"enemies":"Exordium Thugs","floor":14,"turns":5},{"damage":9,"enemies":"The Guardian","floor":16,"turns":14},{"damage":7,"enemies":"Shell Parasite","floor":18,"turns":12},{"damage":22,"enemies":"3 Byrds","floor":19,"turns":8},{"damage":26,"enemies":"3 Cultists","floor":22,"turns":7},{"damage":24,"enemies":"Gremlin Leader","floor":24,"turns":11},{"damage":0,"enemies":"Snecko","floor":25,"turns":5},{"damage":2,"enemies":"Centurion and Healer","floor":27,"turns":8},{"damage":3,"enemies":"Snake Plant","floor":29,"turns":4},{"damage":10,"enemies":"Shelled Parasite and Fungi","floor":31,"turns":6},{"damage":73,"enemies":"Collector","floor":33,"turns":7}],"seed_played":"-6250193598142147150","potions_obtained":[{"floor":1.0,"key":"Poison Potion"},{"floor":8,"key":"Energy Potion"},{"floor":11,"key":"FearPotion"},{"floor":12,"key":"EntropicBrew"},{"floor":25,"key":"FocusPotion"}],"is_trial":false,"path_per_floor":["M","?","$","?","M","E","M","M","T","R","M","M","E","M","R","B",null,"M","M","$","?","M","R","E","M","T","M","?","M","R","M","R","B"],"character_chosen":"DEFECT","items_purchased":["Coolheaded","Regal Pillow"],"campfire_rested":3,"item_purchase_floors":[3,20],"current_hp_per_floor":[68,61,61,61,60,41,35,35,35,55,57,59,48,45,45,38,68,61,41,41,41,17,52,30,32,32,32,32,31,66,58,58,0],"gold":270,"neow_bonus":"THREE_RARE_CARDS","is_prod":false,"is_daily":false,"chose_seed":false,"campfire_upgraded":2,"win_rate":0,"timestamp":1565884346,"path_taken":["M","?","$","?","M","E","M","M","T","R","M","?","E","M","R","BOSS","M","M","$","?","M","R","E","M","T","M","?","M","R","M","R","BOSS"],"build_version":"2019-07-17","purchased_purges":2,"victory":false,"max_hp_per_floor":[68,68,68,68,68,68,68,68,68,68,68,68,68,68,68,68,68,68,68,68,68,68,68,68,68,68,68,68,68,68,68,68,68],"card_choices":[{"not_picked":["Core Surge","Seek"],"picked":"Echo Form","floor":0.0},{"not_picked":["Rip and Tear","Steam Power"],"picked":"Leap","floor":1.0},{"not_picked":["Stack","Streamline"],"picked":"Ball Lightning","floor":5},{"not_picked":["Compile Driver","Beam Cell"],"picked":"Ball Lightning","floor":6},{"not_picked":["Skim","Storm"],"picked":"Cold Snap","floor":7},{"not_picked":["Reinforced Body","Undo"],"picked":"Redo","floor":8},{"not_picked":["Barrage","Reboot"],"picked":"Glacier","floor":11},{"not_picked":["Scrape","Barrage","Hologram"],"picked":"SKIP","floor":12},{"not_picked":["Sweeping Beam","Barrage","Auto Shields"],"picked":"SKIP","floor":13},{"not_picked":["Redo","Lockon","Stack"],"picked":"SKIP","floor":14},{"not_picked":["Biased Cognition","Reboot"],"picked":"Machine Learning","floor":16},{"not_picked":["Beam Cell+1","Undo"],"picked":"Cold Snap","floor":18},{"not_picked":["Scrape","Cold Snap+1"],"picked":"Loop+1","floor":19},{"not_picked":["Cold Snap","Darkness","Hologram+1"],"picked":"SKIP","floor":22},{"not_picked":["Stack","Chaos"],"picked":"Storm","floor":24},{"not_picked":["Beam Cell","Coolheaded+1"],"picked":"Amplify","floor":25},{"not_picked":["Doom and Gloom","Fusion"],"picked":"Gash","floor":27},{"not_picked":["Hologram","Coolheaded+1"],"picked":"Go for the Eyes","floor":29},{"not_picked":["Ball Lightning","Tempest+1"],"picked":"BootSequence","floor":31}],"player_experience":310330,"relics_obtained":[{"floor":6,"key":"War Paint"},{"floor":9,"key":"Blood Vial"},{"floor":13,"key":"MawBank"},{"floor":24,"key":"Mercury Hourglass"},{"floor":26,"key":"Bronze Scales"}],"event_choices":[{"damage_healed":0.0,"max_hp_gain":0.0,"max_hp_loss":0.0,"gold_gain":0.0,"event_name":"Scrap Ooze","player_choice":"Success","floor":2.0,"gold_loss":0.0,"damage_taken":7.0,"relics_obtained":["Anchor"]},{"damage_healed":0.0,"max_hp_gain":0.0,"max_hp_loss":0.0,"gold_gain":0.0,"cards_transformed":["Strike_B"],"event_name":"Transmorgrifier","player_choice":"Transformed","floor":4.0,"gold_loss":0.0,"damage_taken":0.0,"cards_obtained":["Reprogram"]},{"damage_healed":0,"gold_gain":0,"player_choice":"Ignored","damage_taken":0,"max_hp_gain":0,"max_hp_loss":0,"event_name":"Cursed Tome","floor":21,"gold_loss":0},{"damage_healed":0,"gold_gain":0,"player_choice":"Ignored","damage_taken":0,"max_hp_gain":0,"max_hp_loss":0,"event_name":"Vampires","floor":28,"gold_loss":0}],"is_beta":false,"boss_relics":[{"not_picked":["Calling Bell","Coffee Dripper"],"picked":"FrozenCore"}],"items_purged_floors":[3,20],"is_endless":false,"potions_floor_spawned":[1,8,11,12,14,16,18,19,25],"killed_by":"Collector","ascension_level":0}