{"gold_per_floor":[117,129,129,140,150,181,181,356,356,356,389,389,407,417,417,417],"floor_reached":16,"playtime":1375,"items_purged":[],"score":157,"play_id":"fa076b0f-0020-41c8-a6a2-83b93de939b2","local_time":"20180908213532","is_ascension_mode":true,"campfire_choices":[{"data":"Corruption","floor":7,"key":"SMITH"},{"floor":10,"key":"REST"},{"floor":12,"key":"REST"},{"data":"True Grit","floor":15,"key":"SMITH"}],"neow_cost":"PERCENT_DAMAGE","seed_source_timestamp":1016755770976399,"circlet_count":0,"master_deck":["Strike_R","Strike_R","Strike_R","Strike_R","Defend_R","Defend_R","Defend_R","Defend_R","Bash","Corruption+1","Warcry","Reckless Charge","Reaper","Doubt","True Grit+1","Evolve"],"relics":["Burning Blood","Incense Burner","Bird Faced Urn","The Courier","Ornamental Fan"],"potions_floor_usage":[16,16,16],"damage_taken":[{"damage":0,"enemies":"2 Louse","floor":1,"turns":2},{"damage":0,"enemies":"Cultist","floor":2,"turns":4},{"damage":12,"enemies":"Small Slimes","floor":4,"turns":4},{"damage":7,"enemies":"2 Fungi Beasts","floor":5,"turns":4},{"damage":43,"enemies":"Lagavulin","floor":6,"turns":9},{"damage":52,"enemies":"3 Sentries","floor":11,"turns":15},{"damage":12,"enemies":"Looter","floor":13,"turns":5},{"damage":23,"enemies":"3 Louse","floor":14,"turns":5},{"damage":67,"enemies":"Hexaghost","floor":16,"turns":11}],"seed_played":"4770644834257521943","potions_obtained":[{"floor":4,"key":"BloodPotion"},{"floor":6,"key":"FearPotion"},{"floor":14,"key":"Regen Potion"}],"is_trial":false,"path_per_floor":["M","M","?","M","M","E","R","?","T","R","E","R","M","M","R"],"character_chosen":"IRONCLAD","items_purchased":[],"campfire_rested":2,"item_purchase_floors":[],"current_hp_per_floor":[57,63,63,57,56,23,23,23,23,47,13,37,35,30,30,0],"gold":417,"neow_bonus":"ONE_RARE_RELIC","is_prod":false,"is_daily":false,"chose_seed":false,"campfire_upgraded":2,"win_rate":0,"timestamp":1536467732,"path_taken":["M","M","?","M","M","E","R","?","T","R","E","R","M","M","R","BOSS"],"build_version":"2018-09-06","purchased_purges":0,"victory":false,"max_hp_per_floor":[80,80,80,80,80,80,80,80,80,80,80,80,80,80,80,80],"card_choices":[{"not_picked":["Sword Boomerang","Twin Strike"],"picked":"Corruption","floor":1},{"not_picked":["Seeing Red","Body Slam"],"picked":"Warcry","floor":2},{"not_picked":["Battle Trance","Cleave"],"picked":"Reckless Charge","floor":4},{"not_picked":["Dual Wield","Twin Strike"],"picked":"Reaper","floor":5},{"not_picked":["Sword Boomerang","Pommel Strike","Flame Barrier"],"picked":"SKIP","floor":6},{"not_picked":["Dropkick","Combust","Headbutt"],"picked":"SKIP","floor":11},{"not_picked":["Clash","Clothesline"],"picked":"True Grit","floor":13},{"not_picked":["Intimidate","Hemokinesis"],"picked":"Evolve","floor":14}],"player_experience":768577,"relics_obtained":[{"floor":6,"key":"Bird Faced Urn"},{"floor":9,"key":"The Courier"},{"floor":11,"key":"Ornamental Fan"}],"event_choices":[{"event_name":"Purifier","player_choice":"One Purge","floor":3,"damage_taken":0},{"event_name":"Liars Game","player_choice":"agreed","floor":8,"damage_taken":0}],"is_beta":false,"boss_relics":[],"items_purged_floors":[],"is_endless":false,"potions_floor_spawned":[4,6,14],"killed_by":"Hexaghost","ascension_level":8}