{"gold_per_floor":[116,132,57,68,88,88,88,88,113,113,124,138,138,150,150,250,250,268,268,268,285,133,133,143,143,143,143,156,167,167,178,178,280,280,293,293,304,323,122,122,139,192,192,192,209,227,237,237,237,237],"floor_reached":51,"playtime":3354,"items_purged":["Strike_R","Defend_R","Strike_R"],"score":695,"play_id":"e144961a-c8c6-42d7-b2f2-ef749b715c8f","local_time":"20180812133641","is_ascension_mode":false,"campfire_choices":[{"data":"Searing Blow","floor":6.0,"key":"SMITH"},{"data":"Searing Blow+1","floor":8.0,"key":"SMITH"},{"data":"Searing Blow+2","floor":10.0,"key":"SMITH"},{"data":"Searing Blow+3","floor":15.0,"key":"SMITH"},{"data":"Armaments","floor":23.0,"key":"SMITH"},{"floor":25.0,"key":"REST"},{"data":"Searing Blow+4","floor":27.0,"key":"SMITH"},{"data":"Searing Blow+5","floor":30.0,"key":"SMITH"},{"data":"Searing Blow+6","floor":32.0,"key":"SMITH"},{"data":"Searing Blow+7","floor":40.0,"key":"SMITH"},{"floor":44.0,"key":"REST"},{"data":"Searing Blow+8","floor":49.0,"key":"SMITH"}],"neow_cost":"NONE","seed_source_timestamp":0,"circlet_count":0,"master_deck":["Strike_R","Strike_R","Defend_R","Defend_R","Defend_R","Bash","Shrug It Off","Second Wind","Searing Blow+9","Impervious","Disarm","Armaments+1","Disarm+1","Exhume","Seeing Red+1","Battle Trance","Warcry+1","Doubt"],"special_seed":0,"relics":["Runic Pyramid"],"potions_floor_usage":[50],"damage_taken":[{"damage":0.0,"enemies":"Small Slimes","floor":1.0,"turns":3.0},{"damage":6.0,"enemies":"Cultist","floor":2.0,"turns":3.0},{"damage":0.0,"enemies":"2 Louse","floor":4.0,"turns":3.0},{"damage":0.0,"enemies":"Lots of Slimes","floor":5.0,"turns":10.0},{"damage":9.0,"enemies":"Blue Slaver","floor":11.0,"turns":3.0},{"damage":0.0,"enemies":"2 Fungi Beasts","floor":12.0,"turns":3.0},{"damage":0.0,"enemies":"3 Louse","floor":14.0,"turns":4.0},{"damage":0.0,"enemies":"Slime Boss","floor":16.0,"turns":6.0},{"damage":28.0,"enemies":"2 Thieves","floor":18.0,"turns":4.0},{"damage":24.0,"enemies":"3 Byrds","floor":21.0,"turns":8.0},{"damage":0.0,"enemies":"Snake Plant","floor":24.0,"turns":5.0},{"damage":0.0,"enemies":"Snecko","floor":28.0,"turns":3.0},{"damage":11.0,"enemies":"Centurion and Healer","floor":29.0,"turns":5.0},{"damage":1.0,"enemies":"Snake Plant","floor":31.0,"turns":5.0},{"damage":21.0,"enemies":"Collector","floor":33.0,"turns":10.0},{"damage":15.0,"enemies":"Flame Bruiser 1 Orb","floor":35.0,"turns":8.0},{"damage":3.0,"enemies":"Orb Walker","floor":37.0,"turns":3.0},{"damage":10.0,"enemies":"4 Shapes","floor":38.0,"turns":7.0},{"damage":25.0,"enemies":"3 Darklings","floor":41.0,"turns":8.0},{"damage":16.0,"enemies":"Sphere and 2 Shapes","floor":45.0,"turns":5.0},{"damage":0.0,"enemies":"4 Shapes","floor":46.0,"turns":6.0},{"damage":0.0,"enemies":"Maw","floor":47.0,"turns":6.0},{"damage":34,"enemies":"Time Eater","floor":50,"turns":8}],"seed_played":"-626673862439553241","potions_obtained":[{"floor":2.0,"key":"Poison Potion"},{"floor":11.0,"key":"Poison Potion"},{"floor":12.0,"key":"SpeedPotion"},{"floor":16.0,"key":"Poison Potion"},{"floor":18.0,"key":"AttackPotion"},{"floor":28.0,"key":"LiquidBronze"},{"floor":33.0,"key":"AttackPotion"},{"floor":35.0,"key":"Explosive Potion"},{"floor":47.0,"key":"Fire Potion"}],"is_trial":false,"path_per_floor":["M","M","$","M","M","R","?","R","T","R","M","M","?","M","R","B",null,"M","?","?","M","$","R","M","R","T","R","M","M","R","M","R","B",null,"M","?","M","M","$","R","M","T","T","R","M","M","M","?","R","B"],"character_chosen":"IRONCLAD","items_purchased":["Armaments","Battle Trance"],"campfire_rested":2,"item_purchase_floors":[22,39],"current_hp_per_floor":[80,74,74,74,74,74,74,74,74,74,65,65,58,58,58,58,80,52,52,52,28,28,28,28,52,52,52,52,41,41,40,40,19,80,65,65,62,52,52,52,27,27,27,51,35,35,35,80,80,46],"gold":237,"neow_bonus":"BOSS_RELIC","is_prod":false,"is_daily":false,"chose_seed":false,"campfire_upgraded":10,"win_rate":0,"timestamp":1534106201,"path_taken":["M","M","$","M","M","R","?","R","T","R","M","M","?","M","R","BOSS","M","?","?","M","$","R","M","R","T","R","?","M","R","M","R","BOSS","M","?","M","M","$","R","M","?","T","R","?","M","M","?","R","BOSS"],"build_version":"2018-08-09","purchased_purges":3,"victory":true,"max_hp_per_floor":[80,80,80,80,80,80,80,80,80,80,80,80,80,80,80,80,80,80,80,80,80,80,80,80,80,80,80,80,80,80,80,80,80,80,80,80,80,80,80,80,80,80,80,80,80,80,80,80,80,80],"card_choices":[{"not_picked":["Rage","Fire Breathing"],"picked":"Shrug It Off","floor":1.0},{"not_picked":["Clash","Pommel Strike"],"picked":"Second Wind","floor":2.0},{"not_picked":["Iron Wave","Sword Boomerang","Flame Barrier"],"picked":"SKIP","floor":4.0},{"not_picked":["Clothesline","Anger"],"picked":"Searing Blow","floor":5.0},{"not_picked":["Infernal Blade","Flex","Fire Breathing"],"picked":"SKIP","floor":11.0},{"not_picked":["Reckless Charge","Headbutt","Hemokinesis"],"picked":"SKIP","floor":12.0},{"not_picked":["Pummel","Havoc","Whirlwind"],"picked":"SKIP","floor":14.0},{"not_picked":["Immolate","Bludgeon"],"picked":"Impervious","floor":16.0},{"not_picked":["Shockwave+1","Headbutt","Warcry"],"picked":"SKIP","floor":18.0},{"not_picked":["Twin Strike","Second Wind"],"picked":"Disarm","floor":21.0},{"not_picked":["Anger","Ghostly Armor","Second Wind"],"picked":"SKIP","floor":24.0},{"not_picked":["Sword Boomerang","Twin Strike","Iron Wave"],"picked":"SKIP","floor":28.0},{"not_picked":["Barricade","Heavy Blade"],"picked":"Disarm+1","floor":29.0},{"not_picked":["Second Wind","Flex+1","Warcry"],"picked":"SKIP","floor":31.0},{"not_picked":["Fiend Fire","Brutality"],"picked":"Exhume","floor":33.0},{"not_picked":["Pummel+1","Combust"],"picked":"Seeing Red+1","floor":35.0},{"not_picked":["Second Wind+1","Twin Strike+1","Clothesline+1"],"picked":"SKIP","floor":37.0},{"not_picked":["Shrug It Off+1","Disarm+1","Anger"],"picked":"SKIP","floor":38.0},{"not_picked":["Pommel Strike+1","Whirlwind+1","Body Slam"],"picked":"SKIP","floor":41.0},{"not_picked":["Wild Strike","Iron Wave"],"picked":"Warcry+1","floor":45.0},{"not_picked":["Rampage","Dropkick","Sword Boomerang+1"],"picked":"SKIP","floor":46.0},{"not_picked":["Body Slam+1","Carnage+1","Sever Soul"],"picked":"SKIP","floor":47.0}],"player_experience":615471,"relics_obtained":[],"event_choices":[{"event_name":"The Woman in Blue","player_choice":"Bought 0 Potions","floor":7.0,"damage_taken":0.0},{"event_name":"Golden Wing","player_choice":"Card Removal","floor":13.0,"damage_taken":0.0},{"event_name":"Drug Dealer","player_choice":"Ignored","floor":19.0,"damage_taken":0.0},{"event_name":"Addict","player_choice":"Ignored","floor":20.0,"damage_taken":0.0},{"event_name":"Mysterious Sphere","player_choice":"Ignore","floor":36.0,"damage_taken":0.0},{"event_name":"MindBloom","player_choice":"Heal","floor":48.0,"damage_taken":0.0}],"is_beta":false,"boss_relics":[{"not_picked":["Orrery","Eternal Feather","Calling Bell"]},{"not_picked":["Fusion Hammer","White Beast Statue","Black Star"]}],"items_purged_floors":[3,22,39],"is_endless":false,"potions_floor_spawned":[2,11,12,16,18,28,29,33,35,41,45,47],"ascension_level":0}