{"gold_per_floor":[119,138,153,78,95,95,111,186,186,204,204,204,224,55,55,150,150,162,162,162,175,192,192,192],"floor_reached":24,"playtime":1245,"items_purged":["Strike_B","Defend_B"],"score":190,"play_id":"851f831e-c108-42a1-9fc9-e6c341837041","local_time":"20190816074356","is_ascension_mode":false,"campfire_choices":[{"data":"Zap","floor":6,"key":"SMITH"},{"data":"Melter","floor":11,"key":"SMITH"},{"data":"Glacier","floor":15,"key":"SMITH"},{"data":"Capacitor","floor":23,"key":"SMITH"}],"neow_cost":"NONE","seed_source_timestamp":1502296849730000,"circlet_count":0,"master_deck":["Strike_B","Strike_B","Defend_B","Defend_B","Defend_B","Zap+1","Dualcast","Glacier+1","Gash","Gash","Cold Snap","Melter+1","Sweeping Beam","Capacitor+1","Creative AI","Gash","Consume","RitualDagger","Sweeping Beam"],"relics":["Cracked Core"],"potions_floor_usage":[10,16,16,22,24,24],"damage_taken":[{"damage":6,"enemies":"Jaw Worm","floor":1,"turns":3},{"damage":0,"enemies":"Small Slimes","floor":2,"turns":2},{"damage":0,"enemies":"2 Louse","floor":3,"turns":3},{"damage":4,"enemies":"Large Slime","floor":5,"turns":6},{"damage":0,"enemies":"3 Louse","floor":7,"turns":3},{"damage":5,"enemies":"Lots of Slimes","floor":10,"turns":4},{"damage":6,"enemies":"Exordium Wildlife","floor":13,"turns":3},{"damage":39,"enemies":"Hexaghost","floor":16,"turns":10},{"damage":0,"enemies":"Spheric Guardian","floor":18,"turns":3},{"damage":21,"enemies":"2 Thieves","floor":21,"turns":5},{"damage":36,"enemies":"Shelled Parasite and Fungi","floor":22,"turns":8},{"damage":27,"enemies":"Gremlin Leader","floor":24,"turns":4}],"seed_played":"-9065663642508276371","potions_obtained":[{"floor":1,"key":"FearPotion"},{"floor":5,"key":"LiquidBronze"},{"floor":10,"key":"Regen Potion"},{"floor":16,"key":"Strength Potion"},{"floor":18,"key":"LiquidBronze"},{"floor":21,"key":"AttackPotion"}],"is_trial":false,"path_per_floor":["M","M","M","$","M","R","M","?","T","M","R","?","M","$","R","B",null,"M","?","?","M","M","R","E"],"character_chosen":"DEFECT","items_purchased":["Capacitor"],"campfire_rested":0,"item_purchase_floors":[14],"current_hp_per_floor":[76,76,76,76,72,72,72,61,61,56,56,49,43,43,43,19,82,82,82,76,55,19,19,0],"gold":192,"neow_bonus":"TEN_PERCENT_HP_BONUS","is_prod":false,"is_daily":false,"chose_seed":false,"campfire_upgraded":4,"win_rate":0,"timestamp":1565934236,"path_taken":["M","M","M","$","M","R","M","?","T","M","R","?","M","$","R","BOSS","M","?","?","M","M","R","E"],"build_version":"2019-07-18","purchased_purges":2,"victory":false,"max_hp_per_floor":[82,82,82,82,82,82,82,82,82,82,82,82,82,82,82,82,82,82,82,82,82,82,82,82],"card_choices":[{"not_picked":["Gash","Compile Driver"],"picked":"Glacier","floor":1},{"not_picked":["Streamline","Rip and Tear"],"picked":"Gash","floor":2},{"not_picked":["Self Repair","Storm"],"picked":"Gash","floor":3},{"not_picked":["Static Discharge","Barrage"],"picked":"Cold Snap","floor":5},{"not_picked":["Static Discharge","Beam Cell"],"picked":"Melter","floor":7},{"not_picked":["Turbo","Reprogram","Stack"],"picked":"SKIP","floor":10},{"not_picked":["Genetic Algorithm","Beam Cell"],"picked":"Sweeping Beam","floor":13},{"not_picked":["Machine Learning","Reboot"],"picked":"Creative AI","floor":16},{"not_picked":["Turbo","Coolheaded"],"picked":"Gash","floor":18},{"not_picked":["Melter","Steam","Beam Cell"],"picked":"SKIP","floor":21},{"not_picked":["Redo","Turbo"],"picked":"Sweeping Beam","floor":22}],"player_experience":559952,"relics_obtained":[],"event_choices":[{"damage_healed":0,"gold_gain":75,"player_choice":"Gather Gold","damage_taken":11,"max_hp_gain":0,"max_hp_loss":0,"event_name":"World of Goop","floor":8,"gold_loss":0},{"cards_removed":["Strike_B"],"damage_healed":0,"gold_gain":0,"player_choice":"Card Removal","damage_taken":7,"max_hp_gain":0,"max_hp_loss":0,"event_name":"Golden Wing","floor":12,"gold_loss":0},{"damage_healed":0,"gold_gain":0,"player_choice":"Read","damage_taken":0,"max_hp_gain":0,"max_hp_loss":0,"event_name":"The Library","floor":19,"gold_loss":0,"cards_obtained":["Consume"]},{"damage_healed":0,"gold_gain":0,"player_choice":"Joined the Cult","damage_taken":6,"max_hp_gain":0,"max_hp_loss":0,"event_name":"Nest","floor":20,"gold_loss":0,"cards_obtained":["RitualDagger"]}],"is_beta":true,"boss_relics":[{"not_picked":[]}],"items_purged_floors":[4,14],"is_endless":false,"potions_floor_spawned":[1,5,10,16,18,21],"killed_by":"Gremlin Leader","ascension_level":0}