{"gold_per_floor":[111,131,56,56,68,102,112,141,141,316,316,327,345,345],"floor_reached":14,"playtime":1043,"items_purged":["Doubt"],"score":117,"play_id":"8b599a44-4072-4fa4-8d99-08ade036a420","local_time":"20190308141128","is_ascension_mode":true,"campfire_choices":[{"data":"Limit Break","floor":11,"key":"SMITH"}],"neow_cost":"CURSE","seed_source_timestamp":401032436977382,"circlet_count":0,"master_deck":["Strike_R+1","Strike_R","Strike_R","Strike_R+1","Defend_R","Defend_R","Defend_R","Bash","Bludgeon","Burning Pact","Battle Trance","Brutality","Cleave","Limit Break+1","Doubt","True Grit","Disarm"],"relics":["Burning Blood","Potion Belt","Vajra","Ornamental Fan"],"potions_floor_usage":[6,7,8,14],"damage_taken":[{"damage":6,"enemies":"Cultist","floor":1,"turns":3},{"damage":5,"enemies":"2 Louse","floor":2,"turns":3},{"damage":7,"enemies":"Jaw Worm","floor":5,"turns":3},{"damage":12,"enemies":"Gremlin Nob","floor":6,"turns":3},{"damage":25,"enemies":"Lots of Slimes","floor":7,"turns":5},{"damage":20,"enemies":"Lagavulin","floor":8,"turns":5},{"damage":16,"enemies":"Blue Slaver","floor":12,"turns":4},{"damage":10,"enemies":"3 Louse","floor":13,"turns":4},{"damage":25,"enemies":"3 Sentries","floor":14,"turns":4}],"seed_played":"8310570549207346669","potions_obtained":[{"floor":1,"key":"Regen Potion"},{"floor":5,"key":"Weak Potion"},{"floor":7,"key":"FearPotion"},{"floor":12,"key":"Strength Potion"}],"is_trial":false,"path_per_floor":["M","M","$","?","M","E","M","E","T","?","R","M","M","E"],"character_chosen":"IRONCLAD","items_purchased":[],"campfire_rested":0,"item_purchase_floors":[],"current_hp_per_floor":[80,80,80,64,63,57,52,38,38,38,38,28,24,0],"gold":345,"neow_bonus":"TRANSFORM_TWO_CARDS","is_prod":false,"is_daily":false,"chose_seed":false,"campfire_upgraded":1,"win_rate":0,"timestamp":1552050688,"path_taken":["M","M","$","?","M","E","M","E","T","?","R","M","M","E"],"build_version":"2019-02-06","purchased_purges":1,"victory":false,"max_hp_per_floor":[80,80,80,80,80,80,80,80,80,80,80,80,80,80],"card_choices":[{"not_picked":["Havoc","Perfected Strike","Blood for Blood"],"picked":"SKIP","floor":1},{"not_picked":["True Grit","Combust"],"picked":"Battle Trance","floor":2},{"not_picked":["Flex","Sword Boomerang","Perfected Strike"],"picked":"SKIP","floor":5},{"not_picked":["Shrug It Off","Feel No Pain"],"picked":"Brutality","floor":6},{"not_picked":["Reckless Charge","Clothesline"],"picked":"Cleave","floor":7},{"not_picked":["Bloodletting","Reckless Charge"],"picked":"Limit Break","floor":8},{"not_picked":["Flex","Warcry"],"picked":"True Grit","floor":12},{"not_picked":["Entrench","True Grit"],"picked":"Disarm","floor":13}],"player_experience":227100,"relics_obtained":[{"floor":6,"key":"Potion Belt"},{"floor":8,"key":"Vajra"},{"floor":9,"key":"Ornamental Fan"}],"event_choices":[{"damage_healed":0,"gold_gain":0,"player_choice":"Entered Light","damage_taken":16,"max_hp_gain":0,"max_hp_loss":0,"event_name":"Shining Light","floor":4,"gold_loss":0,"cards_upgraded":["Strike_R","Strike_R"]},{"damage_healed":0,"gold_gain":175,"player_choice":"AGREE","damage_taken":0,"max_hp_gain":0,"max_hp_loss":0,"event_name":"Liars Game","floor":10,"gold_loss":0,"cards_obtained":["Doubt"]}],"is_beta":true,"boss_relics":[],"items_purged_floors":[3],"is_endless":false,"potions_floor_spawned":[1,5,7,12],"killed_by":"3 Sentries","ascension_level":3}