{"gold_per_floor":[115,115,115,132,146,146,156,169,169,186,198,216,241,241,241,241],"floor_reached":16,"playtime":1678,"items_purged":[],"score":106,"play_id":"9f42f4f0-5dac-4f5c-8334-391b4385c321","local_time":"20190809113918","is_ascension_mode":false,"campfire_choices":[{"data":"Defend_R","floor":6,"key":"SMITH"},{"floor":15,"key":"REST"}],"neow_cost":"TEN_PERCENT_HP_LOSS","seed_source_timestamp":2687392599500,"circlet_count":0,"master_deck":["Strike_R","Strike_R","Strike_R","Strike_R","Strike_R","Defend_R+1","Defend_R","Defend_R","Defend_R","Bash","Offering","Iron Wave+1","True Grit","Headbutt","Anger","Armaments","Cleave","Twin Strike","Entrench","Warcry","Injury"],"relics":["Burning Blood","Ancient Tea Set","Anchor","Golden Idol"],"potions_floor_usage":[8,13,16,16],"damage_taken":[{"damage":16,"enemies":"Jaw Worm","floor":1,"turns":5},{"damage":6,"enemies":"2 Louse","floor":4,"turns":4},{"damage":6,"enemies":"Cultist","floor":5,"turns":5},{"damage":6,"enemies":"Blue Slaver","floor":7,"turns":4},{"damage":17,"enemies":"Large Slime","floor":8,"turns":6},{"damage":11,"enemies":"Lots of Slimes","floor":10,"turns":6},{"damage":8,"enemies":"2 Fungi Beasts","floor":11,"turns":3},{"damage":7,"enemies":"Exordium Wildlife","floor":12,"turns":5},{"damage":24,"enemies":"Gremlin Nob","floor":13,"turns":5},{"damage":69,"enemies":"Slime Boss","floor":16,"turns":8}],"seed_played":"-1905847109068179444","potions_obtained":[{"floor":1,"key":"Regen Potion"},{"floor":4,"key":"AttackPotion"},{"floor":8,"key":"SpeedPotion"},{"floor":12,"key":"AttackPotion"}],"is_trial":false,"path_per_floor":["M","?","?","M","M","R","M","M","T","M","M","M","E","?","R","B"],"character_chosen":"IRONCLAD","items_purchased":[],"campfire_rested":1,"item_purchase_floors":[],"current_hp_per_floor":[62,62,59,59,59,59,59,63,63,58,56,55,37,37,58,0],"gold":241,"neow_bonus":"THREE_RARE_CARDS","is_prod":false,"is_daily":false,"chose_seed":false,"campfire_upgraded":1,"win_rate":0.0,"timestamp":1565321958,"path_taken":["M","?","?","M","M","R","M","M","T","M","M","M","E","?","R","BOSS"],"build_version":"2019-07-17","purchased_purges":0,"victory":false,"max_hp_per_floor":[72,72,72,72,72,72,72,72,72,72,72,72,72,72,72,72],"card_choices":[{"not_picked":["Bludgeon","Brutality"],"picked":"Offering","floor":0},{"not_picked":["Blood for Blood","Body Slam"],"picked":"Iron Wave","floor":1},{"not_picked":["Whirlwind","Sword Boomerang"],"picked":"True Grit","floor":4},{"not_picked":["Twin Strike","Sword Boomerang"],"picked":"Headbutt","floor":5},{"not_picked":["Iron Wave","Dark Embrace"],"picked":"Anger","floor":7},{"not_picked":["Dropkick","Sever Soul"],"picked":"Armaments","floor":8},{"not_picked":["Clash","True Grit"],"picked":"Cleave","floor":10},{"not_picked":["Shockwave","Clash"],"picked":"Twin Strike","floor":11},{"not_picked":["Warcry","Thunderclap"],"picked":"Entrench","floor":12},{"not_picked":["Entrench","Headbutt"],"picked":"Warcry","floor":13}],"player_experience":10925,"relics_obtained":[{"floor":9,"key":"Ancient Tea Set"},{"floor":13,"key":"Anchor"}],"event_choices":[{"damage_healed":0,"gold_gain":0,"player_choice":"Grow","damage_taken":0,"max_hp_gain":0,"max_hp_loss":0,"event_name":"Living Wall","floor":2,"gold_loss":0,"cards_upgraded":["Iron Wave"]},{"damage_healed":0,"gold_gain":0,"player_choice":"Fled","damage_taken":3,"max_hp_gain":0,"max_hp_loss":0,"event_name":"Scrap Ooze","floor":3,"gold_loss":0},{"damage_healed":0,"gold_gain":0,"player_choice":"Take Wound","damage_taken":0,"relics_obtained":["Golden Idol"],"max_hp_gain":0,"max_hp_loss":0,"event_name":"Golden Idol","floor":14,"gold_loss":0,"cards_obtained":["Injury"]}],"is_beta":false,"boss_relics":[],"items_purged_floors":[],"is_endless":false,"potions_floor_spawned":[1,4,8,12],"killed_by":"Slime Boss","ascension_level":0}