{"gold_per_floor":[111,111,111,130,29,29,61,75,151,177,187,187,187],"floor_reached":13,"playtime":898,"items_purged":["Defend_B"],"score":130,"play_id":"69221708-10b5-4358-8fb9-a77c0ec39b1c","local_time":"20180823182350","is_ascension_mode":true,"campfire_choices":[{"floor":6,"key":"REST"}],"neow_cost":"PERCENT_DAMAGE","seed_source_timestamp":464004560357012,"circlet_count":0,"master_deck":["Strike_B","Strike_B","Strike_B","Strike_B","Defend_B","Defend_B","Defend_B","Zap","Dualcast","Creative AI+1","Defragment+1","Hologram","Amplify","Glacier","Cold Snap","Defragment","Storm","Hello World"],"relics":["Cracked Core","DataDisk","Tiny Chest","Smiling Mask"],"potions_floor_usage":[13],"damage_taken":[{"damage":5,"enemies":"Small Slimes","floor":1,"turns":4},{"damage":0,"enemies":"Jaw Worm","floor":4,"turns":4},{"damage":28,"enemies":"3 Sentries","floor":7,"turns":9},{"damage":0,"enemies":"Cultist","floor":8,"turns":3},{"damage":15,"enemies":"Gremlin Nob","floor":10,"turns":6},{"damage":0,"enemies":"Large Slime","floor":11,"turns":4},{"damage":15,"enemies":"Gremlin Gang","floor":13,"turns":1}],"seed_played":"-808751165627423419","potions_obtained":[{"floor":1,"key":"Energy Potion"},{"floor":11,"key":"Regen Potion"}],"is_trial":false,"path_per_floor":["M","?","?","M","$","R","E","M","T","E","M","?"],"character_chosen":"DEFECT","items_purchased":["Cold Snap"],"campfire_rested":1,"item_purchase_floors":[5],"current_hp_per_floor":[45,30,30,30,30,52,24,24,24,9,9,9,0],"gold":187,"neow_bonus":"THREE_RARE_CARDS","is_prod":false,"is_daily":false,"chose_seed":false,"campfire_upgraded":0,"win_rate":0,"timestamp":1535073830,"path_taken":["M","?","?","M","$","R","E","?","T","E","M","?","M"],"build_version":"2018-08-23","purchased_purges":1,"victory":false,"max_hp_per_floor":[75,75,75,75,75,75,75,75,75,75,75,75,75],"card_choices":[{"not_picked":["Reboot","Amplify"],"picked":"Creative AI","floor":0},{"not_picked":["Streamline","Stack"],"picked":"Defragment","floor":1},{"not_picked":["Tempest","Streamline","Steam Power"],"picked":"SKIP","floor":4},{"not_picked":["Hologram","Sweeping Beam","Multi-Cast"],"picked":"SKIP","floor":7},{"not_picked":["Hello World","Cold Snap"],"picked":"Defragment","floor":8},{"not_picked":["Tempest","Beam Cell"],"picked":"Storm","floor":10},{"not_picked":["Steam","Redo"],"picked":"Hello World","floor":11}],"player_experience":712657,"relics_obtained":[{"floor":7,"key":"DataDisk"},{"floor":9,"key":"Tiny Chest"},{"floor":10,"key":"Smiling Mask"}],"event_choices":[{"event_name":"Shining Light","player_choice":"Entered Light","floor":2,"damage_taken":0},{"event_name":"Match and Keep!","player_choice":"3 cards matched","floor":3,"damage_taken":0},{"event_name":"Golden Idol","player_choice":"Ignored","floor":12,"damage_taken":0}],"is_beta":false,"boss_relics":[],"items_purged_floors":[5],"is_endless":false,"potions_floor_spawned":[1,11],"killed_by":"Gremlin Gang","ascension_level":8}