{"gold_per_floor":[111,123,135,152,77,77,77,105,105,105,124,124,24,37,37,134,134,145,45,56,71,86,86,121,121,145,145,145,160,194,212,212,313,313,329,346,150,166,177,194,194,213,213,213,213,228,228,11,11,11],"floor_reached":50,"playtime":2573,"items_purged":["Strike_R","Strike_R","Defend_R"],"score":778,"play_id":"c56c1e7a-05f9-40f8-8982-9afb152da9c8","local_time":"20180908111037","is_ascension_mode":true,"campfire_choices":[{"data":"1","floor":6.0,"key":"LIFT"},{"data":"2","floor":10,"key":"LIFT"},{"data":"3","floor":12,"key":"LIFT"},{"floor":15,"key":"REST"},{"data":"Armaments","floor":23,"key":"SMITH"},{"floor":25,"key":"REST"},{"floor":28,"key":"REST"},{"data":"Limit Break","floor":32,"key":"SMITH"},{"data":"Inflame","floor":41,"key":"SMITH"},{"floor":44,"key":"REST"},{"floor":49,"key":"REST"}],"neow_cost":"TEN_PERCENT_HP_LOSS","seed_source_timestamp":0,"circlet_count":0,"master_deck":["Strike_R","Strike_R","Strike_R","Defend_R","Defend_R","Defend_R","Bash","Cleave","Twin Strike","Rupture","Whirlwind","Combust","Inflame+1","Heavy Blade","Limit Break+1","Whirlwind","Armaments+1","Flex","Shrug It Off","Flex+1","Shrug It Off","Twin Strike+1","J.A.X.","Heavy Blade","Warcry+1","True Grit+1","Double Tap","Pummel","True Grit+1","Thunderclap+1","Warcry+1","Madness","Madness","Armaments","Limit Break","Rupture"],"special_seed":0,"relics":["Burning Blood","Girya","Pear","Gambling Chip","Mark of Pain","Ice Cream","Pen Nib","Bag of Preparation","Runic Dome","Self Forming Clay"],"potions_floor_usage":[8,16,18,24,42,50,50,50],"damage_taken":[{"damage":10.0,"enemies":"2 Louse","floor":1.0,"turns":3.0},{"damage":5.0,"enemies":"Small Slimes","floor":2.0,"turns":4.0},{"damage":14.0,"enemies":"Jaw Worm","floor":3.0,"turns":4.0},{"damage":27.0,"enemies":"Exordium Thugs","floor":4.0,"turns":6.0},{"damage":24,"enemies":"Gremlin Nob","floor":8,"turns":4},{"damage":13,"enemies":"3 Louse","floor":11,"turns":3},{"damage":11,"enemies":"Looter","floor":14,"turns":3},{"damage":7,"enemies":"Slime Boss","floor":16,"turns":6},{"damage":22,"enemies":"2 Thieves","floor":18,"turns":2},{"damage":2,"enemies":"Chosen","floor":20,"turns":3},{"damage":17,"enemies":"Centurion and Healer","floor":21,"turns":5},{"damage":15,"enemies":"Snake Plant","floor":22,"turns":3},{"damage":36,"enemies":"Book of Stabbing","floor":24,"turns":4},{"damage":14,"enemies":"Sentry and Sphere","floor":29,"turns":3},{"damage":3,"enemies":"Gremlin Leader","floor":30,"turns":4},{"damage":3,"enemies":"Snecko","floor":31,"turns":2},{"damage":33,"enemies":"Champ","floor":33,"turns":6},{"damage":3,"enemies":"Orb Walker","floor":35,"turns":1},{"damage":12,"enemies":"3 Darklings","floor":36,"turns":2},{"damage":17,"enemies":"Transient","floor":38,"turns":5},{"damage":22,"enemies":"Spire Growth","floor":39,"turns":3},{"damage":0,"enemies":"Reptomancer","floor":40,"turns":3},{"damage":43,"enemies":"Transient","floor":42,"turns":5},{"damage":21,"enemies":"Spire Growth","floor":46,"turns":2},{"damage":60,"enemies":"Awakened One","floor":50,"turns":4}],"seed_played":"-678918896959634262","potions_obtained":[{"floor":3.0,"key":"Swift Potion"},{"floor":4.0,"key":"GamblersBrew"},{"floor":14,"key":"PowerPotion"},{"floor":18,"key":"Energy Potion"},{"floor":24,"key":"LiquidBronze"},{"floor":30,"key":"SpeedPotion"},{"floor":31,"key":"GamblersBrew"},{"floor":39,"key":"PowerPotion"},{"floor":40,"key":"SkillPotion"},{"floor":42,"key":"Dexterity Potion"}],"is_trial":false,"path_per_floor":["M","M","M","M","$","R","?","E","T","R","M","R","$","M","R","B",null,"M","$","M","M","M","R","E","R","T","?","R","M","E","M","R","B",null,"M","M","$","M","M","M","R","M","T","R","?","M","?","$","R"],"character_chosen":"IRONCLAD","items_purchased":["Armaments","Flex","Pummel","Limit Break","Rupture"],"campfire_rested":5,"item_purchase_floors":[19,19,37,48,48],"current_hp_per_floor":[68,69,61,40,40,40,40,32,32,32,25,25,25,20,44,43,72,56,56,60,49,40,40,10,34,34,34,58,50,53,56,56,29,69,72,66,66,55,39,45,45,8,8,32,22,7,7,7,31,0],"gold":11,"neow_bonus":"ONE_RARE_RELIC","is_prod":false,"is_daily":false,"chose_seed":false,"campfire_upgraded":3,"win_rate":0,"timestamp":1536430237,"path_taken":["M","M","M","M","$","R","?","E","T","R","M","R","?","M","R","BOSS","M","$","M","M","M","R","E","R","T","?","R","M","E","M","R","BOSS","M","M","$","M","M","M","R","?","T","R","?","M","?","$","R","BOSS"],"build_version":"2018-09-06","purchased_purges":3,"victory":false,"max_hp_per_floor":[72,72,72,72,72,72,72,82,82,82,82,82,82,82,82,82,82,82,82,82,82,82,82,82,82,82,82,82,82,82,82,82,82,82,82,82,82,82,82,82,82,82,82,82,82,82,82,82,82,82],"card_choices":[{"not_picked":["Headbutt","Second Wind"],"picked":"Cleave","floor":1.0},{"not_picked":["Battle Trance","Flex"],"picked":"Twin Strike","floor":2.0},{"not_picked":["Havoc","Perfected Strike"],"picked":"Rupture","floor":3.0},{"not_picked":["Shockwave","Perfected Strike"],"picked":"Whirlwind","floor":4.0},{"not_picked":["Iron Wave","True Grit"],"picked":"Combust","floor":8},{"not_picked":["Flex","Headbutt"],"picked":"Inflame","floor":11},{"not_picked":["Dropkick","Iron Wave"],"picked":"Heavy Blade","floor":14},{"not_picked":["Exhume","Barricade"],"picked":"Limit Break","floor":16},{"not_picked":["Wild Strike+1","Pommel Strike+1"],"picked":"Whirlwind","floor":18},{"not_picked":["Clothesline","Cleave"],"picked":"Shrug It Off","floor":20},{"not_picked":["Twin Strike","Bloodletting"],"picked":"Flex+1","floor":21},{"not_picked":["Uppercut","Thunderclap"],"picked":"Shrug It Off","floor":22},{"not_picked":["Bloodletting","Wild Strike+1"],"picked":"Twin Strike+1","floor":24},{"not_picked":["True Grit","Warcry+1"],"picked":"Heavy Blade","floor":29},{"not_picked":["Clash","Anger+1"],"picked":"Warcry+1","floor":30},{"not_picked":["Body Slam","Metallicize+1"],"picked":"True Grit+1","floor":31},{"not_picked":["Juggernaut","Barricade"],"picked":"Double Tap","floor":33},{"not_picked":["Iron Wave+1","Anger","Shockwave+1"],"picked":"SKIP","floor":35},{"not_picked":["Anger","Infernal Blade","Thunderclap"],"picked":"SKIP","floor":36},{"not_picked":["Fire Breathing+1","Thunderclap"],"picked":"True Grit+1","floor":38},{"not_picked":["Clash+1","Rage+1"],"picked":"Thunderclap+1","floor":39},{"not_picked":["Sever Soul+1","Reckless Charge+1","Clash"],"picked":"SKIP","floor":40},{"not_picked":["Anger+1","Wild Strike+1"],"picked":"Warcry+1","floor":42},{"not_picked":["Dark Embrace","Uppercut+1"],"picked":"Armaments","floor":46}],"player_experience":766004,"relics_obtained":[{"floor":8,"key":"Pear"},{"floor":9,"key":"Gambling Chip"},{"floor":24,"key":"Ice Cream"},{"floor":26,"key":"Pen Nib"},{"floor":30,"key":"Bag of Preparation"},{"floor":43,"key":"Self Forming Clay"}],"event_choices":[{"event_name":"Dead Adventurer","player_choice":"Searched \u00270\u0027 times","floor":7,"damage_taken":0},{"event_name":"Drug Dealer","player_choice":"Got JAX","floor":27,"damage_taken":0},{"event_name":"Winding Halls","player_choice":"Embrace Madness","floor":45,"damage_taken":0},{"event_name":"Mysterious Sphere","player_choice":"Ignore","floor":47,"damage_taken":0}],"is_beta":false,"boss_relics":[{"not_picked":["Eternal Feather","Black Star"],"picked":"Mark of Pain"},{"not_picked":["Philosopher\u0027s Stone","Snecko Eye"],"picked":"Runic Dome"}],"items_purged_floors":[5,13,37],"is_endless":false,"potions_floor_spawned":[3,4,14,18,24,30,31,39,40,42],"killed_by":"Awakened One","ascension_level":8}