{"gold_per_floor":[112,112,128,128,146,178,178,212,212,212,137,64,78,96,96,194,194,212,228,259,159,175,175,188,188],"floor_reached":25,"playtime":3398,"items_purged":["Defend_G","Strike_G"],"score":224,"play_id":"53644bff-ecde-48a6-a4d1-269662f8654b","local_time":"20180731221442","is_ascension_mode":true,"campfire_choices":[{"data":"Acrobatics","floor":7.0,"key":"SMITH"},{"data":"Tactician","floor":10,"key":"SMITH"},{"floor":15,"key":"REST"},{"floor":23,"key":"REST"}],"neow_cost":"NONE","seed_source_timestamp":0,"circlet_count":0,"master_deck":["Defend_G","Defend_G","Defend_G","Defend_G","Strike_G","Strike_G","Strike_G","Strike_G","Survivor","Neutralize","Tactician+1","Well Laid Plans","Prepared","Acrobatics+1","Underhanded Strike","All Out Attack","Reflex","Dagger Throw","Tools of the Trade"],"special_seed":0,"relics":["Ring of the Snake","Strawberry","Gremlin Horn","Nunchaku","Dream Catcher","Black Star","Red Mask"],"potions_floor_usage":[8,16,24,25,25],"damage_taken":[{"damage":3.0,"enemies":"Jaw Worm","floor":1.0,"turns":7.0},{"damage":0.0,"enemies":"Small Slimes","floor":3.0,"turns":4.0},{"damage":0.0,"enemies":"Cultist","floor":5.0,"turns":4.0},{"damage":19.0,"enemies":"3 Sentries","floor":6.0,"turns":14.0},{"damage":25,"enemies":"Gremlin Nob","floor":8,"turns":4},{"damage":5,"enemies":"Gremlin Gang","floor":13,"turns":3},{"damage":0,"enemies":"Exordium Wildlife","floor":14,"turns":3},{"damage":44,"enemies":"Slime Boss","floor":16,"turns":11},{"damage":6,"enemies":"Chosen","floor":18,"turns":5},{"damage":8,"enemies":"3 Byrds","floor":19,"turns":3},{"damage":31,"floor":20,"turns":5},{"damage":21,"enemies":"Snake Plant","floor":22,"turns":7},{"damage":13,"enemies":"Cultist and Chosen","floor":24,"turns":7},{"damage":38,"enemies":"Book of Stabbing","floor":25,"turns":7}],"seed_played":"-5661996081635942143","potions_obtained":[{"floor":1.0,"key":"Energy Potion"},{"floor":3.0,"key":"Poison Potion"},{"floor":13,"key":"SteroidPotion"},{"floor":14,"key":"Regen Potion"},{"floor":18,"key":"Weak Potion"},{"floor":24,"key":"Swift Potion"}],"is_trial":false,"path_per_floor":["M","?","M","?","M","E","R","E","T","R","$","$","M","M","R","B",null,"M","M","?","$","M","R","M"],"character_chosen":"THE_SILENT","items_purchased":["Reflex"],"campfire_rested":2,"item_purchase_floors":[12],"current_hp_per_floor":[67,74,74,74,74,55,55,30,30,30,30,30,25,25,48,4,77,71,63,32,32,11,34,36,0],"gold":188,"neow_bonus":"THREE_CARDS","is_prod":false,"is_daily":false,"chose_seed":false,"campfire_upgraded":2,"win_rate":0,"timestamp":1533100482,"path_taken":["M","?","M","?","M","E","R","E","T","R","?","$","M","M","R","BOSS","M","M","?","$","M","R","M","E"],"build_version":"2018-07-26","purchased_purges":2,"victory":false,"max_hp_per_floor":[70,77,77,77,77,77,77,77,77,77,77,77,77,77,77,77,77,77,77,77,77,77,77,77,77],"card_choices":[{"not_picked":["Sucker Punch","Bane"],"picked":"Tactician","floor":0.0},{"not_picked":["Dash","Deflect"],"picked":"Well Laid Plans","floor":1.0},{"not_picked":["Bane","Skewer"],"picked":"Prepared","floor":3.0},{"not_picked":["Poisoned Stab","Backflip"],"picked":"Acrobatics","floor":5.0},{"not_picked":["Bane","Cloak And Dagger"],"picked":"Underhanded Strike","floor":6.0},{"not_picked":["Catalyst","Bane"],"picked":"All Out Attack","floor":8},{"not_picked":["Accuracy","Sucker Punch"],"picked":"Dagger Throw","floor":13},{"not_picked":["Sucker Punch","Outmaneuver","Deadly Poison"],"picked":"SKIP","floor":14},{"not_picked":["Venomology","Wraith Form v2"],"picked":"Tools of the Trade","floor":16},{"not_picked":["Flying Knee","Dagger Spray+1","Infinite Blades"],"picked":"SKIP","floor":18},{"not_picked":["Outmaneuver+1","Dagger Spray","Distraction+1"],"picked":"SKIP","floor":19},{"not_picked":["A Thousand Cuts","Terror","Footwork"],"picked":"SKIP","floor":22},{"not_picked":["Deflect","Flying Knee","Dash"],"picked":"SKIP","floor":24}],"player_experience":569138,"relics_obtained":[{"floor":6.0,"key":"Gremlin Horn"},{"floor":8,"key":"Nunchaku"},{"floor":9,"key":"Dream Catcher"},{"floor":20,"key":"Red Mask"}],"event_choices":[{"event_name":"Big Fish","player_choice":"Box","floor":2.0,"damage_taken":0.0},{"event_name":"Purifier","player_choice":"One Purge","floor":4.0,"damage_taken":0.0},{"event_name":"Masked Bandits","player_choice":"Fought over 228 gold","floor":20,"damage_taken":0}],"is_beta":false,"boss_relics":[{"not_picked":["WristBlade","Runic Pyramid"],"picked":"Black Star"}],"items_purged_floors":[11,21],"is_endless":false,"potions_floor_spawned":[1,3,13,14,18,22,24],"killed_by":"Book of Stabbing","ascension_level":1}