{"gold_per_floor":[119,137,152,172,97,97,131,150,150,179,137,137,147,147,147,247,247,263,183,183,194,194,194,194],"floor_reached":24,"playtime":1744,"items_purged":["Strike_B","Strike_B"],"score":268,"play_id":"4a372ebd-f0e6-4ec4-968f-4d513c8884a8","local_time":"20190723204732","is_ascension_mode":true,"campfire_choices":[{"data":"Sunder","floor":6.0,"key":"SMITH"},{"data":"Zap","floor":15.0,"key":"SMITH"},{"floor":23,"key":"REST"}],"neow_cost":"NONE","seed_source_timestamp":0,"circlet_count":0,"master_deck":["Strike_B","Defend_B","Defend_B","Defend_B","Defend_B","Zap+1","Dualcast","Sunder+1","Sweeping Beam","Redo","Leap","Go for the Eyes","Seek","Leap","Creative AI","Redo+1"],"special_seed":0,"relics":["Cracked Core","Gremlin Horn","The Courier","Pen Nib","Nuclear Battery","Enchiridion"],"potions_floor_usage":[21,21,24],"damage_taken":[{"damage":0.0,"enemies":"2 Louse","floor":1.0,"turns":3.0},{"damage":0.0,"enemies":"Small Slimes","floor":2.0,"turns":2.0},{"damage":2.0,"enemies":"Jaw Worm","floor":3.0,"turns":3.0},{"damage":3.0,"enemies":"3 Louse","floor":4.0,"turns":2.0},{"damage":21.0,"enemies":"Lagavulin","floor":7.0,"turns":7.0},{"damage":3.0,"enemies":"Exordium Thugs","floor":8.0,"turns":3.0},{"damage":12.0,"enemies":"Gremlin Nob","floor":10.0,"turns":3.0},{"damage":0.0,"enemies":"Large Slime","floor":13.0,"turns":3.0},{"damage":48.0,"enemies":"Slime Boss","floor":16.0,"turns":9.0},{"damage":14,"enemies":"Shell Parasite","floor":18,"turns":5},{"damage":17,"enemies":"Spheric Guardian","floor":21,"turns":3},{"damage":49,"enemies":"Slavers","floor":24,"turns":3}],"seed_played":"-5577003444029312210","potions_obtained":[{"floor":2.0,"key":"Fire Potion"},{"floor":4.0,"key":"LiquidBronze"},{"floor":8.0,"key":"SpeedPotion"},{"floor":16.0,"key":"LiquidBronze"}],"is_trial":false,"path_per_floor":["M","M","M","M","$","R","E","M","T","E","?","?","M","?","R","B",null,"M","$","?","M","?","R","E"],"character_chosen":"DEFECT","items_purchased":[],"campfire_rested":1,"item_purchase_floors":[],"current_hp_per_floor":[75,75,73,70,70,70,49,46,46,34,34,27,27,54,54,6,63,49,49,33,16,16,40,0],"gold":194,"neow_bonus":"TEN_PERCENT_HP_BONUS","is_prod":false,"is_daily":false,"chose_seed":false,"campfire_upgraded":2,"win_rate":0,"timestamp":1563907652,"path_taken":["M","M","M","M","$","R","E","M","T","E","?","?","M","?","R","BOSS","M","$","?","M","?","R","E"],"build_version":"2019-07-18","purchased_purges":2,"victory":false,"max_hp_per_floor":[82,82,82,82,82,82,82,82,82,82,82,82,82,82,82,82,82,82,82,82,82,82,82,82],"card_choices":[{"not_picked":["Compile Driver","Coolheaded"],"picked":"Sunder","floor":1.0},{"not_picked":["Barrage","Lockon"],"picked":"Sweeping Beam","floor":2.0},{"not_picked":["Scrape","Rebound"],"picked":"Redo","floor":3.0},{"not_picked":["Skim","Go for the Eyes"],"picked":"Leap","floor":4.0},{"not_picked":["Rebound","Cold Snap","Barrage"],"picked":"SKIP","floor":7.0},{"not_picked":["Sunder","Scrape"],"picked":"Go for the Eyes","floor":8.0},{"not_picked":["Steam","Fusion"],"picked":"Seek","floor":10.0},{"not_picked":["Steam","Go for the Eyes"],"picked":"Leap","floor":13.0},{"not_picked":["Reboot","Hyperbeam"],"picked":"Creative AI","floor":16.0},{"not_picked":["Turbo","Steam+1"],"picked":"Redo+1","floor":18},{"not_picked":["Chill","Beam Cell","Consume"],"picked":"SKIP","floor":21}],"player_experience":454430,"relics_obtained":[{"floor":7.0,"key":"Gremlin Horn"},{"floor":9.0,"key":"The Courier"},{"floor":10.0,"key":"Pen Nib"},{"floor":20,"key":"Enchiridion"}],"event_choices":[{"damage_healed":0.0,"max_hp_gain":0.0,"max_hp_loss":0.0,"gold_gain":0.0,"event_name":"World of Goop","player_choice":"Left Gold","floor":11.0,"gold_loss":42.0,"damage_taken":0.0},{"cards_removed":["Strike_B"],"damage_healed":0.0,"max_hp_gain":0.0,"max_hp_loss":0.0,"gold_gain":0.0,"event_name":"Golden Wing","player_choice":"Card Removal","floor":12.0,"gold_loss":0.0,"damage_taken":7.0},{"damage_healed":27.0,"max_hp_gain":0.0,"max_hp_loss":0.0,"gold_gain":0.0,"event_name":"Big Fish","player_choice":"Banana","floor":14.0,"gold_loss":0.0,"damage_taken":0.0},{"damage_healed":0,"gold_gain":0,"player_choice":"Obtained Book","damage_taken":16,"max_hp_gain":0,"max_hp_loss":0,"event_name":"Cursed Tome","floor":20,"gold_loss":0},{"damage_healed":0,"gold_gain":0,"player_choice":"Ignored","damage_taken":0,"max_hp_gain":0,"max_hp_loss":0,"event_name":"Vampires","floor":22,"gold_loss":0}],"is_beta":true,"boss_relics":[{"not_picked":["Runic Dome","Runic Pyramid"],"picked":"Nuclear Battery"}],"items_purged_floors":[5,19],"is_endless":false,"potions_floor_spawned":[2,4,8,16,18],"killed_by":"Slavers","ascension_level":6}