{"gold_per_floor":[116,136,136,148,161,187,206,206,206,234,234,254,156,156,156,156],"floor_reached":16,"playtime":747,"items_purged":["Zap"],"score":162,"play_id":"9060ec78-b2d4-44af-9e5a-f44eef39f1d0","local_time":"20180901183615","is_ascension_mode":true,"campfire_choices":[{"floor":8,"key":"REST"},{"data":"Hyperbeam","floor":11,"key":"SMITH"},{"floor":15,"key":"REST"}],"neow_cost":"PERCENT_DAMAGE","seed_source_timestamp":466459420497925,"circlet_count":0,"master_deck":["Strike_B","Strike_B","Strike_B","Strike_B","Defend_B","Defend_B","Defend_B","Defend_B","Dualcast","Hyperbeam+1","Sunder","Melter","Double Energy","Stack","Reboot","Self Repair","Conserve Battery"],"relics":["Cracked Core","Happy Flower","The Courier","Gremlin Horn"],"potions_floor_usage":[10,16,16],"damage_taken":[{"damage":0,"enemies":"2 Louse","floor":1,"turns":1},{"damage":0,"enemies":"Cultist","floor":2,"turns":2},{"damage":9,"enemies":"Jaw Worm","floor":4,"turns":4},{"damage":5,"enemies":"Gremlin Gang","floor":5,"turns":3},{"damage":36,"enemies":"Gremlin Nob","floor":6,"turns":5},{"damage":6,"enemies":"Blue Slaver","floor":7,"turns":4},{"damage":13,"enemies":"3 Sentries","floor":10,"turns":4},{"damage":0,"enemies":"2 Fungi Beasts","floor":12,"turns":1},{"damage":54,"enemies":"Hexaghost","floor":16,"turns":9}],"seed_played":"8673985077245034553","potions_obtained":[{"floor":1,"key":"SpeedPotion"},{"floor":4,"key":"Swift Potion"},{"floor":6,"key":"SteroidPotion"},{"floor":7,"key":"SneckoOil"},{"floor":12,"key":"FocusPotion"}],"is_trial":false,"path_per_floor":["M","M","?","M","M","E","M","R","T","E","R","M","$","?","R"],"character_chosen":"DEFECT","items_purchased":["Conserve Battery"],"campfire_rested":2,"item_purchase_floors":[13],"current_hp_per_floor":[50,50,75,66,61,25,19,41,41,28,28,28,28,28,50,0],"gold":156,"neow_bonus":"THREE_RARE_CARDS","is_prod":false,"is_daily":false,"chose_seed":false,"campfire_upgraded":1,"win_rate":0,"timestamp":1535852175,"path_taken":["M","M","?","?","M","E","M","R","T","E","R","M","$","?","R","BOSS"],"build_version":"2018-08-30","purchased_purges":1,"victory":false,"max_hp_per_floor":[75,75,75,75,75,75,75,75,75,75,75,75,75,75,75,75],"card_choices":[{"not_picked":["Thunder Strike","Meteor Strike"],"picked":"Hyperbeam","floor":0},{"not_picked":["Gash","White Noise"],"picked":"Sunder","floor":1},{"not_picked":["Barrage","Ball Lightning"],"picked":"Rip and Tear","floor":2},{"not_picked":["Compile Driver","Cold Snap"],"picked":"Melter","floor":4},{"not_picked":["Turbo","Chill"],"picked":"Double Energy","floor":5},{"not_picked":["Steam","Compile Driver"],"picked":"Stack","floor":6},{"not_picked":["Doom and Gloom","Hologram","Chaos"],"picked":"SKIP","floor":7},{"not_picked":["Barrage","Cold Snap"],"picked":"Reboot","floor":10},{"not_picked":["Doom and Gloom","Redo"],"picked":"Self Repair","floor":12}],"player_experience":747718,"relics_obtained":[{"floor":6,"key":"Happy Flower"},{"floor":9,"key":"The Courier"},{"floor":10,"key":"Gremlin Horn"}],"event_choices":[{"event_name":"Bonfire Elementals","player_choice":"UNCOMMON","floor":3,"damage_taken":0},{"event_name":"Liars Game","player_choice":"disagreed","floor":14,"damage_taken":0}],"is_beta":false,"boss_relics":[],"items_purged_floors":[13],"is_endless":false,"potions_floor_spawned":[1,4,6,7,12],"killed_by":"Hexaghost","ascension_level":9}