{"gold_per_floor":[115,115,126,126,143,143,143,143,196,196,216,216,227,79,79,180,180,194,109,127,137,37,37,0,0,23,36,50,50,70,99,99,197,197,211,221,238,57,72,72,72],"floor_reached":41,"playtime":2994,"items_purged":["Strike_B","Strike_B"],"score":466,"play_id":"2d1bee09-8d82-4de4-a63f-8c9c59d8e45c","local_time":"20190426103524","is_ascension_mode":true,"campfire_choices":[{"data":"Zap","floor":6.0,"key":"SMITH"},{"data":"Coolheaded","floor":8.0,"key":"SMITH"},{"data":"Double Energy","floor":10.0,"key":"SMITH"},{"data":"Ball Lightning","floor":12.0,"key":"SMITH"},{"data":"Leap","floor":15.0,"key":"SMITH"},{"data":"Thunder Strike","floor":23.0,"key":"SMITH"},{"data":"Defragment","floor":25.0,"key":"SMITH"},{"floor":32,"key":"REST"},{"floor":40,"key":"REST"}],"neow_cost":"PERCENT_DAMAGE","seed_source_timestamp":0,"circlet_count":0,"master_deck":["Strike_B","Strike_B","Defend_B","Defend_B","Defend_B","Zap+1","Dualcast","Leap+1","Double Energy+1","Coolheaded+1","Ball Lightning+1","Undo","Tempest","Thunder Strike+1","Self Repair","Hologram+1","Stack+1","Defragment+1","Loop+1","Necronomicurse","Thunder Strike","Thunder Strike","Force Field","Tempest","Apotheosis"],"special_seed":0,"relics":["Cracked Core","Ice Cream","Juzu Bracelet","Inserter","Gambling Chip","Ancient Tea Set","Necronomicon","Bottled Tornado","Nuclear Battery"],"potions_floor_usage":[30,30,31,33,37,41],"damage_taken":[{"damage":1.0,"enemies":"Cultist","floor":1.0,"turns":3.0},{"damage":2.0,"enemies":"Jaw Worm","floor":3.0,"turns":4.0},{"damage":0.0,"enemies":"Small Slimes","floor":5.0,"turns":2.0},{"damage":2.0,"enemies":"Blue Slaver","floor":11.0,"turns":4.0},{"damage":11.0,"enemies":"3 Louse","floor":13.0,"turns":3.0},{"damage":6.0,"enemies":"Hexaghost","floor":16.0,"turns":9.0},{"damage":5.0,"enemies":"Chosen","floor":18.0,"turns":4.0},{"damage":0.0,"enemies":"Shell Parasite","floor":20.0,"turns":4.0},{"damage":6.0,"enemies":"Centurion and Healer","floor":21.0,"turns":5.0},{"damage":13.0,"enemies":"Snake Plant","floor":27.0,"turns":4.0},{"damage":7.0,"enemies":"Sentry and Sphere","floor":28.0,"turns":4.0},{"damage":0,"enemies":"3 Cultists","floor":30,"turns":4},{"damage":30,"enemies":"Slavers","floor":31,"turns":3},{"damage":14,"enemies":"Automaton","floor":33,"turns":5},{"damage":1,"enemies":"Orb Walker","floor":35,"turns":3},{"damage":31,"enemies":"3 Shapes","floor":36,"turns":4},{"damage":49,"enemies":"Sphere and 2 Shapes","floor":37,"turns":4},{"damage":11,"enemies":"4 Shapes","floor":39,"turns":4},{"damage":57,"enemies":"Reptomancer","floor":41,"turns":2}],"seed_played":"-3718597448394330871","potions_obtained":[{"floor":1.0,"key":"SkillPotion"},{"floor":5.0,"key":"FocusPotion"},{"floor":13.0,"key":"SneckoOil"},{"floor":21.0,"key":"FocusPotion"},{"floor":30,"key":"Weak Potion"},{"floor":31,"key":"AttackPotion"},{"floor":33,"key":"Dexterity Potion"},{"floor":39,"key":"Strength Potion"}],"is_trial":false,"path_per_floor":["M","?","M","?","M","R","?","R","T","R","M","R","M","$","R","B",null,"M","?","M","M","$","R","$","R","T","M","M","?","M","E","R","B",null,"M","M","M","$","M","R","E"],"character_chosen":"DEFECT","items_purchased":["Tempest","Defragment","Apotheosis"],"campfire_rested":2,"item_purchase_floors":[14,24,38],"current_hp_per_floor":[53,53,51,51,51,51,56,56,56,56,54,54,43,43,43,37,80,75,75,80,74,74,74,74,74,74,68,68,52,59,29,53,39,80,79,55,13,13,12,36,0],"gold":72,"neow_bonus":"ONE_RARE_RELIC","is_prod":false,"is_daily":false,"chose_seed":false,"campfire_upgraded":7,"win_rate":0,"timestamp":1556267724,"path_taken":["M","?","?","?","M","R","?","R","T","R","M","R","M","$","R","BOSS","M","?","M","M","$","R","$","R","T","M","M","?","M","E","R","BOSS","M","M","M","$","M","R","E"],"build_version":"2019-04-23","purchased_purges":2,"victory":false,"max_hp_per_floor":[75,75,75,75,75,75,80,80,80,80,80,80,80,80,80,80,80,80,80,80,80,80,80,80,80,80,80,80,80,80,80,80,80,80,80,80,80,80,80,80,80],"card_choices":[{"not_picked":["Cold Snap","Chill"],"picked":"Leap","floor":1.0},{"not_picked":["Turbo","Steam Power"],"picked":"Double Energy","floor":3.0},{"not_picked":["Steam","Gash"],"picked":"Coolheaded","floor":5.0},{"not_picked":["Compile Driver","Gash"],"picked":"Ball Lightning","floor":11.0},{"not_picked":["Reprogram","Coolheaded"],"picked":"Undo","floor":13.0},{"not_picked":["Amplify","Fission"],"picked":"Thunder Strike","floor":16.0},{"not_picked":["Barrage","Ball Lightning"],"picked":"Self Repair","floor":18.0},{"not_picked":["Go for the Eyes","Chaos"],"picked":"Hologram+1","floor":20.0},{"not_picked":["Auto Shields","Cold Snap"],"picked":"Stack+1","floor":21.0},{"not_picked":["Hologram","Conserve Battery+1"],"picked":"Loop+1","floor":27.0},{"not_picked":["Sunder","Meteor Strike","Go for the Eyes"],"picked":"SKIP","floor":28.0},{"not_picked":["Scrape","Lockon","Streamline+1"],"picked":"SKIP","floor":30},{"not_picked":["BootSequence+1","Go for the Eyes"],"picked":"Thunder Strike","floor":31},{"not_picked":["Amplify","Multi-Cast"],"picked":"Thunder Strike","floor":33},{"not_picked":["Compile Driver","Leap"],"picked":"Force Field","floor":35},{"not_picked":["Aggregate+1","Go for the Eyes+1"],"picked":"Tempest","floor":36},{"not_picked":["Storm","Aggregate+1","Rip and Tear+1"],"picked":"SKIP","floor":37},{"not_picked":["Capacitor+1","Ball Lightning","Barrage+1"],"picked":"SKIP","floor":39}],"player_experience":343398,"relics_obtained":[{"floor":9.0,"key":"Juzu Bracelet"},{"floor":26.0,"key":"Ancient Tea Set"},{"floor":29,"key":"Necronomicon"},{"floor":31,"key":"Bottled Tornado"}],"event_choices":[{"cards_removed":["Defend_B"],"damage_healed":0.0,"max_hp_gain":0.0,"max_hp_loss":0.0,"gold_gain":0.0,"event_name":"Bonfire Elementals","player_choice":"Offered Basic","floor":2.0,"gold_loss":0.0,"damage_taken":0.0},{"damage_healed":0.0,"max_hp_gain":0.0,"max_hp_loss":0.0,"gold_gain":0.0,"event_name":"Golden Idol","player_choice":"Ignored","floor":4.0,"gold_loss":0.0,"damage_taken":0.0},{"damage_healed":0.0,"max_hp_gain":5.0,"max_hp_loss":0.0,"gold_gain":0.0,"event_name":"Big Fish","player_choice":"Donut","floor":7.0,"gold_loss":0.0,"damage_taken":0.0},{"damage_healed":0.0,"max_hp_gain":0.0,"max_hp_loss":0.0,"gold_gain":0.0,"event_name":"Addict","player_choice":"Obtained Relic","floor":19.0,"gold_loss":85.0,"damage_taken":0.0,"relics_obtained":["Gambling Chip"]},{"damage_healed":0,"gold_gain":0,"player_choice":"Obtained Book","damage_taken":16,"max_hp_gain":0,"max_hp_loss":0,"event_name":"Cursed Tome","floor":29,"gold_loss":0}],"is_beta":true,"boss_relics":[{"not_picked":["Runic Pyramid","Empty Cage"],"picked":"Inserter"},{"not_picked":["Velvet Choker","Fusion Hammer"],"picked":"Nuclear Battery"}],"items_purged_floors":[14,22],"is_endless":false,"potions_floor_spawned":[1,5,13,21,30,31,33,39],"killed_by":"Reptomancer","ascension_level":3}