{"gold_per_floor":[112,125,50,62,74,101,121,149,172,237,237,251,269,20,20,116,116,133,151,74,94,113,144,144,172,222,238,258,258,273,47,47,151,151,168,184,196,96,110,144,144,144],"floor_reached":42,"playtime":2117,"items_purged":["Strike_R","Defend_R","Injury"],"score":656,"play_id":"c5644938-964e-405c-a459-ff2a4f9b737b","local_time":"20180814223414","is_ascension_mode":true,"campfire_choices":[{"data":"Inflame","floor":11,"key":"SMITH"},{"data":"Apotheosis","floor":15,"key":"SMITH"},{"floor":24,"key":"REST"},{"floor":29,"key":"REST"},{"floor":32,"key":"REST"},{"floor":41,"key":"REST"}],"neow_cost":"TEN_PERCENT_HP_LOSS","seed_source_timestamp":50990320775583,"circlet_count":0,"master_deck":["Strike_R","Strike_R","Strike_R","Defend_R","Defend_R","Bash","Anger","Cleave","Clash","Spot Weakness","Inflame+1","Anger","Apotheosis+1","Limit Break","Sword Boomerang","Heavy Blade+1","J.A.X.","Rage+1","Whirlwind+1","Clash+1","Heavy Blade","Feed","Spot Weakness","Sword Boomerang","Heavy Blade","Anger","Flex"],"relics":["Burning Blood","Letter Opener","The Courier","Orichalcum","Dream Catcher","Black Star","Boot","Potion Belt","Lantern","Omamori","Bag of Marbles","Gremlin Horn","Calling Bell","Art of War","Shuriken","Dead Branch","Girya","Thread and Needle"],"potions_floor_usage":[6,12,21,22,23,23,25,37,40,40,42],"damage_taken":[{"damage":0,"enemies":"Small Slimes","floor":1,"turns":3},{"damage":7,"enemies":"Jaw Worm","floor":2,"turns":3},{"damage":8,"enemies":"2 Louse","floor":4,"turns":2},{"damage":7,"enemies":"Looter","floor":5,"turns":3},{"damage":15,"enemies":"Lagavulin","floor":6,"turns":5},{"damage":0,"enemies":"Gremlin Gang","floor":7,"turns":3},{"damage":13,"enemies":"Gremlin Nob","floor":8,"turns":3},{"damage":10,"enemies":"Gremlin Nob","floor":10,"turns":3},{"damage":2,"enemies":"Exordium Wildlife","floor":12,"turns":3},{"damage":5,"enemies":"Looter","floor":13,"turns":2},{"damage":24,"enemies":"Hexaghost","floor":16,"turns":4},{"damage":15,"enemies":"Shell Parasite","floor":18,"turns":3},{"damage":6,"enemies":"Chosen","floor":19,"turns":3},{"damage":10,"enemies":"Snecko","floor":21,"turns":3},{"damage":19,"enemies":"Sentry and Sphere","floor":22,"turns":4},{"damage":29,"enemies":"Gremlin Leader","floor":23,"turns":3},{"damage":25,"enemies":"Book of Stabbing","floor":25,"turns":3},{"damage":12,"enemies":"Centurion and Healer","floor":27,"turns":4},{"damage":10,"enemies":"Cultist and Chosen","floor":28,"turns":3},{"damage":22,"enemies":"Sentry and Sphere","floor":30,"turns":4},{"damage":25,"enemies":"Collector","floor":33,"turns":5},{"damage":3,"enemies":"Flame Bruiser 1 Orb","floor":35,"turns":2},{"damage":14,"enemies":"Orb Walker","floor":36,"turns":3},{"damage":0,"enemies":"3 Darklings","floor":37,"turns":1},{"damage":56,"enemies":"Spire Growth","floor":39,"turns":4},{"damage":18,"enemies":"Nemesis","floor":40,"turns":3},{"damage":31,"enemies":"2 Orb Walkers","floor":42,"turns":2}],"seed_played":"-2976802294006638446","potions_obtained":[{"floor":1,"key":"Explosive Potion"},{"floor":4,"key":"SteroidPotion"},{"floor":5,"key":"Block Potion"},{"floor":8,"key":"Explosive Potion"},{"floor":12,"key":"Swift Potion"},{"floor":19,"key":"Regen Potion"},{"floor":21,"key":"PowerPotion"},{"floor":22,"key":"Swift Potion"},{"floor":23,"key":"SpeedPotion"},{"floor":30,"key":"Strength Potion"},{"floor":36,"key":"Energy Potion"},{"floor":37,"key":"FearPotion"},{"floor":39,"key":"Fire Potion"}],"is_trial":false,"path_per_floor":["M","M","$","M","M","E","M","E","T","?","R","M","M","$","R","B",null,"M","M","?","M","M","E","R","E","T","M","M","R","M","$","R","B",null,"M","M","M","$","M","E","R"],"character_chosen":"IRONCLAD","items_purchased":["Apotheosis","Gremlin Horn","Spot Weakness"],"campfire_rested":4,"item_purchase_floors":[14,31,31],"current_hp_per_floor":[72,71,71,69,68,59,65,58,58,54,54,58,59,59,59,41,64,55,55,55,51,38,15,36,26,26,20,16,37,21,21,42,27,64,67,59,65,65,19,7,31,0],"gold":144,"neow_bonus":"REMOVE_TWO","is_prod":false,"is_daily":false,"chose_seed":false,"campfire_upgraded":2,"win_rate":0,"timestamp":1534311254,"path_taken":["M","M","$","M","M","E","M","E","T","?","R","M","M","$","R","BOSS","M","M","?","M","?","E","R","E","T","M","M","R","M","$","R","BOSS","M","M","M","$","M","E","R","E"],"build_version":"2018-08-09","purchased_purges":3,"victory":false,"max_hp_per_floor":[72,72,72,72,72,72,72,72,72,72,72,72,72,72,72,72,72,72,72,72,72,72,72,72,72,72,72,72,72,72,72,72,76,76,76,76,76,76,80,80,80,80],"card_choices":[{"not_picked":["Hemokinesis","Power Through"],"picked":"Anger","floor":1},{"not_picked":["True Grit","Rupture"],"picked":"Cleave","floor":2},{"not_picked":["Pommel Strike","Havoc","Twin Strike"],"picked":"SKIP","floor":4},{"not_picked":["Sword Boomerang","Reckless Charge"],"picked":"Clash","floor":5},{"not_picked":["Wild Strike","Flame Barrier","Demon Form"],"picked":"SKIP","floor":6},{"not_picked":["Body Slam","Fire Breathing"],"picked":"Spot Weakness","floor":7},{"not_picked":["Pommel Strike","Carnage"],"picked":"Inflame","floor":8},{"not_picked":["Cleave","Rage"],"picked":"Anger","floor":10},{"not_picked":["Body Slam","Cleave","Wild Strike"],"picked":"SKIP","floor":12},{"not_picked":["Headbutt","Warcry","Corruption"],"picked":"SKIP","floor":13},{"not_picked":["Demon Form","Barricade"],"picked":"Limit Break","floor":16},{"not_picked":["Armaments+1","Perfected Strike+1"],"picked":"Sword Boomerang","floor":18},{"not_picked":["True Grit","Metallicize"],"picked":"Heavy Blade+1","floor":19},{"not_picked":["Armaments+1","Iron Wave","Pommel Strike"],"picked":"SKIP","floor":21},{"not_picked":["Havoc+1","Feel No Pain","Corruption"],"picked":"SKIP","floor":22},{"not_picked":["Perfected Strike","Double Tap"],"picked":"Rage+1","floor":23},{"not_picked":["Rage","Second Wind"],"picked":"Whirlwind+1","floor":24},{"not_picked":["Burning Pact+1","Wild Strike+1"],"picked":"Clash+1","floor":25},{"not_picked":["Thunderclap","Intimidate","Metallicize"],"picked":"SKIP","floor":27},{"not_picked":["Power Through","True Grit"],"picked":"Heavy Blade","floor":28},{"not_picked":["Perfected Strike","Infernal Blade+1"],"picked":"Feed","floor":30},{"not_picked":["Rupture","Armaments"],"picked":"Sword Boomerang","floor":35},{"not_picked":["Rupture","Seeing Red"],"picked":"Heavy Blade","floor":36},{"not_picked":["Havoc+1","Pommel Strike+1","True Grit+1"],"picked":"SKIP","floor":37},{"not_picked":["Dual Wield","Thunderclap+1","Body Slam+1"],"picked":"SKIP","floor":39},{"not_picked":["Warcry","Wild Strike+1"],"picked":"Anger","floor":40},{"not_picked":["Anger+1","Berserk"],"picked":"Flex","floor":41}],"player_experience":646555,"relics_obtained":[{"floor":6,"key":"Letter Opener"},{"floor":8,"key":"The Courier"},{"floor":9,"key":"Orichalcum"},{"floor":10,"key":"Dream Catcher"},{"floor":23,"key":"Boot"},{"floor":23,"key":"Potion Belt"},{"floor":25,"key":"Lantern"},{"floor":25,"key":"Omamori"},{"floor":26,"key":"Bag of Marbles"},{"floor":34,"key":"Art of War"},{"floor":34,"key":"Shuriken"},{"floor":34,"key":"Dead Branch"},{"floor":40,"key":"Girya"},{"floor":40,"key":"Thread and Needle"}],"event_choices":[{"event_name":"Dead Adventurer","player_choice":"Searched \u00271\u0027 times","floor":10,"damage_taken":0},{"event_name":"Drug Dealer","player_choice":"Got JAXXED","floor":20,"damage_taken":0}],"is_beta":false,"boss_relics":[{"not_picked":["Cursed Key","White Beast Statue"],"picked":"Black Star"},{"not_picked":["Eternal Feather","Busted Crown"],"picked":"Calling Bell"}],"items_purged_floors":[3,14,38],"is_endless":false,"potions_floor_spawned":[1,4,5,8,12,19,21,22,23,30,36,37,39],"killed_by":"2 Orb Walkers","ascension_level":7}