{"gold_per_floor":[18,28,46,46,59,59,86,86,86,99,99,99,118,128,128,205,205,217,217,217,230,230,230,145,145,145,145],"floor_reached":27,"playtime":927,"items_purged":[],"score":373,"play_id":"4800c1f1-a2f5-4f1d-88d8-61096520a39a","local_time":"20190308173611","is_ascension_mode":true,"campfire_choices":[{"data":"Beam Cell","floor":6,"key":"SMITH"},{"floor":8,"key":"REST"},{"data":"Zap","floor":11,"key":"SMITH"},{"data":"Dualcast","floor":15,"key":"SMITH"},{"floor":23,"key":"REST"},{"data":"Fission","floor":25,"key":"SMITH"}],"neow_cost":"NO_GOLD","seed_source_timestamp":1376387204992152,"circlet_count":0,"master_deck":["AscendersBane","Strike_B","Strike_B","Defend_B","Defend_B","Defend_B","Zap+1","Dualcast+1","Go for the Eyes","Beam Cell+1","Steam","Go for the Eyes","Go for the Eyes","Fission+1","Capacitor+1","Heatsinks+1","Fusion+1","Steam","Reprogram"],"relics":["Cracked Core","Unceasing Top","CultistMask","Calipers","The Courier","Symbiotic Virus","Astrolabe","Cables","Turnip","Pear"],"potions_floor_usage":[7,16,16,21],"damage_taken":[{"damage":0,"enemies":"Small Slimes","floor":1,"turns":3},{"damage":0,"enemies":"Cultist","floor":2,"turns":4},{"damage":2,"enemies":"2 Louse","floor":3,"turns":3},{"damage":15,"enemies":"Exordium Wildlife","floor":5,"turns":6},{"damage":32,"enemies":"Gremlin Nob","floor":7,"turns":4},{"damage":5,"enemies":"Blue Slaver","floor":10,"turns":3},{"damage":0,"enemies":"2 Fungi Beasts","floor":13,"turns":3},{"damage":1,"enemies":"Looter","floor":14,"turns":3},{"damage":18,"enemies":"Hexaghost","floor":16,"turns":9},{"damage":36,"enemies":"Chosen","floor":18,"turns":7},{"damage":8,"enemies":"2 Thieves","floor":21,"turns":4},{"damage":58,"enemies":"Slavers","floor":27,"turns":3}],"seed_played":"2850693464562796890","potions_obtained":[{"floor":5,"key":"Regen Potion"},{"floor":7,"key":"Regen Potion"},{"floor":13,"key":"Fire Potion"},{"floor":18,"key":"PowerPotion"},{"floor":21,"key":"LiquidBronze"}],"is_trial":false,"path_per_floor":["M","M","M","?","M","R","E","R","T","M","R","?","M","M","R","B",null,"M","?","?","M","T","R","?","R","T","E"],"character_chosen":"DEFECT","items_purchased":[],"campfire_rested":2,"item_purchase_floors":[],"current_hp_per_floor":[64,64,62,62,47,47,27,48,48,43,43,38,38,37,37,34,62,26,26,26,18,18,39,39,39,49,0],"gold":145,"neow_bonus":"ONE_RARE_RELIC","is_prod":false,"is_daily":false,"chose_seed":false,"campfire_upgraded":4,"win_rate":0,"timestamp":1552095371,"path_taken":["M","M","M","?","?","R","E","R","T","?","R","?","M","M","R","BOSS","M","?","?","M","?","R","?","R","T","E"],"build_version":"2019-01-23","purchased_purges":0,"victory":false,"max_hp_per_floor":[71,71,71,71,71,71,71,71,71,71,71,71,71,71,71,71,71,71,71,71,71,71,71,71,71,81,81],"card_choices":[{"not_picked":["Rebound","Compile Driver"],"picked":"Go for the Eyes","floor":1},{"not_picked":["Darkness","Defragment"],"picked":"Beam Cell","floor":2},{"not_picked":["Reinforced Body","Force Field","Defragment"],"picked":"SKIP","floor":3},{"not_picked":["Doom and Gloom","Coolheaded"],"picked":"Steam","floor":5},{"not_picked":["Double Energy","Doom and Gloom","Stack"],"picked":"SKIP","floor":7},{"not_picked":["Redo","Melter"],"picked":"Go for the Eyes","floor":10},{"not_picked":["White Noise","Streamline","Ball Lightning"],"picked":"SKIP","floor":13},{"not_picked":["Rip and Tear","Redo"],"picked":"Go for the Eyes","floor":14},{"not_picked":["Echo Form","Creative AI"],"picked":"Fission","floor":16},{"not_picked":["Tempest","Force Field"],"picked":"Steam","floor":18},{"not_picked":["Barrage","Rebound","Rip and Tear+1"],"picked":"SKIP","floor":21}],"player_experience":1207502,"relics_obtained":[{"floor":7,"key":"Calipers"},{"floor":9,"key":"The Courier"},{"floor":22,"key":"Cables"},{"floor":26,"key":"Pear"}],"event_choices":[{"damage_healed":0,"gold_gain":0,"player_choice":"Trade","damage_taken":0,"relics_obtained":["CultistMask"],"max_hp_gain":0,"max_hp_loss":0,"event_name":"FaceTrader","floor":4,"gold_loss":0},{"damage_healed":0,"gold_gain":0,"player_choice":"Success","damage_taken":5,"relics_obtained":["Symbiotic Virus"],"max_hp_gain":0,"max_hp_loss":0,"event_name":"Scrap Ooze","floor":12,"gold_loss":0},{"damage_healed":0,"gold_gain":0,"player_choice":"Read","damage_taken":0,"max_hp_gain":0,"max_hp_loss":0,"event_name":"The Library","floor":19,"gold_loss":0,"cards_obtained":["Reprogram"]},{"damage_healed":0,"gold_gain":0,"player_choice":"Ignored","damage_taken":0,"max_hp_gain":0,"max_hp_loss":0,"event_name":"Ghosts","floor":20,"gold_loss":0},{"damage_healed":0,"gold_gain":0,"player_choice":"Obtained Relic","damage_taken":0,"relics_obtained":["Turnip"],"max_hp_gain":0,"max_hp_loss":0,"event_name":"Addict","floor":24,"gold_loss":85}],"is_beta":false,"boss_relics":[{"not_picked":["Snecko Eye","Calling Bell"],"picked":"Astrolabe"}],"items_purged_floors":[],"is_endless":false,"potions_floor_spawned":[5,7,13,18,21],"killed_by":"Slavers","ascension_level":15}