{"gold_per_floor":[119,119,132,150,170,170,184,212,261,261,261,279,279,299,299,371,371,383,383,400,420,88,88,117,137,137,37,48,148,162,162],"floor_reached":31,"playtime":2971,"items_purged":["Strike_B","Strike_B"],"score":444,"play_id":"89e8b8f7-3c81-4b0a-b222-391ce11ad7b8","local_time":"20190807212805","is_ascension_mode":true,"campfire_choices":[{"data":"Zap","floor":6,"key":"SMITH"},{"floor":10,"key":"REST"},{"data":"Rainbow","floor":13,"key":"SMITH"},{"data":"Static Discharge","floor":15,"key":"SMITH"},{"floor":23,"key":"REST"}],"neow_cost":"NONE","seed_source_timestamp":770207886044203,"circlet_count":0,"master_deck":["AscendersBane","Strike_B","Defend_B","Defend_B","Defend_B","Defend_B","Zap+1","Dualcast","Conserve Battery","Rainbow+1","Auto Shields","Defragment+1","Sweeping Beam","Static Discharge+1","Fission","Compile Driver","Conserve Battery","Compile Driver","Compile Driver","Undo","Go for the Eyes","Doom and Gloom+1","Go for the Eyes+1"],"relics":["Cracked Core","Strawberry","Pen Nib","Regal Pillow","Cursed Key","FaceOfCleric","Omamori","Bottled Flame","Molten Egg 2"],"potions_floor_usage":[5,7,8,24,30,31,31],"damage_taken":[{"damage":2,"enemies":"2 Louse","floor":1,"turns":3},{"damage":0,"enemies":"Cultist","floor":3,"turns":4},{"damage":0,"enemies":"Jaw Worm","floor":4,"turns":5},{"damage":15,"enemies":"Lots of Slimes","floor":5,"turns":5},{"damage":19,"enemies":"Gremlin Gang","floor":7,"turns":6},{"damage":46,"enemies":"Gremlin Nob","floor":8,"turns":5},{"damage":6,"enemies":"Blue Slaver","floor":12,"turns":5},{"damage":1,"enemies":"Exordium Thugs","floor":14,"turns":5},{"damage":32,"enemies":"The Guardian","floor":16,"turns":10},{"damage":13,"enemies":"3 Byrds","floor":18,"turns":4},{"damage":16,"enemies":"Spheric Guardian","floor":20,"turns":4},{"damage":24,"enemies":"3 Cultists","floor":21,"turns":6},{"damage":23,"enemies":"Gremlin Leader","floor":24,"turns":6},{"damage":14,"enemies":"Centurion and Healer","floor":25,"turns":6},{"damage":5,"enemies":"Shelled Parasite and Fungi","floor":28,"turns":7},{"damage":1,"enemies":"Snecko","floor":30,"turns":6},{"damage":8,"enemies":"Book of Stabbing","floor":31,"turns":2}],"seed_played":"-4104220857684598744","potions_obtained":[{"floor":4,"key":"Poison Potion"},{"floor":5,"key":"Regen Potion"},{"floor":7,"key":"SkillPotion"},{"floor":14,"key":"Strength Potion"},{"floor":20,"key":"FearPotion"},{"floor":21,"key":"FocusPotion"},{"floor":28,"key":"SkillPotion"},{"floor":30,"key":"EssenceOfSteel"}],"is_trial":false,"path_per_floor":["M","?","M","M","M","R","M","E","T","R","?","M","R","M","R","B",null,"M","?","M","M","$","R","E","M","T","$","M","?","M","E"],"character_chosen":"DEFECT","items_purchased":["Compile Driver","Omamori","Undo"],"campfire_rested":2,"item_purchase_floors":[22,22,22],"current_hp_per_floor":[69,69,69,69,54,54,50,4,4,42,42,36,36,35,35,3,59,46,46,31,8,8,47,25,12,12,12,8,8,8,0],"gold":162,"neow_bonus":"RANDOM_COMMON_RELIC","is_prod":false,"is_daily":false,"chose_seed":false,"campfire_upgraded":3,"win_rate":0,"timestamp":1565227685,"path_taken":["M","?","M","?","?","R","M","E","T","R","?","M","R","M","R","BOSS","M","?","?","M","?","R","E","M","T","$","?","?","?","E"],"build_version":"2019-07-17","purchased_purges":2,"victory":false,"max_hp_per_floor":[78,78,78,78,78,78,78,78,78,78,78,78,78,78,78,78,78,78,78,79,80,80,80,81,82,82,82,83,83,84,84],"card_choices":[{"not_picked":["Turbo","Hologram"],"picked":"Conserve Battery","floor":1},{"not_picked":["Tempest","Aggregate"],"picked":"Auto Shields","floor":3},{"not_picked":["Double Energy","Tempest"],"picked":"Defragment","floor":4},{"not_picked":["Conserve Battery","Redo"],"picked":"Sweeping Beam","floor":5},{"not_picked":["Sweeping Beam","Streamline"],"picked":"Static Discharge","floor":7},{"not_picked":["Amplify","Steam","Coolheaded"],"picked":"SKIP","floor":8},{"not_picked":["Stack","Lockon","Steam"],"picked":"SKIP","floor":12},{"not_picked":["Hologram","Turbo","Consume"],"picked":"SKIP","floor":14},{"not_picked":["Multi-Cast","Reboot"],"picked":"Fission","floor":16},{"not_picked":["Barrage","Melter"],"picked":"Compile Driver","floor":18},{"not_picked":["Redo","Turbo"],"picked":"Conserve Battery","floor":20},{"not_picked":["Fission","Stack"],"picked":"Compile Driver","floor":21},{"not_picked":["Barrage","Beam Cell","Coolheaded"],"picked":"SKIP","floor":24},{"not_picked":["Stack","Ball Lightning"],"picked":"Go for the Eyes","floor":25},{"not_picked":["Rebound+1","Sweeping Beam+1"],"picked":"Doom and Gloom+1","floor":28},{"not_picked":["Sweeping Beam+1","Hologram"],"picked":"Go for the Eyes+1","floor":30}],"player_experience":396400,"relics_obtained":[{"floor":8,"key":"Pen Nib"},{"floor":9,"key":"Regal Pillow"},{"floor":24,"key":"Bottled Flame"},{"floor":26,"key":"Molten Egg 2"}],"event_choices":[{"damage_healed":0,"gold_gain":0,"cards_transformed":["Strike_B"],"player_choice":"Transformed","damage_taken":0,"max_hp_gain":0,"max_hp_loss":0,"event_name":"Transmorgrifier","floor":2,"gold_loss":0,"cards_obtained":["Rainbow"]},{"damage_healed":0,"gold_gain":0,"player_choice":"Upgraded","damage_taken":0,"max_hp_gain":0,"max_hp_loss":0,"event_name":"Upgrade Shrine","floor":11,"gold_loss":0,"cards_upgraded":["Defragment"]},{"damage_healed":0,"gold_gain":0,"player_choice":"Trade","damage_taken":0,"relics_obtained":["FaceOfCleric"],"max_hp_gain":0,"max_hp_loss":0,"event_name":"FaceTrader","floor":19,"gold_loss":0},{"damage_healed":0,"gold_gain":100,"player_choice":"Pray","damage_taken":0,"max_hp_gain":0,"max_hp_loss":0,"event_name":"Golden Shrine","floor":29,"gold_loss":0}],"is_beta":false,"boss_relics":[{"not_picked":["Runic Pyramid","Velvet Choker"],"picked":"Cursed Key"}],"items_purged_floors":[22,27],"is_endless":false,"potions_floor_spawned":[4,5,7,14,20,21,28,30],"killed_by":"Book of Stabbing","ascension_level":14}