{"gold_per_floor":[19,19,37,37,55,86,105,105,157,170,170,190,190,204,204,309,309,320,230,10,30,30,30,30,30],"floor_reached":25,"playtime":1816,"items_purged":["Defend_G"],"score":284,"play_id":"d9b980b5-6d03-437b-8df7-86719ec6c346","local_time":"20181114161347","is_ascension_mode":true,"campfire_choices":[{"floor":8,"key":"REST"},{"floor":11,"key":"REST"},{"floor":15,"key":"REST"},{"data":"Finisher","floor":23,"key":"SMITH"}],"neow_cost":"NO_GOLD","seed_source_timestamp":1773216516420,"circlet_count":0,"master_deck":["Defend_G+1","Defend_G","Defend_G","Strike_G","Strike_G","Strike_G","Strike_G","Survivor","Neutralize","Accuracy+1","Blade Dance+1","Backstab","Distraction","Finisher+1","Glass Knife"],"relics":["Ring of the Snake","Torii","Dodecahedron","Juzu Bracelet","Ancient Tea Set","Sozu","Orichalcum"],"potions_floor_usage":[7,16],"damage_taken":[{"damage":0,"enemies":"Jaw Worm","floor":1,"turns":6},{"damage":1,"enemies":"Small Slimes","floor":3,"turns":4},{"damage":1,"enemies":"2 Louse","floor":5,"turns":3},{"damage":17,"enemies":"3 Sentries","floor":6,"turns":11},{"damage":10,"enemies":"Gremlin Gang","floor":7,"turns":6},{"damage":1,"enemies":"2 Fungi Beasts","floor":10,"turns":3},{"damage":8,"enemies":"Large Slime","floor":12,"turns":4},{"damage":17,"enemies":"Exordium Thugs","floor":14,"turns":5},{"damage":31,"enemies":"The Guardian","floor":16,"turns":15},{"damage":13,"enemies":"3 Byrds","floor":18,"turns":6},{"damage":0,"enemies":"Spheric Guardian","floor":21,"turns":2},{"damage":1,"enemies":"Colosseum Slavers","floor":24,"turns":3},{"damage":42,"enemies":"Book of Stabbing","floor":25,"turns":4}],"seed_played":"-9048497330056758727","potions_obtained":[{"floor":1,"key":"Energy Potion"},{"floor":5,"key":"EssenceOfSteel"},{"floor":12,"key":"AttackPotion"}],"is_trial":false,"path_per_floor":["M","?","M","?","M","E","M","R","T","M","R","M","?","M","R","B",null,"M","?","$","M","?","R","?","E"],"character_chosen":"THE_SILENT","items_purchased":["Orichalcum"],"campfire_rested":3,"item_purchase_floors":[20],"current_hp_per_floor":[63,49,48,30,29,12,2,23,23,22,43,35,28,11,32,1,53,40,40,40,40,40,40,39,0],"gold":30,"neow_bonus":"ONE_RARE_RELIC","is_prod":false,"is_daily":false,"chose_seed":false,"campfire_upgraded":1,"win_rate":0,"timestamp":1542240827,"path_taken":["M","?","M","?","M","E","M","R","T","M","R","M","?","M","R","BOSS","M","?","$","M","?","R","?","E"],"build_version":"2018-11-08","purchased_purges":1,"victory":false,"max_hp_per_floor":[70,70,70,70,70,70,70,70,70,70,70,70,70,70,70,70,70,70,70,70,70,70,70,70,70],"card_choices":[{"not_picked":["Setup","Caltrops"],"picked":"Accuracy","floor":1},{"not_picked":["Flying Knee","Predator","Flechettes"],"picked":"SKIP","floor":3},{"not_picked":["Cloak And Dagger","Flying Knee"],"picked":"Blade Dance","floor":5},{"not_picked":["Caltrops","Bane"],"picked":"Backstab","floor":6},{"not_picked":["Outmaneuver","Flying Knee","Quick Slash"],"picked":"SKIP","floor":7},{"not_picked":["All Out Attack","Outmaneuver"],"picked":"Distraction","floor":10},{"not_picked":["Poisoned Stab","Riddle With Holes"],"picked":"Finisher","floor":12},{"not_picked":["Underhanded Strike","Bane","Riddle With Holes"],"picked":"SKIP","floor":14},{"not_picked":["Malaise","Corpse Explosion"],"picked":"Glass Knife","floor":16},{"not_picked":["Poisoned Stab+1","Reflex","Underhanded Strike"],"picked":"SKIP","floor":18},{"not_picked":["Acrobatics","Dagger Throw","Footwork"],"picked":"SKIP","floor":21}],"player_experience":982024,"relics_obtained":[{"floor":6,"key":"Juzu Bracelet"},{"floor":9,"key":"Ancient Tea Set"}],"event_choices":[{"damage_healed":0,"gold_gain":0,"player_choice":"Entered Light","damage_taken":14,"max_hp_gain":0,"max_hp_loss":0,"event_name":"Shining Light","floor":2,"gold_loss":0,"cards_upgraded":["Defend_G","Accuracy"]},{"damage_healed":0,"gold_gain":0,"player_choice":"Success","damage_taken":18,"relics_obtained":["Dodecahedron"],"max_hp_gain":0,"max_hp_loss":0,"event_name":"Scrap Ooze","floor":4,"gold_loss":0},{"cards_removed":["Defend_G"],"damage_healed":0,"gold_gain":0,"player_choice":"Card Removal","damage_taken":7,"max_hp_gain":0,"max_hp_loss":0,"event_name":"Golden Wing","floor":13,"gold_loss":0},{"cards_removed":["Strike_G"],"damage_healed":0,"gold_gain":0,"player_choice":"Upgrade and Remove","damage_taken":0,"max_hp_gain":0,"max_hp_loss":0,"event_name":"Designer","floor":19,"gold_loss":90,"cards_upgraded":["Blade Dance"]},{"damage_healed":0,"gold_gain":0,"player_choice":"Ignored","damage_taken":0,"max_hp_gain":0,"max_hp_loss":0,"event_name":"Ghosts","floor":22,"gold_loss":0},{"damage_healed":0,"gold_gain":0,"player_choice":"Fight","damage_taken":0,"max_hp_gain":0,"max_hp_loss":0,"event_name":"Colosseum","floor":24,"gold_loss":0},{"damage_healed":0,"gold_gain":0,"player_choice":"Fled From Nobs","damage_taken":0,"max_hp_gain":0,"max_hp_loss":0,"event_name":"Colosseum","floor":24,"gold_loss":0}],"is_beta":false,"boss_relics":[{"not_picked":["Tiny House","Philosopher\u0027s Stone"],"picked":"Sozu"}],"items_purged_floors":[20],"is_endless":false,"potions_floor_spawned":[1,5,12,18],"killed_by":"Book of Stabbing","ascension_level":8}