{"gold_per_floor":[144,319,364,199,244,244,319,319,319,364,454,404,449,66,66,366,366,411,456,501,546,271,271],"floor_reached":23,"playtime":2007,"items_purged":["Strike_B"],"score":243,"play_id":"d22dec7d-83e5-499f-a6df-bd26c04fc2aa","local_time":"20190323225733","daily_mods":["Cursed Run","Colorless Cards","Midas"],"is_ascension_mode":false,"campfire_choices":[{"floor":6,"key":"REST"},{"floor":8,"key":"REST"},{"floor":15,"key":"REST"}],"neow_cost":"","seed_source_timestamp":0,"circlet_count":0,"master_deck":["Strike_B","Strike_B","Defend_B","Defend_B","Defend_B","Defend_B","Zap","Dualcast","Tempest","Doubt","Reprogram","Apotheosis","Bandage Up","Clumsy","Recycle","Redo","Core Surge","Hologram","Decay","Thunder Strike","Go for the Eyes+1","Ball Lightning+1","Stack"],"special_seed":17978,"relics":["Cursed Key","Darkstone Periapt","Du-Vu Doll","Singing Bowl","Potion Belt","HandDrill","White Beast Statue","ClockworkSouvenir"],"potions_floor_usage":[16,16,20,21],"damage_taken":[{"damage":6,"enemies":"Jaw Worm","floor":1,"turns":3},{"damage":4,"enemies":"2 Louse","floor":3,"turns":2},{"damage":5,"enemies":"Small Slimes","floor":5,"turns":3},{"damage":26,"enemies":"3 Louse","floor":10,"turns":3},{"damage":12,"enemies":"Gremlin Nob","floor":11,"turns":3},{"damage":0,"enemies":"Large Slime","floor":13,"turns":4},{"damage":27,"enemies":"The Guardian","floor":16,"turns":10},{"damage":17,"enemies":"Spheric Guardian","floor":18,"turns":4},{"damage":29,"enemies":"Shell Parasite","floor":19,"turns":4},{"damage":17,"enemies":"Centurion and Healer","floor":20,"turns":5},{"damage":16,"enemies":"Snake Plant","floor":21,"turns":3},{"damage":36,"enemies":"Book of Stabbing","floor":23,"turns":5}],"seed_played":"3444376581960519831","potions_obtained":[{"floor":3,"key":"Dexterity Potion"},{"floor":10,"key":"FearPotion"},{"floor":13,"key":"Explosive Potion"},{"floor":18,"key":"FearPotion"},{"floor":19,"key":"Fire Potion"},{"floor":20,"key":"LiquidBronze"},{"floor":21,"key":"Explosive Potion"}],"is_trial":false,"path_per_floor":["M","?","M","$","M","R","?","R","T","M","E","?","M","$","R","B",null,"M","M","M","M","$","E"],"character_chosen":"DEFECT","items_purchased":["Apotheosis","Core Surge","Hologram","HandDrill","ClockworkSouvenir"],"campfire_rested":3,"item_purchase_floors":[4,14,14,14,22],"current_hp_per_floor":[69,75,71,71,66,81,70,81,87,67,63,63,69,69,89,74,95,84,61,50,34,34,0],"gold":271,"neow_bonus":"","is_prod":false,"is_daily":true,"chose_seed":false,"campfire_upgraded":0,"win_rate":0,"timestamp":1553378253,"path_taken":["M","?","M","$","M","R","?","R","T","M","E","?","M","$","R","BOSS","M","M","M","M","$","E"],"build_version":"2019-03-15","purchased_purges":1,"victory":false,"max_hp_per_floor":[75,81,81,81,81,81,81,81,87,87,89,89,89,89,89,95,95,97,97,97,97,97,97],"card_choices":[{"not_picked":["Conserve Battery","Redo"],"picked":"Tempest","floor":1},{"not_picked":["Hologram","Rebound"],"picked":"Reprogram","floor":3},{"not_picked":["Gash","Conserve Battery"],"picked":"Bandage Up","floor":5},{"not_picked":["Enlightenment","Steam"],"picked":"Recycle","floor":10},{"not_picked":["Compile Driver","Cold Snap","Streamline"],"picked":"Singing Bowl","floor":11},{"not_picked":["Cold Snap","Recycle"],"picked":"Redo","floor":13},{"not_picked":["Seek","Chrysalis"],"picked":"Thunder Strike","floor":16},{"not_picked":["Steam","Streamline","Go for the Eyes"],"picked":"Singing Bowl","floor":18},{"not_picked":["Melter+1","Stack"],"picked":"Go for the Eyes+1","floor":19},{"not_picked":["Scrape","Aggregate+1"],"picked":"Ball Lightning+1","floor":20},{"not_picked":["Compile Driver","Rebound"],"picked":"Stack","floor":21}],"player_experience":249243,"relics_obtained":[{"floor":9,"key":"Singing Bowl"},{"floor":11,"key":"Potion Belt"}],"event_choices":[{"damage_healed":0,"gold_gain":175,"player_choice":"AGREE","damage_taken":0,"max_hp_gain":0,"max_hp_loss":0,"event_name":"Liars Game","floor":2,"gold_loss":0,"cards_obtained":["Doubt"]},{"damage_healed":0,"gold_gain":75,"player_choice":"Gather Gold","damage_taken":11,"max_hp_gain":0,"max_hp_loss":0,"event_name":"World of Goop","floor":7,"gold_loss":0},{"cards_removed":["Strike_B"],"damage_healed":0,"gold_gain":0,"player_choice":"Card Removal","damage_taken":0,"max_hp_gain":0,"max_hp_loss":0,"event_name":"The Cleric","floor":12,"gold_loss":50}],"is_beta":true,"boss_relics":[{"not_picked":["Runic Dome","Black Star"],"picked":"White Beast Statue"}],"items_purged_floors":[22],"is_endless":false,"potions_floor_spawned":[3,10,13,18,19,20,21],"killed_by":"Book of Stabbing","ascension_level":0}