{"gold_per_floor":[117,117,117,135,135,164,35,47,93,111,138,138,154,180,180,284,284,258,61,76,87,98,125,125,154,154,167,185,185,185,203,203,301,301,320,333,356,54,54,54,71,71,71,71,71,121,121,131,131,131],"floor_reached":51,"playtime":2770,"items_purged":["Strike_R","Regret"],"score":782,"play_id":"60eb8a73-d9b8-4734-9f55-738708c26525","local_time":"20190811205110","is_ascension_mode":false,"campfire_choices":[{"data":"Iron Wave","floor":15,"key":"SMITH"},{"data":"Barricade","floor":24,"key":"SMITH"},{"data":"Apotheosis","floor":29,"key":"SMITH"},{"data":"Entrench","floor":32,"key":"SMITH"},{"data":"Rage","floor":40,"key":"SMITH"},{"data":"Shrug It Off","floor":44,"key":"SMITH"},{"floor":47,"key":"REST"},{"floor":49,"key":"REST"}],"neow_cost":"NONE","seed_source_timestamp":417552399928300,"circlet_count":0,"master_deck":["Strike_R","Strike_R","Defend_R","Defend_R","Defend_R","Defend_R","Bash","Iron Wave+1","Thunderclap","Dual Wield","Cleave","Metallicize+1","Iron Wave","Dropkick","Barricade+1","Shrug It Off+1","Apotheosis+1","Body Slam","Rage+1","Entrench+1","Parasite","Parasite","Entrench"],"relics":["Burning Blood","NeowsBlessing","Red Skull","Darkstone Periapt","Ancient Tea Set","Lantern","Unceasing Top","Ornamental Fan","Velvet Choker","Anchor","Mango","Matryoshka","Cursed Key","Dream Catcher","Juzu Bracelet","HandDrill","Bottled Lightning","Nunchaku","Thread and Needle"],"potions_floor_usage":[14,16,21,27,33,50],"damage_taken":[{"damage":0,"enemies":"Small Slimes","floor":1,"turns":1},{"damage":2,"enemies":"2 Louse","floor":4,"turns":2},{"damage":0,"enemies":"3 Sentries","floor":6,"turns":1},{"damage":1,"enemies":"Cultist","floor":8,"turns":3},{"damage":7,"enemies":"Blue Slaver","floor":10,"turns":3},{"damage":17,"enemies":"Gremlin Nob","floor":11,"turns":5},{"damage":0,"enemies":"Red Slaver","floor":13,"turns":5},{"damage":18,"enemies":"Lagavulin","floor":14,"turns":12},{"damage":48,"enemies":"The Guardian","floor":16,"turns":11},{"damage":14,"enemies":"2 Thieves","floor":18,"turns":5},{"damage":6,"enemies":"Shell Parasite","floor":20,"turns":7},{"damage":12,"enemies":"Sentry and Sphere","floor":21,"turns":7},{"damage":8,"enemies":"Centurion and Healer","floor":22,"turns":8},{"damage":22,"enemies":"Book of Stabbing","floor":23,"turns":8},{"damage":18,"enemies":"Gremlin Leader","floor":25,"turns":5},{"damage":1,"enemies":"Snake Plant","floor":27,"turns":6},{"damage":0,"enemies":"Snecko","floor":28,"turns":5},{"damage":0,"enemies":"Centurion and Healer","floor":31,"turns":7},{"damage":19,"enemies":"Collector","floor":33,"turns":11},{"damage":24,"enemies":"Orb Walker","floor":35,"turns":5},{"damage":0,"enemies":"3 Darklings","floor":36,"turns":7},{"damage":4,"enemies":"Transient","floor":41,"turns":5},{"damage":55,"enemies":"2 Orb Walkers","floor":46,"turns":8},{"damage":9,"enemies":"Writhing Mass","floor":48,"turns":5},{"damage":13,"enemies":"Awakened One","floor":50,"turns":13}],"seed_played":"-8938341125644046230","potions_obtained":[{"floor":10,"key":"Strength Potion"},{"floor":11,"key":"SpeedPotion"},{"floor":13,"key":"PowerPotion"},{"floor":14,"key":"Swift Potion"},{"floor":21,"key":"SteroidPotion"},{"floor":23,"key":"Swift Potion"},{"floor":27,"key":"SteroidPotion"},{"floor":35,"key":"Regen Potion"},{"floor":41,"key":"SteroidPotion"}],"is_trial":false,"path_per_floor":["M","?","?","M","?","E","$","M","T","M","E","?","M","E","R","B",null,"M","$","M","M","M","E","R","E","T","M","M","R","?","M","R","B",null,"M","M","T","$","?","R","M","?","T","R","$","?","R","M","R","B",null],"character_chosen":"IRONCLAD","items_purchased":["Cleave","Apotheosis","HandDrill"],"campfire_rested":2,"item_purchase_floors":[7,19,38],"current_hp_per_floor":[80,77,83,86,86,86,86,86,86,85,74,74,80,68,68,26,86,78,78,78,72,70,54,54,56,56,61,67,67,67,73,73,60,100,82,88,94,94,94,94,96,96,102,102,102,53,85,88,113,106],"gold":131,"neow_bonus":"THREE_ENEMY_KILL","is_prod":false,"is_daily":false,"chose_seed":false,"campfire_upgraded":6,"win_rate":0.0,"timestamp":1565520670,"path_taken":["M","?","?","M","?","E","$","M","T","M","E","?","M","E","R","BOSS","M","$","?","M","M","E","R","E","T","M","M","R","?","M","R","BOSS","M","M","?","$","?","R","M","?","T","R","$","?","R","M","R","BOSS"],"build_version":"2019-07-17","purchased_purges":2,"victory":true,"max_hp_per_floor":[80,80,86,86,86,86,86,86,86,86,86,86,86,86,86,86,86,86,86,86,86,86,86,86,100,100,100,100,100,100,100,100,100,100,100,100,106,106,106,106,106,101,107,107,107,107,107,113,113,113],"card_choices":[{"not_picked":["Clothesline","Wild Strike"],"picked":"Iron Wave","floor":1},{"not_picked":["Wild Strike","Blood for Blood"],"picked":"Thunderclap","floor":4},{"not_picked":["Iron Wave","Ghostly Armor"],"picked":"Dual Wield","floor":6},{"not_picked":["Twin Strike","Havoc"],"picked":"Metallicize","floor":8},{"not_picked":["Infernal Blade","Feel No Pain"],"picked":"Iron Wave","floor":10},{"not_picked":["Clash","Warcry"],"picked":"Dropkick","floor":11},{"not_picked":["Searing Blow","Twin Strike","Warcry"],"picked":"SKIP","floor":13},{"not_picked":["Dark Embrace","Power Through","Corruption"],"picked":"SKIP","floor":14},{"not_picked":["Limit Break","Brutality"],"picked":"Barricade","floor":16},{"not_picked":["Pommel Strike","Sword Boomerang+1"],"picked":"Shrug It Off","floor":18},{"not_picked":["Anger","Perfected Strike+1"],"picked":"Body Slam","floor":20},{"not_picked":["Havoc","Infernal Blade","Heavy Blade+1"],"picked":"SKIP","floor":21},{"not_picked":["Havoc","Cleave+1","Anger"],"picked":"SKIP","floor":22},{"not_picked":["Flex","Ghostly Armor","Pommel Strike"],"picked":"SKIP","floor":23},{"not_picked":["Fire Breathing","Rupture","Offering"],"picked":"SKIP","floor":25},{"not_picked":["Anger","Reckless Charge","Iron Wave"],"picked":"SKIP","floor":27},{"not_picked":["Sword Boomerang","Heavy Blade+1"],"picked":"Rage","floor":28},{"not_picked":["Armaments","Cleave"],"picked":"Entrench","floor":31},{"not_picked":["Corruption+1","Pommel Strike+1","Infernal Blade"],"picked":"SKIP","floor":35},{"not_picked":["Intimidate+1","Cleave+1","Clothesline+1"],"picked":"SKIP","floor":36},{"not_picked":["Havoc+1","Pommel Strike","Whirlwind+1"],"picked":"SKIP","floor":41},{"not_picked":["True Grit","Infernal Blade"],"picked":"Entrench","floor":48}],"player_experience":24710,"relics_obtained":[{"floor":6,"key":"Ancient Tea Set"},{"floor":9,"key":"Lantern"},{"floor":11,"key":"Unceasing Top"},{"floor":14,"key":"Ornamental Fan"},{"floor":23,"key":"Anchor"},{"floor":25,"key":"Mango"},{"floor":26,"key":"Matryoshka"},{"floor":37,"key":"Dream Catcher"},{"floor":37,"key":"Juzu Bracelet"},{"floor":43,"key":"Bottled Lightning"},{"floor":43,"key":"Nunchaku"},{"floor":46,"key":"Thread and Needle"}],"event_choices":[{"damage_healed":0,"gold_gain":0,"player_choice":"Success","damage_taken":3,"relics_obtained":["Red Skull"],"max_hp_gain":0,"max_hp_loss":0,"event_name":"Scrap Ooze","floor":2,"gold_loss":0},{"damage_healed":0,"gold_gain":0,"player_choice":"Box","damage_taken":0,"relics_obtained":["Darkstone Periapt"],"max_hp_gain":0,"max_hp_loss":0,"event_name":"Big Fish","floor":3,"gold_loss":0,"cards_obtained":["Regret"]},{"cards_removed":["Regret"],"damage_healed":0,"gold_gain":0,"player_choice":"Forget","damage_taken":0,"max_hp_gain":0,"max_hp_loss":0,"event_name":"Living Wall","floor":5,"gold_loss":0},{"damage_healed":0,"gold_gain":0,"player_choice":"Forge","damage_taken":0,"max_hp_gain":0,"max_hp_loss":0,"event_name":"Accursed Blacksmith","floor":12,"gold_loss":0,"cards_upgraded":["Metallicize"]},{"cards_removed":["Strike_R"],"damage_healed":0,"gold_gain":0,"player_choice":"Purged","damage_taken":0,"max_hp_gain":0,"max_hp_loss":0,"event_name":"Purifier","floor":30,"gold_loss":0},{"cards_removed":["Strike_R"],"damage_healed":0,"gold_gain":0,"player_choice":"Removed Attack","damage_taken":0,"max_hp_gain":0,"max_hp_loss":0,"event_name":"Falling","floor":39,"gold_loss":0},{"damage_healed":0,"gold_gain":0,"player_choice":"Max HP","damage_taken":0,"max_hp_gain":0,"max_hp_loss":5,"event_name":"Winding Halls","floor":42,"gold_loss":0},{"damage_healed":0,"gold_gain":0,"player_choice":"Fight","damage_taken":0,"max_hp_gain":0,"max_hp_loss":0,"event_name":"Mysterious Sphere","floor":46,"gold_loss":0}],"is_beta":false,"boss_relics":[{"not_picked":["Runic Pyramid","Lizard Tail"],"picked":"Velvet Choker"},{"not_picked":["Astrolabe","Runic Dome"],"picked":"Cursed Key"}],"items_purged_floors":[7,38],"is_endless":false,"potions_floor_spawned":[10,11,13,14,21,23,27,28,35,41],"ascension_level":0}