{"gold_per_floor":[114,127,127,50,0,0,0,0,78,91,91,102,132,96,96,96],"floor_reached":16,"playtime":756,"items_purged":[],"score":98,"play_id":"e6edda95-1a45-442d-95b4-13675688df47","local_time":"20190813210133","is_ascension_mode":false,"campfire_choices":[{"data":"Dualcast","floor":6,"key":"SMITH"},{"data":"Zap","floor":8,"key":"SMITH"},{"data":"Chaos","floor":11,"key":"SMITH"},{"data":"Steam Power","floor":15,"key":"SMITH"}],"neow_cost":"NONE","seed_source_timestamp":215060091939100,"circlet_count":0,"master_deck":["Strike_B","Strike_B","Strike_B","Defend_B","Defend_B","Defend_B","Defend_B","Zap+1","Dualcast+1","Cold Snap","Leap","Genetic Algorithm","Self Repair","Chaos+1","Steam Power+1","Turbo"],"relics":["Cracked Core","Matryoshka","Smiling Mask","Gremlin Horn","Anchor"],"potions_floor_usage":[16],"damage_taken":[{"damage":4,"enemies":"Jaw Worm","floor":1,"turns":3},{"damage":0,"enemies":"Small Slimes","floor":2,"turns":2},{"damage":0,"enemies":"2 Louse","floor":10,"turns":3},{"damage":2,"enemies":"2 Fungi Beasts","floor":12,"turns":3},{"damage":2,"enemies":"Lagavulin","floor":13,"turns":8},{"damage":89,"enemies":"Slime Boss","floor":16,"turns":14}],"seed_played":"6209806305515781620","potions_obtained":[{"floor":2,"key":"Regen Potion"},{"floor":13,"key":"FocusPotion"}],"is_trial":false,"path_per_floor":["M","M","?","$","?","R","$","R","T","M","R","M","E","?","R","B"],"character_chosen":"DEFECT","items_purchased":["Self Repair"],"campfire_rested":0,"item_purchase_floors":[4],"current_hp_per_floor":[71,71,64,64,64,64,64,64,64,71,71,75,75,75,75,0],"gold":96,"neow_bonus":"THREE_CARDS","is_prod":false,"is_daily":false,"chose_seed":false,"campfire_upgraded":4,"win_rate":0.0,"timestamp":1565701293,"path_taken":["M","M","?","$","?","R","$","R","T","M","R","M","E","?","R","BOSS"],"build_version":"2019-07-17","purchased_purges":0,"victory":false,"max_hp_per_floor":[75,75,75,75,75,75,75,75,75,75,75,75,75,75,75,75],"card_choices":[{"not_picked":["Turbo","Coolheaded"],"picked":"Cold Snap","floor":0},{"not_picked":["Hologram","Streamline"],"picked":"Leap","floor":1},{"not_picked":["Turbo","Undo"],"picked":"Genetic Algorithm","floor":2},{"not_picked":["Fusion","Multi-Cast"],"picked":"Chaos","floor":10},{"not_picked":["Cold Snap","Tempest"],"picked":"Steam Power","floor":12},{"not_picked":["Echo Form","Go for the Eyes"],"picked":"Turbo","floor":13}],"player_experience":109691,"relics_obtained":[{"floor":9,"key":"Smiling Mask"},{"floor":9,"key":"Gremlin Horn"},{"floor":13,"key":"Anchor"}],"event_choices":[{"damage_healed":0,"gold_gain":0,"player_choice":"Success","damage_taken":7,"relics_obtained":["Matryoshka"],"max_hp_gain":0,"max_hp_loss":0,"event_name":"Scrap Ooze","floor":3,"gold_loss":0},{"cards_removed":["Strike_B"],"damage_healed":0,"gold_gain":0,"player_choice":"Card Removal","damage_taken":0,"max_hp_gain":0,"max_hp_loss":0,"event_name":"The Cleric","floor":5,"gold_loss":50},{"damage_healed":0,"gold_gain":0,"player_choice":"Left Gold","damage_taken":0,"max_hp_gain":0,"max_hp_loss":0,"event_name":"World of Goop","floor":14,"gold_loss":36}],"is_beta":false,"boss_relics":[],"items_purged_floors":[],"is_endless":false,"potions_floor_spawned":[2,13],"killed_by":"Slime Boss","ascension_level":0}