{"gold_per_floor":[117,42,53,53,53,53,64,64,64,64,75,110,56,56,56,155,155,165,65,65,65,78,78,112,112,112,128,143,143,143,158,158,253,253,264,278,130,143,143,143,169,169],"floor_reached":42,"playtime":1514,"items_purged":["Strike_B","Defend_B"],"score":680,"play_id":"4a8efece-3286-4960-8742-1650b4d030d6","local_time":"20180827132346","is_ascension_mode":true,"campfire_choices":[{"data":"Streamline","floor":6.0,"key":"SMITH"},{"data":"Zap","floor":8.0,"key":"SMITH"},{"data":"Dualcast","floor":10.0,"key":"SMITH"},{"data":"Hologram","floor":15.0,"key":"SMITH"},{"floor":23,"key":"REST"},{"floor":25,"key":"REST"},{"data":"Scrape","floor":29,"key":"SMITH"},{"floor":32,"key":"REST"},{"floor":40,"key":"REST"}],"neow_cost":"NONE","seed_source_timestamp":0,"circlet_count":0,"master_deck":["Zap+1","Dualcast+1","Streamline+1","Turbo","Scrape+1","Hologram+1","Turbo","Gash","All For One","Beam Cell","Gash+1","Go for the Eyes","Seek","Hologram","Good Instincts","All For One","Beam Cell"],"special_seed":0,"relics":["Empty Cage","Pantograph","Kunai","Sozu","Vajra","Art of War","Mummified Hand","Eternal Feather","Torii"],"potions_floor_usage":[],"damage_taken":[{"damage":19.0,"enemies":"Small Slimes","floor":1.0,"turns":4.0},{"damage":6.0,"enemies":"Jaw Worm","floor":3.0,"turns":5.0},{"damage":1.0,"enemies":"2 Louse","floor":7.0,"turns":2.0},{"damage":10.0,"enemies":"Red Slaver","floor":11.0,"turns":2.0},{"damage":0.0,"enemies":"Gremlin Nob","floor":12.0,"turns":2.0},{"damage":39.0,"enemies":"Hexaghost","floor":16.0,"turns":8.0},{"damage":23,"enemies":"2 Thieves","floor":18,"turns":3},{"damage":13,"enemies":"3 Byrds","floor":22,"turns":3},{"damage":28,"enemies":"Book of Stabbing","floor":24,"turns":3},{"damage":14,"enemies":"Centurion and Healer","floor":27,"turns":3},{"damage":0,"enemies":"3 Cultists","floor":28,"turns":3},{"damage":19,"enemies":"Snake Plant","floor":31,"turns":2},{"damage":37,"enemies":"Champ","floor":33,"turns":5},{"damage":11,"enemies":"Orb Walker","floor":35,"turns":2},{"damage":45,"enemies":"3 Darklings","floor":36,"turns":3},{"damage":0,"enemies":"Flame Bruiser 2 Orb","floor":38,"turns":2},{"damage":28,"enemies":"2 Orb Walkers","floor":41,"turns":3},{"damage":11,"enemies":"Sphere and 2 Shapes","floor":42,"turns":1}],"seed_played":"-388362279163803670","potions_obtained":[{"floor":1.0,"key":"Weak Potion"},{"floor":11.0,"key":"SteroidPotion"}],"is_trial":false,"path_per_floor":["M","$","M","?","?","R","M","R","T","R","M","E","$","?","R","B",null,"M","$","T","?","M","R","E","R","T","M","M","R","?","M","R","B",null,"M","M","$","M","?","R","E"],"character_chosen":"DEFECT","items_purchased":["Gash","Hologram","Good Instincts"],"campfire_rested":4,"item_purchase_floors":[13,37,37],"current_hp_per_floor":[49,49,43,36,36,36,35,35,35,35,25,25,25,25,25,11,59,36,36,36,36,23,45,17,39,39,25,25,25,25,6,28,16,60,49,4,4,4,4,35,7,0],"gold":169,"neow_bonus":"BOSS_RELIC","is_prod":false,"is_daily":false,"chose_seed":false,"campfire_upgraded":5,"win_rate":0,"timestamp":1535401426,"path_taken":["M","$","M","?","?","R","?","R","T","R","M","E","$","?","R","BOSS","M","$","?","?","M","R","E","R","T","M","M","R","?","M","R","BOSS","M","M","$","M","?","R","E","M"],"build_version":"2018-08-23v2","purchased_purges":2,"victory":false,"max_hp_per_floor":[75,75,75,75,75,75,75,75,75,75,75,75,75,75,75,75,75,75,75,75,75,75,75,75,75,75,75,75,75,75,75,75,75,75,75,75,75,75,75,75,75,75],"card_choices":[{"not_picked":["Glacier","Redo"],"picked":"Streamline","floor":1.0},{"not_picked":["Leap","Skim"],"picked":"Turbo","floor":3.0},{"not_picked":["Beam Cell","Redo"],"picked":"Scrape","floor":7.0},{"not_picked":["Ball Lightning","BootSequence"],"picked":"Hologram","floor":11.0},{"not_picked":["Multi-Cast","Hologram"],"picked":"Turbo","floor":12.0},{"not_picked":["Echo Form","Rainbow"],"picked":"All For One","floor":16.0},{"not_picked":["Turbo","Stack"],"picked":"Beam Cell","floor":18},{"not_picked":["Turbo+1","Sweeping Beam","Barrage"],"picked":"SKIP","floor":22},{"not_picked":["Force Field+1","Fission"],"picked":"Gash+1","floor":24},{"not_picked":["Turbo","Coolheaded"],"picked":"Go for the Eyes","floor":27},{"not_picked":["Cold Snap","Conserve Battery+1","Compile Driver+1"],"picked":"SKIP","floor":28},{"not_picked":["White Noise","Consume","Cold Snap"],"picked":"SKIP","floor":31},{"not_picked":["Thunder Strike","Fission"],"picked":"Seek","floor":33},{"not_picked":["Stack","Rip and Tear"],"picked":"Streamline","floor":35},{"not_picked":["Loop","Coolheaded+1","Cold Snap"],"picked":"SKIP","floor":36},{"not_picked":["Redo","Chill+1"],"picked":"All For One","floor":38},{"not_picked":["Sunder+1","Hologram+1"],"picked":"Beam Cell","floor":41}],"player_experience":723586,"relics_obtained":[{"floor":9.0,"key":"Pantograph"},{"floor":12.0,"key":"Kunai"},{"floor":20,"key":"Vajra"},{"floor":24,"key":"Art of War"},{"floor":26,"key":"Mummified Hand"},{"floor":41,"key":"Torii"}],"event_choices":[{"event_name":"Golden Wing","player_choice":"Card Removal","floor":4.0,"damage_taken":0.0},{"event_name":"Liars Game","player_choice":"disagreed","floor":5.0,"damage_taken":0.0},{"event_name":"Living Wall","player_choice":"Forget","floor":14.0,"damage_taken":0.0},{"event_name":"Purifier","player_choice":"One Purge","floor":21,"damage_taken":0},{"event_name":"Back to Basics","player_choice":"Elegance","floor":30,"damage_taken":0},{"event_name":"Falling","player_choice":"Removed Attack","floor":39,"damage_taken":0}],"is_beta":false,"boss_relics":[{"not_picked":["Velvet Choker","Astrolabe"],"picked":"Sozu"},{"not_picked":["Busted Crown","White Beast Statue"],"picked":"Eternal Feather"}],"items_purged_floors":[2,19],"is_endless":false,"potions_floor_spawned":[1,11,18,24,27,33,36,38],"killed_by":"Sphere and 2 Shapes","ascension_level":9}