{"gold_per_floor":[11,30,30,50,67,102,121,146,146,146,179,194,228,39,39,144,144,162,62,73,83,98,98,112,112],"floor_reached":25,"playtime":1589,"items_purged":["Defend_R","Defend_R"],"score":320,"play_id":"a3cd1c60-411e-406b-a040-0b54127162c3","local_time":"20180815170706","is_ascension_mode":true,"campfire_choices":[{"floor":10.0,"key":"REST"},{"data":"Armaments","floor":15.0,"key":"SMITH"},{"data":"Reaper","floor":23,"key":"SMITH"}],"neow_cost":"NO_GOLD","seed_source_timestamp":0,"circlet_count":0,"master_deck":["Strike_R","Strike_R","Strike_R","Strike_R","Strike_R+1","Defend_R","Defend_R","Bash","Limit Break","Flex","Flex","Clash+1","Clash","Heavy Blade","Flex","Whirlwind","Inflame+1","Armaments+1","Brutality+1","Sword Boomerang","Reaper+1"],"special_seed":0,"relics":["Burning Blood","Frozen Egg 2","Pen Nib","Whetstone","Strawberry","Shuriken","Charon\u0027s Ashes","Velvet Choker"],"potions_floor_usage":[],"damage_taken":[{"damage":1.0,"enemies":"Cultist","floor":1.0,"turns":3.0},{"damage":7.0,"enemies":"Small Slimes","floor":2.0,"turns":4.0},{"damage":14.0,"enemies":"Jaw Worm","floor":4.0,"turns":5.0},{"damage":13.0,"enemies":"Blue Slaver","floor":5.0,"turns":3.0},{"damage":20.0,"enemies":"3 Sentries","floor":6.0,"turns":8.0},{"damage":1.0,"enemies":"3 Louse","floor":7.0,"turns":3.0},{"damage":20.0,"enemies":"Lagavulin","floor":8.0,"turns":4.0},{"damage":15.0,"enemies":"3 Sentries","floor":11.0,"turns":5.0},{"damage":11.0,"enemies":"Looter","floor":12.0,"turns":2.0},{"damage":12.0,"enemies":"Gremlin Nob","floor":13.0,"turns":3.0},{"damage":41.0,"enemies":"Hexaghost","floor":16.0,"turns":6.0},{"damage":0,"enemies":"3 Byrds","floor":18,"turns":3},{"damage":18,"enemies":"Shell Parasite","floor":20,"turns":3},{"damage":13,"enemies":"Centurion and Healer","floor":21,"turns":4},{"damage":9,"enemies":"3 Cultists","floor":22,"turns":3},{"damage":45,"enemies":"Snake Plant","floor":24,"turns":3},{"damage":29,"enemies":"Slavers","floor":25,"turns":1}],"seed_played":"2950273415523117252","potions_obtained":[{"floor":4.0,"key":"SpeedPotion"},{"floor":5.0,"key":"Swift Potion"},{"floor":7.0,"key":"Strength Potion"},{"floor":8.0,"key":"Strength Potion"},{"floor":12.0,"key":"FearPotion"},{"floor":16.0,"key":"Ancient Potion"},{"floor":20,"key":"Ancient Potion"},{"floor":21,"key":"Explosive Potion"}],"is_trial":false,"path_per_floor":["M","M","T","M","M","E","M","E","T","R","E","M","E","$","R","B",null,"M","$","M","M","M","R","M"],"character_chosen":"IRONCLAD","items_purchased":["Inflame+1","Armaments"],"campfire_rested":1,"item_purchase_floors":[14,14],"current_hp_per_floor":[77,76,76,68,61,47,52,38,45,71,62,57,51,51,51,16,69,75,75,63,56,53,53,21,0],"gold":112,"neow_bonus":"THREE_RARE_CARDS","is_prod":false,"is_daily":false,"chose_seed":false,"campfire_upgraded":2,"win_rate":0,"timestamp":1534378026,"path_taken":["M","M","?","M","M","E","M","E","T","R","E","?","E","$","R","BOSS","M","$","M","M","M","R","M","E"],"build_version":"2018-08-09","purchased_purges":2,"victory":false,"max_hp_per_floor":[80,80,80,80,80,80,80,80,87,87,87,87,87,87,87,87,87,87,87,87,87,87,87,87,87],"card_choices":[{"not_picked":["Double Tap","Berserk"],"picked":"Limit Break","floor":0.0},{"not_picked":["Warcry","Anger"],"picked":"Flex","floor":1.0},{"not_picked":["Corruption","Perfected Strike"],"picked":"Flex","floor":2.0},{"not_picked":["Clothesline","Ghostly Armor"],"picked":"Clash","floor":4.0},{"not_picked":["Second Wind","Anger"],"picked":"Clash","floor":5.0},{"not_picked":["Shrug It Off","Shockwave"],"picked":"Heavy Blade","floor":6.0},{"not_picked":["Havoc","Combust+1"],"picked":"Flex","floor":7.0},{"not_picked":["Rage","Pommel Strike","Exhume"],"picked":"SKIP","floor":8.0},{"not_picked":["Clothesline","Power Through","True Grit"],"picked":"SKIP","floor":11.0},{"not_picked":["Body Slam","Clothesline","Wild Strike"],"picked":"SKIP","floor":12.0},{"not_picked":["Cleave","Iron Wave"],"picked":"Whirlwind","floor":13.0},{"not_picked":["Impervious","Immolate"],"picked":"Brutality+1","floor":16.0},{"not_picked":["Clothesline","Anger+1","Sentinel+1"],"picked":"SKIP","floor":18},{"not_picked":["Armaments","Combust+1","Rage+1"],"picked":"SKIP","floor":20},{"not_picked":["Twin Strike","Anger+1"],"picked":"Sword Boomerang","floor":21},{"not_picked":["Corruption+1","Sever Soul+1"],"picked":"Reaper","floor":22},{"not_picked":["Dual Wield","Warcry","Havoc"],"picked":"SKIP","floor":24}],"player_experience":650216,"relics_obtained":[{"floor":3.0,"key":"Frozen Egg 2"},{"floor":6.0,"key":"Pen Nib"},{"floor":8.0,"key":"Whetstone"},{"floor":9.0,"key":"Strawberry"},{"floor":11.0,"key":"Shuriken"},{"floor":13.0,"key":"Charon\u0027s Ashes"}],"event_choices":[],"is_beta":false,"boss_relics":[{"not_picked":["Snecko Eye","Orrery"],"picked":"Velvet Choker"}],"items_purged_floors":[14,19],"is_endless":false,"potions_floor_spawned":[4,5,7,8,12,16,20,21,24],"killed_by":"Slavers","ascension_level":7}