{"gold_per_floor":[115,115,130,205,205,205,205,236,307,307,340,29,46,46,46,169,169,193,206,131,8,8,8,42,55,79,79,117,117,135,158,158,284,284,307,307,328,328,348,348,392,43,66,89,422,422,441,455,455,455],"floor_reached":50,"playtime":5136,"items_purged":["Strike_G","Strike_G"],"score":840,"play_id":"fac00393-099e-4095-879a-15f853d5b24b","local_time":"20190812024219","is_ascension_mode":true,"campfire_choices":[{"data":"Skewer","floor":6.0,"key":"SMITH"},{"data":"Footwork","floor":10.0,"key":"SMITH"},{"data":"Apotheosis","floor":15.0,"key":"SMITH"},{"floor":23.0,"key":"REST"},{"floor":29.0,"key":"REST"},{"floor":32.0,"key":"REST"},{"floor":40.0,"key":"REST"},{"floor":46.0,"key":"REST"},{"floor":49.0,"key":"REST"}],"neow_cost":"TEN_PERCENT_HP_LOSS","seed_source_timestamp":0,"circlet_count":0,"master_deck":["AscendersBane","Defend_G","Defend_G","Defend_G","Defend_G","Survivor","Neutralize","Malaise","Footwork+1","Skewer+1","Footwork+1","Crippling Poison","Noxious Fumes","Apotheosis+1","Well Laid Plans","Night Terror","Dodge and Roll","PiercingWail","Infinite Blades","Blade Dance","Acrobatics+1","Endless Agony+1","Poisoned Stab","Noxious Fumes","Tools of the Trade","Noxious Fumes+1","Backstab+1","Infinite Blades","Blade Dance","Backflip","Tools of the Trade","Dash","Acrobatics+1"],"special_seed":0,"relics":["Ring of the Snake","Gremlin Horn","Shuriken","Bag of Marbles","Fusion Hammer","Blue Candle","Question Card","NlothsMask","Bronze Scales","Empty Cage","Happy Flower"],"potions_floor_usage":[50,50],"damage_taken":[{"damage":1.0,"enemies":"Cultist","floor":1.0,"turns":5.0},{"damage":0.0,"enemies":"Jaw Worm","floor":3.0,"turns":6.0},{"damage":8.0,"enemies":"Gremlin Nob","floor":8.0,"turns":4.0},{"damage":0.0,"enemies":"Lagavulin","floor":11.0,"turns":10.0},{"damage":0.0,"enemies":"2 Louse","floor":13.0,"turns":2.0},{"damage":14.0,"enemies":"Slime Boss","floor":16.0,"turns":9.0},{"damage":8.0,"enemies":"3 Byrds","floor":18.0,"turns":7.0},{"damage":12.0,"enemies":"Spheric Guardian","floor":19.0,"turns":5.0},{"damage":13.0,"enemies":"Gremlin Leader","floor":24.0,"turns":9.0},{"damage":13.0,"enemies":"Cultist and Chosen","floor":25.0,"turns":7.0},{"damage":18.0,"enemies":"Slavers","floor":28.0,"turns":6.0},{"damage":4.0,"enemies":"3 Cultists","floor":30.0,"turns":5.0},{"damage":18.0,"enemies":"Centurion and Healer","floor":31.0,"turns":7.0},{"damage":9.0,"enemies":"Automaton","floor":33.0,"turns":10.0},{"damage":8.0,"enemies":"3 Darklings","floor":35.0,"turns":5.0},{"damage":37.0,"enemies":"3 Shapes","floor":37.0,"turns":5.0},{"damage":9.0,"enemies":"Transient","floor":39.0,"turns":5.0},{"damage":2.0,"enemies":"Giant Head","floor":41.0,"turns":9.0},{"damage":0.0,"enemies":"Sphere and 2 Shapes","floor":44.0,"turns":5.0},{"damage":15.0,"enemies":"Jaw Worm Horde","floor":47.0,"turns":4.0},{"damage":16.0,"enemies":"Transient","floor":48.0,"turns":5.0},{"damage":34,"enemies":"Donu and Deca","floor":50,"turns":5}],"seed_played":"-6382636990862314205","potions_obtained":[{"floor":3.0,"key":"SteroidPotion"},{"floor":8.0,"key":"AttackPotion"},{"floor":13.0,"key":"Fire Potion"},{"floor":24.0,"key":"Dexterity Potion"},{"floor":25.0,"key":"Fire Potion"},{"floor":28.0,"key":"Ancient Potion"},{"floor":31.0,"key":"Block Potion"},{"floor":35.0,"key":"FearPotion"},{"floor":47.0,"key":"AttackPotion"}],"is_trial":false,"path_per_floor":["M","?","M","?","?","R","?","E","T","R","E","$","M","?","R","B",null,"M","M","?","$","?","R","E","M","T","?","E","R","M","M","R","B",null,"M","?","M","?","M","R","E","$","T","M","?","R","M","M","R","B"],"character_chosen":"THE_SILENT","items_purchased":["Noxious Fumes","Apotheosis","PiercingWail","Infinite Blades","Backflip","Tools of the Trade","Block Potion","LiquidBronze"],"campfire_rested":6,"item_purchase_floors":[12,12,21,21,42,42,42,42],"current_hp_per_floor":[62,62,62,51,51,51,56,48,48,48,48,48,48,31,31,17,55,47,35,35,35,35,55,42,29,29,29,11,31,27,9,29,20,56,48,48,11,11,2,22,20,20,20,20,20,40,25,9,29,0],"gold":455,"neow_bonus":"THREE_RARE_CARDS","is_prod":false,"is_daily":false,"chose_seed":false,"campfire_upgraded":3,"win_rate":0,"timestamp":1565592139,"path_taken":["M","?","M","?","?","R","?","E","T","R","E","$","M","?","R","BOSS","M","M","?","$","?","R","E","M","T","?","E","R","?","M","R","BOSS","M","?","?","?","M","R","E","$","T","M","?","R","M","M","R","BOSS"],"build_version":"2019-07-17","purchased_purges":2,"victory":false,"max_hp_per_floor":[63,63,63,63,63,63,68,68,68,68,68,68,68,68,68,68,68,68,68,68,68,68,68,68,68,68,68,68,68,68,68,68,68,68,68,68,68,68,68,68,68,68,68,68,68,68,68,68,68,68],"card_choices":[{"not_picked":["Burst","After Image"],"picked":"Malaise","floor":0.0},{"not_picked":["Bane","Eviscerate"],"picked":"Footwork","floor":1.0},{"not_picked":["Escape Plan","Blur"],"picked":"Skewer","floor":3.0},{"not_picked":["Eviscerate","Catalyst"],"picked":"Footwork","floor":8.0},{"not_picked":["Prepared","Glass Knife"],"picked":"Crippling Poison","floor":11.0},{"not_picked":["Quick Slash","Poisoned Stab"],"picked":"Well Laid Plans","floor":13.0},{"not_picked":["Unload","Malaise"],"picked":"Night Terror","floor":16.0},{"not_picked":["Terror","Bane","Reflex"],"picked":"SKIP","floor":18.0},{"not_picked":["Slice","Terror"],"picked":"Dodge and Roll","floor":19.0},{"not_picked":["Well Laid Plans","Grand Finale"],"picked":"Blade Dance","floor":24.0},{"not_picked":["Masterful Stab+1","Deflect","All Out Attack"],"picked":"Acrobatics+1","floor":25.0},{"not_picked":["Riddle With Holes+1","Tactician","Flying Knee"],"picked":"Endless Agony+1","floor":28.0},{"not_picked":["Endless Agony","Calculated Gamble","Sucker Punch"],"picked":"Poisoned Stab","floor":30.0},{"not_picked":["Bane","Prepared","Quick Slash"],"picked":"Noxious Fumes","floor":31.0},{"not_picked":["Phantasmal Killer","Venomology","Doppelganger"],"picked":"Tools of the Trade","floor":33.0},{"not_picked":["Dodge and Roll","Deadly Poison","Prepared+1"],"picked":"Noxious Fumes+1","floor":35.0},{"not_picked":["Terror","Masterful Stab+1","PiercingWail"],"picked":"Backstab+1","floor":37.0},{"not_picked":["Heel Hook+1","Concentrate+1","Bouncing Flask"],"picked":"Infinite Blades","floor":39.0},{"not_picked":["Poisoned Stab","Accuracy","Dagger Spray"],"picked":"Blade Dance","floor":41.0},{"not_picked":["Sucker Punch+1","Night Terror","Underhanded Strike+1","Terror+1"],"picked":"SKIP","floor":44.0},{"not_picked":["Choke+1","Heel Hook+1","Caltrops+1"],"picked":"Dash","floor":47.0},{"not_picked":["Quick Slash","Finisher","Dagger Throw+1"],"picked":"Acrobatics+1","floor":48.0}],"player_experience":453407,"relics_obtained":[{"floor":8.0,"key":"Gremlin Horn"},{"floor":9.0,"key":"Shuriken"},{"floor":11.0,"key":"Bag of Marbles"},{"floor":24.0,"key":"Question Card"},{"floor":28.0,"key":"Bronze Scales"},{"floor":41.0,"key":"Happy Flower"}],"event_choices":[{"damage_healed":0.0,"max_hp_gain":0.0,"max_hp_loss":0.0,"gold_gain":0.0,"event_name":"Living Wall","player_choice":"Grow","floor":2.0,"gold_loss":0.0,"damage_taken":0.0,"cards_upgraded":["Footwork"]},{"damage_healed":0.0,"max_hp_gain":0.0,"max_hp_loss":0.0,"gold_gain":75.0,"event_name":"World of Goop","player_choice":"Gather Gold","floor":4.0,"gold_loss":0.0,"damage_taken":11.0},{"damage_healed":0.0,"max_hp_gain":0.0,"max_hp_loss":0.0,"gold_gain":0.0,"event_name":"Liars Game","player_choice":"Ignored","floor":5.0,"gold_loss":0.0,"damage_taken":0.0},{"damage_healed":0.0,"max_hp_gain":5.0,"max_hp_loss":0.0,"gold_gain":0.0,"event_name":"Big Fish","player_choice":"Donut","floor":7.0,"gold_loss":0.0,"damage_taken":0.0},{"damage_healed":0.0,"max_hp_gain":0.0,"max_hp_loss":0.0,"gold_gain":0.0,"event_name":"Golden Idol","player_choice":"Take Damage","floor":14.0,"gold_loss":0.0,"damage_taken":17.0,"relics_obtained":["Golden Idol"]},{"cards_removed":["Strike_G"],"damage_healed":0.0,"max_hp_gain":0.0,"max_hp_loss":0.0,"gold_gain":0.0,"event_name":"Beggar","player_choice":"Gave Gold","floor":20.0,"gold_loss":75.0,"damage_taken":0.0},{"damage_healed":0.0,"max_hp_gain":0.0,"max_hp_loss":0.0,"gold_gain":0.0,"event_name":"The Mausoleum","player_choice":"Opened","floor":22.0,"gold_loss":0.0,"damage_taken":0.0,"relics_obtained":["Blue Candle"],"cards_obtained":["Writhe"]},{"damage_healed":0.0,"max_hp_gain":0.0,"max_hp_loss":0.0,"gold_gain":0.0,"event_name":"FaceTrader","player_choice":"Trade","floor":27.0,"gold_loss":0.0,"damage_taken":0.0,"relics_obtained":["NlothsMask"]},{"cards_removed":["Writhe"],"damage_healed":0.0,"max_hp_gain":0.0,"max_hp_loss":0.0,"gold_gain":0.0,"event_name":"Fountain of Cleansing","player_choice":"Removed Curses","floor":36.0,"gold_loss":0.0,"damage_taken":0.0},{"cards_removed":["Defend_G"],"damage_healed":0.0,"max_hp_gain":0.0,"max_hp_loss":0.0,"gold_gain":0.0,"event_name":"Falling","player_choice":"Removed Skill","floor":38.0,"gold_loss":0.0,"damage_taken":0.0},{"damage_healed":0.0,"max_hp_gain":0.0,"max_hp_loss":0.0,"gold_gain":333.0,"event_name":"The Moai Head","player_choice":"Gave Idol","floor":45.0,"relics_lost":["Golden Idol"],"gold_loss":0.0,"damage_taken":0.0}],"is_beta":false,"boss_relics":[{"not_picked":["Lizard Tail","Tiny House"],"picked":"Fusion Hammer"},{"not_picked":["Runic Dome","Philosopher\u0027s Stone"],"picked":"Empty Cage"}],"items_purged_floors":[12,42],"is_endless":false,"potions_floor_spawned":[3,8,13,24,25,28,31,33,35,44,47],"killed_by":"Donu and Deca","ascension_level":10}