{"gold_per_floor":[115,115,115,127,52,52,77,96,121,41,53,53,82,95,95,172,172,190,210,225,40,66,66,77,93,118,118,68,78,78,3,3,76,76,90,90,103,115,215,215,249,249,324,324,16,16,16,36,36,36,36],"floor_reached":51,"playtime":2840,"items_purged":["Defend_R","Defend_R","Strike_R","Strike_R"],"score":1295,"play_id":"6f8042c2-7801-4224-bae7-dfaa40c04510","local_time":"20190706153700","is_ascension_mode":true,"campfire_choices":[{"data":"Inflame","floor":6,"key":"SMITH"},{"data":"Armaments","floor":12,"key":"SMITH"},{"data":"Disarm","floor":15,"key":"SMITH"},{"floor":23,"key":"REST"},{"floor":30,"key":"REST"},{"floor":32,"key":"REST"},{"data":"Limit Break","floor":40,"key":"SMITH"},{"data":"Battle Trance","floor":42,"key":"SMITH"},{"data":"Flex","floor":44,"key":"SMITH"},{"data":"Offering","floor":46,"key":"SMITH"},{"data":"Bash","floor":49,"key":"SMITH"}],"neow_cost":"NONE","seed_source_timestamp":1023599730379686,"circlet_count":0,"master_deck":["AscendersBane","Strike_R","Strike_R","Bash+1","Twin Strike","Sword Boomerang+1","Inflame+1","Battle Trance+1","Armaments+1","Dual Wield","Disarm+1","Limit Break+1","Flex+1","Twin Strike","Pummel+1","Immolate","Thunderclap","Pummel+1","Pummel","Offering+1","Pummel"],"relics":["Black Blood","Orichalcum","Boot","Smiling Mask","Turnip","Sozu","Tiny Chest","Red Mask","Potion Belt","Vajra","Ginger","Regal Pillow","Paper Frog","Whetstone"],"potions_floor_usage":[7,16,18],"damage_taken":[{"damage":11,"enemies":"Jaw Worm","floor":1,"turns":4},{"damage":8,"enemies":"Small Slimes","floor":4,"turns":3},{"damage":13,"enemies":"3 Sentries","floor":7,"turns":5},{"damage":2,"enemies":"2 Louse","floor":8,"turns":2},{"damage":3,"enemies":"2 Fungi Beasts","floor":11,"turns":3},{"damage":14,"enemies":"Lagavulin","floor":13,"turns":4},{"damage":9,"enemies":"Large Slime","floor":14,"turns":5},{"damage":55,"enemies":"The Guardian","floor":16,"turns":8},{"damage":7,"enemies":"3 Byrds","floor":18,"turns":4},{"damage":0,"enemies":"Chosen","floor":19,"turns":2},{"damage":12,"enemies":"3 Cultists","floor":20,"turns":4},{"damage":59,"enemies":"Masked Bandits","floor":22,"turns":4},{"damage":21,"enemies":"Centurion and Healer","floor":24,"turns":5},{"damage":18,"enemies":"Cultist and Chosen","floor":25,"turns":4},{"damage":0,"enemies":"Snecko","floor":29,"turns":2},{"damage":29,"enemies":"Champ","floor":33,"turns":6},{"damage":17,"enemies":"3 Shapes","floor":35,"turns":2},{"damage":2,"enemies":"3 Darklings","floor":37,"turns":2},{"damage":45,"enemies":"4 Shapes","floor":38,"turns":5},{"damage":0,"enemies":"Mind Bloom Boss Battle","floor":39,"turns":2},{"damage":6,"enemies":"Nemesis","floor":41,"turns":3},{"damage":27,"enemies":"Spire Growth","floor":48,"turns":3},{"damage":56,"enemies":"Awakened One","floor":50,"turns":5},{"damage":18,"enemies":"Time Eater","floor":51,"turns":2}],"seed_played":"7198266940968779518","potions_obtained":[{"floor":1,"key":"AttackPotion"},{"floor":7,"key":"Ancient Potion"},{"floor":13,"key":"BloodPotion"},{"floor":16,"key":"Explosive Potion"}],"is_trial":false,"path_per_floor":["M","?","?","M","?","R","E","M","T","$","M","R","E","M","R","B",null,"M","M","M","$","?","R","M","M","T","?","$","M","R","?","R","B",null,"M","?","M","M","?","R","E","R","T","R","$","R","?","M","R","B","B"],"character_chosen":"IRONCLAD","items_purchased":["Armaments","Tiny Chest","Offering","Whetstone"],"campfire_rested":3,"item_purchase_floors":[10,21,45,45],"current_hp_per_floor":[63,63,68,66,66,66,59,63,63,63,66,66,58,55,55,26,67,66,72,66,66,13,37,22,10,10,10,10,16,40,40,64,41,70,63,63,71,36,46,46,50,50,50,50,50,50,80,63,63,17,0],"gold":36,"neow_bonus":"RANDOM_COMMON_RELIC","is_prod":false,"is_daily":false,"chose_seed":false,"campfire_upgraded":8,"win_rate":0,"timestamp":1562452620,"path_taken":["M","?","?","M","?","R","E","M","T","$","M","R","E","M","R","BOSS","M","M","M","$","?","R","M","M","T","?","$","M","R","?","R","BOSS","M","?","M","?","?","R","E","R","T","R","$","R","?","M","R","BOSS","BOSS"],"build_version":"2019-07-05","purchased_purges":4,"victory":false,"max_hp_per_floor":[75,75,80,80,80,80,80,80,80,80,80,80,80,80,80,80,80,80,80,80,80,80,80,80,80,80,80,80,80,80,80,80,80,80,80,80,80,80,80,80,80,80,80,80,80,80,80,80,80,80,80],"card_choices":[{"not_picked":["Wild Strike","Iron Wave"],"picked":"Twin Strike","floor":1},{"not_picked":["Sword Boomerang","Thunderclap"],"picked":"Inflame","floor":4},{"not_picked":["Clothesline","Iron Wave","Perfected Strike"],"picked":"SKIP","floor":7},{"not_picked":["Disarm","Havoc"],"picked":"Battle Trance","floor":8},{"not_picked":["Infernal Blade","Thunderclap"],"picked":"Dual Wield","floor":11},{"not_picked":["Cleave","Fiend Fire"],"picked":"Disarm","floor":13},{"not_picked":["Intimidate","Pommel Strike","Dual Wield"],"picked":"SKIP","floor":14},{"not_picked":["Exhume","Double Tap"],"picked":"Limit Break","floor":16},{"not_picked":["Headbutt","Clash"],"picked":"Flex","floor":18},{"not_picked":["Thunderclap","Berserk","Sentinel"],"picked":"SKIP","floor":19},{"not_picked":["Thunderclap","True Grit","Reckless Charge"],"picked":"SKIP","floor":20},{"not_picked":["Clothesline","Infernal Blade"],"picked":"Twin Strike","floor":22},{"not_picked":["Rampage","Clash","Infernal Blade"],"picked":"SKIP","floor":24},{"not_picked":["Corruption","Intimidate"],"picked":"Pummel+1","floor":25},{"not_picked":["Wild Strike","Cleave","Shrug It Off"],"picked":"SKIP","floor":29},{"not_picked":["Dark Embrace","Exhume"],"picked":"Immolate","floor":33},{"not_picked":["Pommel Strike","Iron Wave"],"picked":"Thunderclap","floor":35},{"not_picked":["Havoc+1","Armaments","Bloodletting+1"],"picked":"SKIP","floor":37},{"not_picked":["Cleave","True Grit","Iron Wave"],"picked":"SKIP","floor":38},{"not_picked":["Shrug It Off","True Grit"],"picked":"Pummel","floor":39},{"not_picked":["Heavy Blade+1","Blood for Blood+1"],"picked":"Pummel","floor":41},{"not_picked":["Immolate","Whirlwind"],"picked":"Pummel","floor":48}],"player_experience":1424668,"relics_obtained":[{"floor":7,"key":"Boot"},{"floor":9,"key":"Smiling Mask"},{"floor":13,"key":"Turnip"},{"floor":22,"key":"Red Mask"},{"floor":26,"key":"Potion Belt"},{"floor":39,"key":"Ginger"},{"floor":41,"key":"Regal Pillow"},{"floor":43,"key":"Paper Frog"}],"event_choices":[{"damage_healed":0,"gold_gain":0,"cards_transformed":["Defend_R"],"player_choice":"Change","damage_taken":0,"max_hp_gain":0,"max_hp_loss":0,"event_name":"Living Wall","floor":2,"gold_loss":0,"cards_obtained":["Sword Boomerang"]},{"damage_healed":0,"gold_gain":0,"player_choice":"Donut","damage_taken":0,"max_hp_gain":5,"max_hp_loss":0,"event_name":"Big Fish","floor":3,"gold_loss":0},{"cards_removed":["Defend_R"],"damage_healed":0,"gold_gain":0,"player_choice":"Card Removal","damage_taken":0,"max_hp_gain":0,"max_hp_loss":0,"event_name":"The Cleric","floor":5,"gold_loss":75},{"damage_healed":0,"gold_gain":0,"player_choice":"Fought Bandits","damage_taken":0,"max_hp_gain":0,"max_hp_loss":0,"event_name":"Masked Bandits","floor":22,"gold_loss":0},{"damage_healed":0,"gold_gain":0,"player_choice":"Ignored","damage_taken":0,"max_hp_gain":0,"max_hp_loss":0,"event_name":"Vampires","floor":27,"gold_loss":0},{"cards_removed":["Strike_R"],"damage_healed":0,"gold_gain":0,"player_choice":"Gave Gold","damage_taken":0,"max_hp_gain":0,"max_hp_loss":0,"event_name":"Beggar","floor":31,"gold_loss":75},{"damage_healed":0,"gold_gain":0,"player_choice":"Gave Potion","damage_taken":0,"relics_obtained":["Vajra"],"max_hp_gain":0,"max_hp_loss":0,"event_name":"WeMeetAgain","floor":36,"gold_loss":0},{"damage_healed":0,"gold_gain":0,"player_choice":"Fight","damage_taken":0,"max_hp_gain":0,"max_hp_loss":0,"event_name":"MindBloom","floor":39,"gold_loss":0},{"damage_healed":30,"gold_gain":0,"player_choice":"Full Heal","damage_taken":0,"max_hp_gain":0,"max_hp_loss":0,"event_name":"Wheel of Change","floor":47,"gold_loss":0}],"is_beta":false,"boss_relics":[{"not_picked":["Snecko Eye","White Beast Statue"],"picked":"Sozu"},{"not_picked":["Black Star","Mark of Pain"],"picked":"Black Blood"}],"items_purged_floors":[10,21,28,45],"is_endless":false,"potions_floor_spawned":[1,7,13,16,18,20,25,37,38,41],"killed_by":"Time Eater","ascension_level":20}