{"gold_per_floor":[109,122,122,122,146,182,182,216,286,286,286,305,191,209,209,338,338,327,252,70,93,93,118,118,131,131,131,169,194,74,74],"floor_reached":31,"playtime":1931,"items_purged":["Strike_B"],"score":290,"play_id":"4e197cbf-4eb8-4277-852d-2005c8c1fcf8","local_time":"20190814134923","is_ascension_mode":false,"campfire_choices":[{"data":"Beam Cell","floor":7,"key":"SMITH"},{"data":"Zap","floor":10,"key":"SMITH"},{"floor":15,"key":"REST"},{"data":"Buffer","floor":24,"key":"SMITH"},{"floor":27,"key":"REST"}],"neow_cost":"NONE","seed_source_timestamp":11079172890600,"circlet_count":0,"master_deck":["Defend_B","Defend_B","Defend_B","Zap+1","Dualcast+1","Dramatic Entrance+1","Beam Cell+1","Coolheaded","Gash","Stack","Lockon","Thunder Strike","Defragment","Cold Snap","Buffer+1","Chill+1","Conserve Battery+1","Blizzard+1","Ball Lightning+1","Transmutation","Gash+1","Pain","FTL","Hologram","Gash","Turbo+1","Gash","Auto Shields"],"relics":["Cracked Core","Golden Idol","Calipers","Vajra","Ornamental Fan","Astrolabe","WarpedTongs","Mummified Hand","Whetstone"],"potions_floor_usage":[],"damage_taken":[{"damage":1,"enemies":"Jaw Worm","floor":1,"turns":3},{"damage":0,"enemies":"Small Slimes","floor":2,"turns":2},{"damage":0,"enemies":"Cultist","floor":5,"turns":3},{"damage":35,"enemies":"Lagavulin","floor":6,"turns":7},{"damage":12,"enemies":"3 Sentries","floor":8,"turns":8},{"damage":0,"enemies":"Large Slime","floor":12,"turns":3},{"damage":9,"enemies":"Blue Slaver","floor":14,"turns":2},{"damage":32,"enemies":"Hexaghost","floor":16,"turns":13},{"damage":10,"enemies":"2 Thieves","floor":18,"turns":4},{"damage":15,"enemies":"Spheric Guardian","floor":21,"turns":6},{"damage":15,"enemies":"Centurion and Healer","floor":23,"turns":8},{"damage":3,"enemies":"Sentry and Sphere","floor":25,"turns":5},{"damage":20,"enemies":"Slavers","floor":28,"turns":5},{"damage":9,"enemies":"3 Cultists","floor":29,"turns":5},{"damage":21,"enemies":"Cultist and Chosen","floor":31,"turns":5}],"seed_played":"8692804476142585922","potions_obtained":[{"floor":5,"key":"Dexterity Potion"},{"floor":8,"key":"Energy Potion"},{"floor":25,"key":"Strength Potion"}],"is_trial":false,"path_per_floor":["M","M","?","?","M","E","R","E","T","R","?","M","$","M","R","B",null,"M","?","$","M","?","M","R","M","T","R","E","M","$","M"],"character_chosen":"DEFECT","items_purchased":["Defragment","Transmutation","Gash","Auto Shields"],"campfire_rested":2,"item_purchase_floors":[13,20,30,30],"current_hp_per_floor":[74,74,69,69,69,34,34,22,22,22,22,22,22,13,33,1,69,59,59,59,44,44,29,29,26,26,46,26,17,17,0],"gold":74,"neow_bonus":"RANDOM_COLORLESS","is_prod":false,"is_daily":false,"chose_seed":false,"campfire_upgraded":3,"win_rate":0.0,"timestamp":1565761763,"path_taken":["M","M","?","?","M","E","R","E","T","R","?","?","$","M","R","BOSS","M","?","$","M","?","?","R","M","T","R","E","M","?","M"],"build_version":"2019-07-17","purchased_purges":1,"victory":false,"max_hp_per_floor":[75,75,69,69,69,69,69,69,69,69,69,69,69,69,69,69,69,69,69,69,69,69,69,69,69,69,69,69,69,69,69],"card_choices":[{"not_picked":["Sweeping Beam","Rip and Tear"],"picked":"Beam Cell","floor":1},{"not_picked":["Sweeping Beam","Aggregate"],"picked":"Coolheaded","floor":2},{"not_picked":["Reinforced Body","Stack"],"picked":"Gash","floor":5},{"not_picked":["Steam","Undo"],"picked":"Stack","floor":6},{"not_picked":["Conserve Battery","Beam Cell"],"picked":"Lockon","floor":8},{"not_picked":["Streamline","Compile Driver"],"picked":"Biased Cognition","floor":12},{"not_picked":["Go for the Eyes","Stack"],"picked":"Cold Snap","floor":14},{"not_picked":["Core Surge","Amplify"],"picked":"Buffer","floor":16},{"not_picked":["Turbo","Lockon"],"picked":"Ball Lightning","floor":18},{"not_picked":["Cold Snap","Reprogram+1"],"picked":"Gash+1","floor":21},{"not_picked":["Steam+1","Leap+1"],"picked":"FTL","floor":23},{"not_picked":["Conserve Battery+1","Genetic Algorithm"],"picked":"Hologram","floor":25},{"not_picked":["Rebound","Sunder"],"picked":"Gash","floor":28},{"not_picked":["Go for the Eyes","Sweeping Beam"],"picked":"Turbo+1","floor":29}],"player_experience":126253,"relics_obtained":[{"floor":6,"key":"Calipers"},{"floor":8,"key":"Vajra"},{"floor":9,"key":"Ornamental Fan"},{"floor":26,"key":"Mummified Hand"},{"floor":28,"key":"Whetstone"}],"event_choices":[{"damage_healed":0,"gold_gain":0,"player_choice":"Lose Max HP","damage_taken":0,"relics_obtained":["Golden Idol"],"max_hp_gain":0,"max_hp_loss":6,"event_name":"Golden Idol","floor":3,"gold_loss":0},{"damage_healed":0,"gold_gain":0,"player_choice":"Grow","damage_taken":0,"max_hp_gain":0,"max_hp_loss":0,"event_name":"Living Wall","floor":4,"gold_loss":0,"cards_upgraded":["Dualcast"]},{"damage_healed":0,"gold_gain":0,"cards_transformed":["Strike_B"],"player_choice":"Transformed","damage_taken":0,"max_hp_gain":0,"max_hp_loss":0,"event_name":"Transmorgrifier","floor":11,"gold_loss":0,"cards_obtained":["Thunder Strike"]},{"cards_removed":["Defend_B"],"damage_healed":0,"gold_gain":0,"player_choice":"Gave Gold","damage_taken":0,"max_hp_gain":0,"max_hp_loss":0,"event_name":"Beggar","floor":19,"gold_loss":75},{"damage_healed":0,"gold_gain":0,"player_choice":"Rummage","damage_taken":0,"relics_obtained":["WarpedTongs"],"max_hp_gain":0,"max_hp_loss":0,"event_name":"Accursed Blacksmith","floor":22,"gold_loss":0,"cards_obtained":["Pain"]}],"is_beta":false,"boss_relics":[{"not_picked":["FrozenCore","Tiny House"],"picked":"Astrolabe"}],"items_purged_floors":[13],"is_endless":false,"potions_floor_spawned":[5,8,25,29],"killed_by":"Cultist and Chosen","ascension_level":0}