{"gold_per_floor":[110,123,298,309,325,352,86,86,86,112,112,128,145,145,145,265,265,280,293,314,78,91,91],"floor_reached":23,"playtime":1951,"items_purged":["Doubt","Injury"],"score":347,"play_id":"c331bead-6fde-4909-913b-c15374c8d446","local_time":"20180915140243","is_ascension_mode":true,"campfire_choices":[{"data":"Feed","floor":8,"key":"SMITH"},{"data":"Feel No Pain","floor":11,"key":"SMITH"},{"data":"True Grit","floor":15,"key":"SMITH"}],"neow_cost":"NONE","seed_source_timestamp":1501623209436752,"circlet_count":0,"master_deck":["Strike_R","Strike_R","Strike_R","Strike_R","Strike_R","Defend_R","Defend_R","Defend_R","Defend_R","Bash","Immolate","Feel No Pain+1","Disarm","Sever Soul","Feed+1","True Grit+1","Offering","Reckless Charge","Headbutt","Battle Trance","Reckless Charge","Purity","Evolve"],"relics":["Burning Blood","Vajra","Frozen Eye","Meat on the Bone","Mango","Golden Idol","Lizard Tail"],"potions_floor_usage":[6,22],"damage_taken":[{"damage":0,"enemies":"2 Louse","floor":1,"turns":2},{"damage":7,"enemies":"Small Slimes","floor":2,"turns":3},{"damage":1,"enemies":"Cultist","floor":4,"turns":3},{"damage":13,"enemies":"Blue Slaver","floor":5,"turns":2},{"damage":20,"enemies":"3 Sentries","floor":6,"turns":5},{"damage":24,"enemies":"Gremlin Nob","floor":10,"turns":4},{"damage":6,"enemies":"Looter","floor":12,"turns":2},{"damage":5,"enemies":"3 Louse","floor":13,"turns":2},{"damage":62,"enemies":"The Guardian","floor":16,"turns":16},{"damage":36,"enemies":"2 Thieves","floor":18,"turns":5},{"damage":17,"enemies":"Chosen","floor":19,"turns":5},{"damage":41,"enemies":"Centurion and Healer","floor":20,"turns":6},{"damage":21,"enemies":"3 Cultists","floor":22,"turns":4},{"damage":117,"enemies":"Book of Stabbing","floor":23,"turns":11}],"seed_played":"-5197345425784670637","potions_obtained":[{"floor":1,"key":"Regen Potion"},{"floor":2,"key":"Ancient Potion"},{"floor":5,"key":"SneckoOil"},{"floor":19,"key":"Strength Potion"}],"is_trial":false,"path_per_floor":["M","M","?","M","M","E","$","R","T","E","R","M","M","?","R","B",null,"M","M","M","$","M"],"character_chosen":"IRONCLAD","items_purchased":["Frozen Eye","Reckless Charge","Purity"],"campfire_rested":0,"item_purchase_floors":[7,21,21],"current_hp_per_floor":[78,77,77,80,73,71,71,71,71,71,71,75,80,80,80,40,93,67,68,45,45,42,0],"gold":91,"neow_bonus":"ONE_RANDOM_RARE_CARD","is_prod":false,"is_daily":false,"chose_seed":false,"campfire_upgraded":3,"win_rate":0,"timestamp":1537045363,"path_taken":["M","M","?","M","?","E","$","R","T","E","R","M","M","?","R","BOSS","M","M","M","$","M","E"],"build_version":"2018-09-06","purchased_purges":2,"victory":false,"max_hp_per_floor":[80,80,80,80,80,80,80,80,80,98,98,102,106,106,106,110,110,114,114,114,114,114,114],"card_choices":[{"not_picked":["Dropkick","Body Slam","Iron Wave"],"picked":"SKIP","floor":1},{"not_picked":["Ghostly Armor","Intimidate"],"picked":"Feel No Pain","floor":2},{"not_picked":["Sword Boomerang","Juggernaut"],"picked":"Disarm","floor":4},{"not_picked":["Thunderclap","Anger"],"picked":"Sever Soul","floor":5},{"not_picked":["Heavy Blade","Clothesline"],"picked":"Feed","floor":6},{"not_picked":["Thunderclap","Metallicize","Twin Strike"],"picked":"SKIP","floor":10},{"not_picked":["Uppercut","Anger","Metallicize"],"picked":"SKIP","floor":12},{"not_picked":["Clash","Bludgeon"],"picked":"True Grit","floor":13},{"not_picked":["Juggernaut","Barricade"],"picked":"Offering","floor":16},{"not_picked":["Shrug It Off","Metallicize"],"picked":"Reckless Charge","floor":18},{"not_picked":["Flex","Anger"],"picked":"Headbutt","floor":19},{"not_picked":["Anger","Pommel Strike"],"picked":"Battle Trance","floor":20},{"not_picked":["Heavy Blade","Cleave+1"],"picked":"Evolve","floor":22}],"player_experience":808103,"relics_obtained":[{"floor":6,"key":"Vajra"},{"floor":9,"key":"Meat on the Bone"},{"floor":10,"key":"Mango"}],"event_choices":[{"event_name":"Liars Game","player_choice":"agreed","floor":3,"damage_taken":0},{"event_name":"Golden Idol","player_choice":"Take Wound","floor":14,"damage_taken":0}],"is_beta":false,"boss_relics":[{"not_picked":["Snecko Eye","Coffee Dripper"],"picked":"Lizard Tail"}],"items_purged_floors":[7,21],"is_endless":false,"potions_floor_spawned":[1,2,5,19],"killed_by":"Book of Stabbing","ascension_level":9}