{"gold_per_floor":[110,185,185,185,200,54,81,101,101,101,114,186,186,217,217,318,318,335,434,114,130,130,130],"floor_reached":23,"playtime":1518,"items_purged":["Strike_B","Strike_B"],"score":222,"play_id":"0a2b40e6-314d-4379-a69d-9c50b76b08e1","local_time":"20190813130927","is_ascension_mode":false,"campfire_choices":[{"data":"Zap","floor":10,"key":"SMITH"},{"floor":13,"key":"REST"},{"data":"Heatsinks","floor":15,"key":"SMITH"}],"neow_cost":"NONE","seed_source_timestamp":185971664004600,"circlet_count":0,"master_deck":["Strike_B+1","Strike_B","Defend_B","Defend_B+1","Defend_B+1","Defend_B","Zap+1","Dualcast+1","Compile Driver","Conserve Battery","Heatsinks+1","Auto Shields","Ball Lightning","Go for the Eyes","Steam+1","Rainbow+1","Leap+1","Redo+1","Apotheosis+1","Stack+1"],"relics":["Cracked Core","NeowsBlessing","Question Card","Shuriken","Toxic Egg 2","War Paint","Velvet Choker","Bird Faced Urn"],"potions_floor_usage":[16,16,23],"damage_taken":[{"damage":0,"enemies":"2 Louse","floor":1,"turns":1},{"damage":0,"enemies":"Jaw Worm","floor":5,"turns":1},{"damage":0,"enemies":"3 Sentries","floor":7,"turns":2},{"damage":4,"enemies":"Small Slimes","floor":8,"turns":3},{"damage":13,"enemies":"Gremlin Gang","floor":11,"turns":4},{"damage":8,"enemies":"Gremlin Nob","floor":14,"turns":4},{"damage":30,"enemies":"Slime Boss","floor":16,"turns":13},{"damage":5,"enemies":"2 Thieves","floor":18,"turns":4},{"damage":0,"enemies":"Shell Parasite","floor":21,"turns":4},{"damage":81,"enemies":"Gremlin Leader","floor":23,"turns":10}],"seed_played":"3140239715422644679","potions_obtained":[{"floor":4,"key":"SneckoOil"},{"floor":4,"key":"PowerPotion"},{"floor":4,"key":"GamblersBrew"},{"floor":5,"key":"Ancient Potion"},{"floor":14,"key":"Block Potion"},{"floor":18,"key":"Poison Potion"}],"is_trial":false,"path_per_floor":["M","?","?","?","M","$","E","M","T","R","M","T","R","E","R","B",null,"M","?","$","M","?","E"],"character_chosen":"DEFECT","items_purchased":["Heatsinks","Redo+1","Apotheosis+1"],"campfire_rested":1,"item_purchase_floors":[6,20,20],"current_hp_per_floor":[75,64,49,49,49,49,49,45,45,45,32,32,54,46,46,16,75,70,70,70,70,70,0],"gold":130,"neow_bonus":"THREE_ENEMY_KILL","is_prod":false,"is_daily":false,"chose_seed":false,"campfire_upgraded":2,"win_rate":0.0,"timestamp":1565672967,"path_taken":["M","?","?","?","M","$","E","?","T","R","M","?","R","E","R","BOSS","M","?","$","M","?","E"],"build_version":"2019-07-17","purchased_purges":2,"victory":false,"max_hp_per_floor":[75,75,75,75,75,75,75,75,75,75,75,75,75,75,75,75,75,75,75,75,75,75,75],"card_choices":[{"not_picked":["Gash","Loop"],"picked":"Compile Driver","floor":1},{"not_picked":["Ball Lightning","Fusion"],"picked":"Conserve Battery","floor":5},{"not_picked":["Rip and Tear","Lockon"],"picked":"Auto Shields","floor":7},{"not_picked":["Melter","Reinforced Body","White Noise"],"picked":"Ball Lightning","floor":8},{"not_picked":["Coolheaded","Gash","Beam Cell"],"picked":"Go for the Eyes","floor":11},{"not_picked":["Streamline","Double Energy+1","Self Repair"],"picked":"Steam+1","floor":14},{"not_picked":["All For One","Seek+1","Creative AI"],"picked":"Rainbow+1","floor":16},{"not_picked":["Cold Snap","Coolheaded+1","Rip and Tear"],"picked":"Leap+1","floor":18},{"not_picked":["Beam Cell+1","Undo+1","Streamline"],"picked":"Stack+1","floor":21}],"player_experience":102049,"relics_obtained":[{"floor":7,"key":"Question Card"},{"floor":9,"key":"Shuriken"},{"floor":12,"key":"Toxic Egg 2"},{"floor":14,"key":"War Paint"}],"event_choices":[{"damage_healed":0,"gold_gain":75,"player_choice":"Gather Gold","damage_taken":11,"max_hp_gain":0,"max_hp_loss":0,"event_name":"World of Goop","floor":2,"gold_loss":0},{"damage_healed":0,"gold_gain":0,"player_choice":"Entered Light","damage_taken":15,"max_hp_gain":0,"max_hp_loss":0,"event_name":"Shining Light","floor":3,"gold_loss":0,"cards_upgraded":["Dualcast","Strike_B"]},{"damage_healed":0,"gold_gain":0,"player_choice":"Got Potions","damage_taken":0,"max_hp_gain":0,"max_hp_loss":0,"event_name":"Lab","floor":4,"gold_loss":0},{"damage_healed":0,"gold_gain":99,"player_choice":"Stole From Cult","damage_taken":0,"max_hp_gain":0,"max_hp_loss":0,"event_name":"Nest","floor":19,"gold_loss":0},{"damage_healed":0,"gold_gain":0,"player_choice":"Opened","damage_taken":0,"relics_obtained":["Bird Faced Urn"],"max_hp_gain":0,"max_hp_loss":0,"event_name":"The Mausoleum","floor":22,"gold_loss":0}],"is_beta":false,"boss_relics":[{"not_picked":["Lizard Tail","Astrolabe"],"picked":"Velvet Choker"}],"items_purged_floors":[6,20],"is_endless":false,"potions_floor_spawned":[5,11,14,18],"killed_by":"Gremlin Leader","ascension_level":0}