{"gold_per_floor":[118,135,146,166,178,178,178,193,193,78,104,104,135,154,154,253,253,267,52,65,83,101,133,133,145,196,207,238,34,134,134,134,236,236,251,94,112,112,128,128,128,128,128,161,173,185,217,249,261,273],"floor_reached":50,"playtime":3988,"items_purged":["Strike_B","Strike_B","Strike_B"],"score":651,"play_id":"ab0d21a3-f46f-47d9-af2c-3df4bfd321e3","local_time":"20190321113917","is_ascension_mode":false,"campfire_choices":[{"data":"Electrodynamics","floor":6,"key":"SMITH"},{"data":"Storm","floor":12,"key":"SMITH"},{"data":"Lockon","floor":15,"key":"SMITH"},{"floor":24,"key":"REST"},{"floor":32,"key":"REST"},{"floor":40,"key":"RECALL"},{"data":"Madness","floor":42,"key":"SMITH"},{"data":"Seek","floor":45,"key":"SMITH"},{"data":"Defragment","floor":49,"key":"SMITH"}],"neow_cost":"NONE","seed_source_timestamp":64461889316800,"circlet_count":0,"master_deck":["Defend_B+1","Defend_B+1","Defend_B+1","Defend_B+1","Zap+1","Dualcast+1","Electrodynamics+1","Melter+1","Stack+1","Lockon+1","Force Field+1","Self Repair+1","Storm+1","Ball Lightning+1","Lockon+1","Ball Lightning+1","Amplify+1","Capacitor+1","Defragment+1","Lockon+1","Conserve Battery+1","Storm+1","Heatsinks+1","Defragment+1","Capacitor+1","Biased Cognition+1","Leap+1","Auto Shields+1","Hologram+1","Hologram+1","Madness","Seek+1","Defragment+1","Aggregate","Heatsinks+1","Loop"],"relics":["Cracked Core","Happy Flower","Pear","Strawberry","Philosopher\u0027s Stone","Ornamental Fan","Lantern","Kunai","Prayer Wheel","Gremlin Horn","Black Star","War Paint","Mark of the Bloom","Meat on the Bone","Vajra","MawBank"],"potions_floor_usage":[20,20,28,30,33,48,50],"damage_taken":[{"damage":0,"enemies":"2 Louse","floor":1,"turns":1},{"damage":0,"enemies":"Cultist","floor":2,"turns":3},{"damage":1,"enemies":"Jaw Worm","floor":3,"turns":3},{"damage":21,"enemies":"Large Slime","floor":4,"turns":4},{"damage":0,"enemies":"3 Louse","floor":5,"turns":1},{"damage":9,"enemies":"2 Fungi Beasts","floor":8,"turns":2},{"damage":13,"enemies":"3 Sentries","floor":11,"turns":3},{"damage":0,"enemies":"Gremlin Nob","floor":13,"turns":3},{"damage":7,"enemies":"Blue Slaver","floor":14,"turns":3},{"damage":0,"enemies":"Slime Boss","floor":16,"turns":4},{"damage":10,"enemies":"2 Thieves","floor":18,"turns":2},{"damage":11,"enemies":"3 Byrds","floor":20,"turns":3},{"damage":29,"enemies":"Centurion and Healer","floor":21,"turns":5},{"damage":16,"enemies":"Snecko","floor":22,"turns":4},{"damage":28,"enemies":"Book of Stabbing","floor":23,"turns":4},{"damage":7,"enemies":"Cultist and Chosen","floor":25,"turns":3},{"damage":19,"enemies":"3 Cultists","floor":27,"turns":4},{"damage":5,"enemies":"Gremlin Leader","floor":28,"turns":4},{"damage":15,"enemies":"Colosseum Slavers","floor":30,"turns":3},{"damage":11,"enemies":"Colosseum Nobs","floor":30,"turns":4},{"damage":39,"enemies":"Champ","floor":33,"turns":7},{"damage":13,"enemies":"3 Shapes","floor":35,"turns":4},{"damage":15,"enemies":"3 Darklings","floor":37,"turns":3},{"damage":0,"enemies":"Writhing Mass","floor":39,"turns":3},{"damage":6,"enemies":"Giant Head","floor":44,"turns":5},{"damage":9,"enemies":"Spire Growth","floor":47,"turns":3},{"damage":4,"enemies":"Jaw Worm Horde","floor":48,"turns":2},{"damage":55,"enemies":"Awakened One","floor":50,"turns":2}],"seed_played":"7714312469906795752","potions_obtained":[{"floor":1,"key":"GamblersBrew"},{"floor":4,"key":"AttackPotion"},{"floor":8,"key":"LiquidBronze"},{"floor":16,"key":"AttackPotion"},{"floor":23,"key":"GamblersBrew"},{"floor":27,"key":"GamblersBrew"},{"floor":33,"key":"EssenceOfSteel"},{"floor":35,"key":"Poison Potion"},{"floor":44,"key":"AttackPotion"}],"is_trial":false,"path_per_floor":["M","M","M","M","M","R","?","M","T","$","E","R","E","M","R","B",null,"M","$","M","M","M","E","R","M","T","M","E","$","?","?","R","B",null,"M","$","M","?","M","R","?","R","T","E","R","?","M","M","R","B"],"character_chosen":"DEFECT","items_purchased":["Storm","Defragment","Lockon","Capacitor","War Paint"],"campfire_rested":2,"item_purchase_floors":[10,19,19,29,36],"current_hp_per_floor":[75,75,74,53,53,53,75,66,66,66,70,70,84,77,77,84,92,89,89,78,56,40,26,53,53,53,41,50,50,24,24,51,19,92,92,92,84,84,84,84,72,72,72,66,66,66,57,53,53,0],"gold":273,"neow_bonus":"ONE_RANDOM_RARE_CARD","is_prod":false,"is_daily":false,"chose_seed":false,"campfire_upgraded":6,"win_rate":0,"timestamp":1553193557,"path_taken":["M","M","M","M","M","R","?","M","T","$","E","R","E","M","R","BOSS","M","$","M","M","M","E","R","M","T","M","E","?","?","?","R","BOSS","M","$","M","?","M","R","?","R","T","E","R","?","M","M","R","BOSS"],"build_version":"2019-01-23","purchased_purges":3,"victory":false,"max_hp_per_floor":[75,75,75,75,75,75,75,75,75,75,85,85,92,92,92,92,92,92,92,92,92,92,92,92,92,92,92,92,92,92,92,92,92,92,92,92,92,92,92,92,92,92,92,92,92,92,92,92,92,92],"card_choices":[{"not_picked":["Cold Snap","Reinforced Body"],"picked":"Melter","floor":1},{"not_picked":["Chill","Recycle"],"picked":"Stack","floor":2},{"not_picked":["Sweeping Beam","Streamline"],"picked":"Lockon","floor":3},{"not_picked":["Reinforced Body","Streamline","Steam"],"picked":"SKIP","floor":4},{"not_picked":["BootSequence","Reprogram"],"picked":"Force Field","floor":5},{"not_picked":["Compile Driver","Chill"],"picked":"Self Repair","floor":8},{"not_picked":["Barrage","Aggregate"],"picked":"Ball Lightning","floor":11},{"not_picked":["Cold Snap","Hyperbeam"],"picked":"Lockon","floor":13},{"not_picked":["Cold Snap","Gash"],"picked":"Ball Lightning","floor":14},{"not_picked":["Electrodynamics","Meteor Strike"],"picked":"Amplify","floor":16},{"not_picked":["Conserve Battery","Static Discharge+1"],"picked":"Capacitor","floor":18},{"not_picked":["Gash","Beam Cell","Turbo"],"picked":"SKIP","floor":20},{"not_picked":["Steam","Go for the Eyes","Sweeping Beam+1"],"picked":"SKIP","floor":21},{"not_picked":["Hologram","Streamline"],"picked":"Conserve Battery","floor":22},{"not_picked":["Glacier","Beam Cell+1","Sunder"],"picked":"SKIP","floor":23},{"not_picked":["Genetic Algorithm","Stack"],"picked":"Storm","floor":25},{"not_picked":["Beam Cell+1","Gash"],"picked":"Heatsinks","floor":27},{"not_picked":["Sunder","Coolheaded"],"picked":"Defragment","floor":28},{"not_picked":["Electrodynamics","Machine Learning"],"picked":"Biased Cognition","floor":33},{"not_picked":["Gash+1","Sunder"],"picked":"Leap","floor":35},{"not_picked":["Turbo+1","Coolheaded","Sweeping Beam"],"picked":"SKIP","floor":35},{"not_picked":["Reinforced Body","Blizzard+1"],"picked":"Auto Shields","floor":37},{"not_picked":["Tempest","Melter","Reinforced Body"],"picked":"SKIP","floor":37},{"not_picked":["Rebound","Steam Power"],"picked":"Hologram+1","floor":39},{"not_picked":["Chaos","Hello World"],"picked":"Hologram+1","floor":39},{"not_picked":["Steam Power+1","Chaos"],"picked":"Seek","floor":44},{"not_picked":["Darkness","Skim"],"picked":"Defragment","floor":47},{"not_picked":["Glacier","Ball Lightning+1"],"picked":"Aggregate","floor":47},{"not_picked":["Beam Cell","Cold Snap"],"picked":"Heatsinks+1","floor":48},{"not_picked":["Gash+1","Turbo+1"],"picked":"Loop","floor":48}],"player_experience":1232446,"relics_obtained":[{"floor":9,"key":"Happy Flower"},{"floor":11,"key":"Pear"},{"floor":13,"key":"Strawberry"},{"floor":23,"key":"Ornamental Fan"},{"floor":26,"key":"Lantern"},{"floor":28,"key":"Kunai"},{"floor":30,"key":"Prayer Wheel"},{"floor":30,"key":"Gremlin Horn"},{"floor":43,"key":"Meat on the Bone"},{"floor":44,"key":"Vajra"},{"floor":44,"key":"MawBank"}],"event_choices":[{"damage_healed":22,"gold_gain":0,"player_choice":"Full Heal","damage_taken":0,"max_hp_gain":0,"max_hp_loss":0,"event_name":"Wheel of Change","floor":7,"gold_loss":0},{"damage_healed":0,"gold_gain":0,"player_choice":"Fight","damage_taken":0,"max_hp_gain":0,"max_hp_loss":0,"event_name":"Colosseum","floor":30,"gold_loss":0},{"damage_healed":0,"gold_gain":0,"player_choice":"Fought Nobs","damage_taken":0,"max_hp_gain":0,"max_hp_loss":0,"event_name":"Colosseum","floor":30,"gold_loss":0},{"cards_removed":["Strike_B"],"damage_healed":0,"gold_gain":0,"player_choice":"Elegance","damage_taken":0,"max_hp_gain":0,"max_hp_loss":0,"event_name":"Back to Basics","floor":31,"gold_loss":0},{"damage_healed":0,"gold_gain":0,"player_choice":"Upgrade","damage_taken":0,"relics_obtained":["Mark of the Bloom"],"max_hp_gain":0,"max_hp_loss":0,"event_name":"MindBloom","floor":38,"gold_loss":0,"cards_upgraded":["Defend_B","Defend_B","Defend_B","Defend_B","Zap","Dualcast","Melter","Stack","Force Field","Self Repair","Ball Lightning","Lockon","Ball Lightning","Amplify","Capacitor","Defragment","Lockon","Storm","Heatsinks","Defragment","Capacitor","Biased Cognition","Auto Shields"]},{"damage_healed":0,"gold_gain":0,"player_choice":"Embrace Madness","damage_taken":12,"max_hp_gain":0,"max_hp_loss":0,"event_name":"Winding Halls","floor":41,"gold_loss":0,"cards_obtained":["Madness","Madness"]},{"cards_removed":["Madness"],"damage_healed":0,"gold_gain":0,"player_choice":"Removed Skill","damage_taken":0,"max_hp_gain":0,"max_hp_loss":0,"event_name":"Falling","floor":46,"gold_loss":0}],"is_beta":false,"boss_relics":[{"not_picked":["Busted Crown","White Beast Statue"],"picked":"Philosopher\u0027s Stone"},{"not_picked":["Fusion Hammer","Inserter"],"picked":"Black Star"}],"items_purged_floors":[10,19,29],"is_endless":false,"potions_floor_spawned":[1,4,8,16,18,23,27,30,33,35,44,47],"killed_by":"Awakened One","ascension_level":0}