{"gold_per_floor":[112,187,201,21,34,63,83,102,102,116,116,150,150,6,6,108,108,128,96,96,21,33,33,33,48,102,125,75,85,35,51,51,51],"floor_reached":33,"playtime":2002,"items_purged":["Strike_R","Strike_R"],"score":284,"play_id":"e17e11e9-4954-41f3-996c-b08b9bd221be","local_time":"20190814183429","is_ascension_mode":false,"campfire_choices":[{"floor":11,"key":"REST"},{"data":"Bash","floor":13,"key":"SMITH"},{"floor":15,"key":"REST"},{"data":"True Grit","floor":23,"key":"SMITH"},{"floor":32,"key":"REST"}],"neow_cost":"NONE","seed_source_timestamp":291396661056000,"circlet_count":0,"master_deck":["Strike_R","Defend_R","Defend_R","Defend_R","Defend_R","Bash+1","Intimidate","Metallicize","Inflame","Corruption","Feed","Dropkick","Havoc","Spot Weakness","Whirlwind","Clothesline","True Grit+1","Inflame","Double Tap","Dark Embrace","Heavy Blade","Armaments+1","Burning Pact","Shrug It Off+1","Inflame","Sentinel","Corruption+1"],"relics":["Burning Blood","Strawberry","Dream Catcher","Red Skull","Bronze Scales","Empty Cage","Bag of Marbles","Smiling Mask"],"potions_floor_usage":[6,10,16,29,33,33],"damage_taken":[{"damage":1,"enemies":"2 Louse","floor":1,"turns":3},{"damage":9,"enemies":"Jaw Worm","floor":3,"turns":5},{"damage":2,"enemies":"Cultist","floor":5,"turns":5},{"damage":29,"enemies":"Lagavulin","floor":6,"turns":9},{"damage":7,"enemies":"Looter","floor":7,"turns":5},{"damage":15,"enemies":"Red Slaver","floor":8,"turns":4},{"damage":26,"enemies":"Exordium Thugs","floor":10,"turns":5},{"damage":31,"enemies":"3 Sentries","floor":12,"turns":8},{"damage":29,"enemies":"Slime Boss","floor":16,"turns":9},{"damage":17,"enemies":"3 Byrds","floor":18,"turns":3},{"damage":33,"enemies":"2 Thieves","floor":19,"turns":5},{"damage":33,"enemies":"Snecko","floor":22,"turns":6},{"damage":10,"enemies":"Snake Plant","floor":25,"turns":4},{"damage":13,"enemies":"Centurion and Healer","floor":29,"turns":7},{"damage":29,"enemies":"3 Cultists","floor":31,"turns":7},{"damage":48,"enemies":"Collector","floor":33,"turns":5}],"seed_played":"-4804542134278079619","potions_obtained":[{"floor":1,"key":"Weak Potion"},{"floor":7,"key":"SkillPotion"},{"floor":8,"key":"Energy Potion"},{"floor":16,"key":"Regen Potion"},{"floor":19,"key":"Explosive Potion"},{"floor":22,"key":"Poison Potion"}],"is_trial":false,"path_per_floor":["M","?","M","$","M","E","M","M","T","M","R","E","R","$","R","B",null,"M","M","?","$","M","R","?","M","T","T","?","M","$","M","R","B"],"character_chosen":"IRONCLAD","items_purchased":["Corruption","Feed","Bronze Scales"],"campfire_rested":3,"item_purchase_floors":[4,4,14],"current_hp_per_floor":[80,69,66,66,73,57,56,47,47,30,57,35,35,35,63,43,99,88,61,61,61,34,34,34,30,30,30,30,32,32,13,43,0],"gold":51,"neow_bonus":"THREE_CARDS","is_prod":false,"is_daily":false,"chose_seed":false,"campfire_upgraded":2,"win_rate":0,"timestamp":1565778869,"path_taken":["M","?","M","$","M","E","M","M","T","M","R","E","R","?","R","BOSS","M","?","?","$","M","R","?","?","T","?","?","?","$","M","R","BOSS"],"build_version":"2019-07-17","purchased_purges":2,"victory":false,"max_hp_per_floor":[80,80,80,80,83,90,90,90,90,93,93,96,96,96,96,99,99,99,99,99,99,99,99,99,99,99,99,99,99,99,103,103,103],"card_choices":[{"not_picked":["Power Through","Flex"],"picked":"Intimidate","floor":0},{"not_picked":["Corruption","Cleave"],"picked":"Metallicize","floor":1},{"not_picked":["Shrug It Off","Body Slam"],"picked":"Inflame","floor":3},{"not_picked":["Thunderclap","Second Wind"],"picked":"Dropkick","floor":5},{"not_picked":["Pommel Strike","Dropkick"],"picked":"Havoc","floor":6},{"not_picked":["Flame Barrier","True Grit"],"picked":"Spot Weakness","floor":7},{"not_picked":["Clash","Power Through"],"picked":"Whirlwind","floor":8},{"not_picked":["Metallicize","Sentinel"],"picked":"Clothesline","floor":10},{"not_picked":["Hemokinesis","Flex"],"picked":"True Grit","floor":11},{"not_picked":["Sever Soul","Shrug It Off"],"picked":"Inflame","floor":12},{"not_picked":["Anger","Body Slam"],"picked":"Double Tap","floor":15},{"not_picked":["Immolate","Exhume"],"picked":"Dark Embrace","floor":16},{"not_picked":["Shrug It Off","Pommel Strike"],"picked":"Heavy Blade","floor":18},{"not_picked":["Clothesline","Anger"],"picked":"Armaments+1","floor":19},{"not_picked":["Rupture+1","Twin Strike"],"picked":"Shrug It Off+1","floor":22},{"not_picked":["Shrug It Off","Intimidate+1","Carnage"],"picked":"SKIP","floor":25},{"not_picked":["Iron Wave","Sword Boomerang"],"picked":"Sentinel","floor":29},{"not_picked":["Evolve","Corruption+1","Dark Embrace"],"picked":"SKIP","floor":31},{"not_picked":["True Grit+1","Shrug It Off"],"picked":"Corruption+1","floor":32}],"player_experience":137119,"relics_obtained":[{"floor":6,"key":"Strawberry"},{"floor":9,"key":"Dream Catcher"},{"floor":12,"key":"Red Skull"},{"floor":26,"key":"Bag of Marbles"},{"floor":27,"key":"Smiling Mask"}],"event_choices":[{"damage_healed":0,"gold_gain":75,"player_choice":"Gather Gold","damage_taken":11,"max_hp_gain":0,"max_hp_loss":0,"event_name":"World of Goop","floor":2,"gold_loss":0},{"damage_healed":0,"gold_gain":0,"player_choice":"Read","damage_taken":0,"max_hp_gain":0,"max_hp_loss":0,"event_name":"The Library","floor":20,"gold_loss":0,"cards_obtained":["Burning Pact"]},{"damage_healed":0,"gold_gain":0,"player_choice":"Copied","damage_taken":0,"max_hp_gain":0,"max_hp_loss":0,"event_name":"Duplicator","floor":24,"gold_loss":0,"cards_obtained":["Inflame"]},{"damage_healed":0,"gold_gain":0,"player_choice":"Bet on Murderer","damage_taken":0,"max_hp_gain":0,"max_hp_loss":0,"event_name":"The Joust","floor":28,"gold_loss":50}],"is_beta":false,"boss_relics":[{"not_picked":["White Beast Statue","Fusion Hammer"],"picked":"Empty Cage"}],"items_purged_floors":[21,30],"is_endless":false,"potions_floor_spawned":[1,7,8,16,19,22],"killed_by":"Collector","ascension_level":0}