{"gold_per_floor":[111,130,148,167,67,94,94,112,112,142,142,142,156,183,183,288,288,307,407,425,165,165,165,177,177,177,206,66,101,101,101],"floor_reached":31,"playtime":5888,"items_purged":["Strike_B","Defend_B"],"score":318,"play_id":"76311ae5-cb77-4416-95f7-92c9bfb95497","local_time":"20190208134053","is_ascension_mode":false,"campfire_choices":[{"data":"Seek","floor":7,"key":"SMITH"},{"data":"Glacier","floor":11,"key":"SMITH"},{"data":"Glacier","floor":15,"key":"SMITH"},{"data":"Defend_B","floor":23,"key":"PURGE"},{"data":"Defend_B","floor":25,"key":"PURGE"}],"neow_cost":"NONE","seed_source_timestamp":328741914587428,"circlet_count":0,"master_deck":["Strike_B","Strike_B","Defend_B","Zap","Dualcast","Coolheaded","Gash","Glacier+1","Redo","Seek+1","Glacier+1","Rebound","Glacier","Glacier","All For One","Loop+1","Defragment+1","Enlightenment","Writhe","Gash","Echo Form+1","Decay"],"relics":["Cracked Core","Meat on the Bone","WingedGreaves","Pantograph","Thread and Needle","Snecko Eye","Peace Pipe","Frozen Egg 2","Torii","Bottled Flame","Ginger","Sundial"],"potions_floor_usage":[6,14,19,19,24,29,31],"damage_taken":[{"damage":10,"enemies":"Small Slimes","floor":1,"turns":2},{"damage":1,"enemies":"Cultist","floor":2,"turns":3},{"damage":3,"enemies":"2 Louse","floor":3,"turns":2},{"damage":0,"enemies":"Large Slime","floor":4,"turns":4},{"damage":35,"enemies":"Gremlin Nob","floor":6,"turns":5},{"damage":4,"enemies":"Looter","floor":8,"turns":3},{"damage":6,"enemies":"3 Sentries","floor":10,"turns":12},{"damage":1,"enemies":"3 Louse","floor":13,"turns":4},{"damage":14,"enemies":"Lagavulin","floor":14,"turns":7},{"damage":41,"enemies":"Slime Boss","floor":16,"turns":18},{"damage":0,"enemies":"Chosen","floor":18,"turns":5},{"damage":7,"enemies":"Colosseum Slavers","floor":19,"turns":5},{"damage":50,"enemies":"Colosseum Nobs","floor":19,"turns":7},{"damage":0,"enemies":"Spheric Guardian","floor":20,"turns":11},{"damage":9,"enemies":"Snake Plant","floor":24,"turns":7},{"damage":1,"enemies":"Book of Stabbing","floor":27,"turns":8},{"damage":40,"enemies":"Slavers","floor":29,"turns":5},{"damage":21,"enemies":"Cultist and Chosen","floor":31,"turns":7}],"seed_played":"6219837770388544301","potions_obtained":[{"floor":2,"key":"Poison Potion"},{"floor":8,"key":"Poison Potion"},{"floor":10,"key":"FearPotion"},{"floor":16,"key":"Explosive Potion"},{"floor":20,"key":"Fruit Juice"},{"floor":24,"key":"Explosive Potion"},{"floor":29,"key":"Fire Potion"}],"is_trial":false,"path_per_floor":["M","M","M","M","$","E","R","M","T","E","R","?","M","E","R","B",null,"M","?","M","$","?","R","M","R","T","E","$","E","?","M"],"character_chosen":"DEFECT","items_purchased":["Redo","Defragment+1","Enlightenment","Echo Form+1"],"campfire_rested":0,"item_purchase_floors":[5,21,21,28],"current_hp_per_floor":[72,71,68,68,68,33,33,41,41,47,47,47,46,44,44,40,82,82,37,49,49,49,49,45,45,45,44,44,16,16,0],"gold":101,"neow_bonus":"TEN_PERCENT_HP_BONUS","is_prod":false,"is_daily":false,"chose_seed":false,"campfire_upgraded":3,"win_rate":0.0,"timestamp":1549629653,"path_taken":["M","M","M","M","$","E","R","M","T","E","R","?","?","E","R","BOSS","M","?","M","$","?","R","M","R","T","E","$","E","?","M"],"build_version":"2019-02-06","purchased_purges":2,"victory":false,"max_hp_per_floor":[82,82,82,82,82,82,82,82,82,82,82,82,82,82,82,82,82,82,82,82,82,82,82,87,87,87,87,87,87,87,87],"card_choices":[{"not_picked":["Hologram","Rebound"],"picked":"Coolheaded","floor":1},{"not_picked":["Go for the Eyes","Stack","Barrage"],"picked":"SKIP","floor":2},{"not_picked":["Chaos","Leap"],"picked":"Gash","floor":3},{"not_picked":["Leap","Gash"],"picked":"Glacier","floor":4},{"not_picked":["Skim","Doom and Gloom"],"picked":"Seek","floor":6},{"not_picked":["Ball Lightning","Scrape"],"picked":"Glacier","floor":8},{"not_picked":["Aggregate","Force Field"],"picked":"Rebound","floor":10},{"not_picked":["Static Discharge","Ball Lightning"],"picked":"Glacier","floor":13},{"not_picked":["Undo","Stack"],"picked":"Glacier","floor":14},{"not_picked":["Biased Cognition","Electrodynamics"],"picked":"All For One","floor":16},{"not_picked":["Ball Lightning","Tempest","Stack+1"],"picked":"SKIP","floor":18},{"not_picked":["Conserve Battery","Barrage"],"picked":"Loop","floor":19},{"not_picked":["Rebound+1","Lockon","Steam+1"],"picked":"SKIP","floor":20},{"not_picked":["Rebound","Lockon+1"],"picked":"Gash","floor":24},{"not_picked":["Leap+1","Hologram+1","Coolheaded"],"picked":"SKIP","floor":27},{"not_picked":["Barrage","Self Repair+1","Conserve Battery+1"],"picked":"SKIP","floor":29}],"player_experience":71317,"relics_obtained":[{"floor":6,"key":"Meat on the Bone"},{"floor":9,"key":"WingedGreaves"},{"floor":10,"key":"Pantograph"},{"floor":14,"key":"Thread and Needle"},{"floor":19,"key":"Peace Pipe"},{"floor":19,"key":"Frozen Egg 2"},{"floor":26,"key":"Bottled Flame"},{"floor":27,"key":"Ginger"},{"floor":29,"key":"Sundial"}],"event_choices":[{"cards_removed":["Strike_B"],"damage_healed":0,"gold_gain":0,"player_choice":"Offered Basic","damage_taken":0,"max_hp_gain":0,"max_hp_loss":0,"event_name":"Bonfire Elementals","floor":12,"gold_loss":0},{"damage_healed":0,"gold_gain":0,"player_choice":"Fight","damage_taken":0,"max_hp_gain":0,"max_hp_loss":0,"event_name":"Colosseum","floor":19,"gold_loss":0},{"damage_healed":0,"gold_gain":0,"player_choice":"Fought Nobs","damage_taken":0,"max_hp_gain":0,"max_hp_loss":0,"event_name":"Colosseum","floor":19,"gold_loss":0},{"damage_healed":0,"gold_gain":0,"player_choice":"Opened","damage_taken":0,"relics_obtained":["Torii"],"max_hp_gain":0,"max_hp_loss":0,"event_name":"The Mausoleum","floor":22,"gold_loss":0,"cards_obtained":["Writhe"]},{"damage_healed":0,"gold_gain":0,"player_choice":"Smashed Altar","damage_taken":0,"max_hp_gain":0,"max_hp_loss":0,"event_name":"Forgotten Altar","floor":30,"gold_loss":0,"cards_obtained":["Decay"]}],"is_beta":true,"boss_relics":[{"not_picked":["Inserter","Coffee Dripper"],"picked":"Snecko Eye"}],"items_purged_floors":[5,21],"is_endless":false,"potions_floor_spawned":[2,8,10,16,20,24,29],"killed_by":"Cultist and Chosen","ascension_level":0}