{"gold_per_floor":[119,119,44,64,75,75,108,108,135,165,165,191,191,205,205,302,302,312,327,18,35,51,84,84,110,110,128,128,128,147,147,147,247,247,265,277,177,190,208,208,236,236,236,236,71,84,84,84,84,84],"floor_reached":51,"playtime":24399,"items_purged":["Pain","Decay","Pain"],"score":1191,"play_id":"5562ea11-251b-4a63-a9bc-d821a8b8c4a2","local_time":"20180723222652","is_ascension_mode":true,"campfire_choices":[{"data":"Body Slam","floor":6.0,"key":"SMITH"},{"data":"Body Slam","floor":8.0,"key":"SMITH"},{"data":"Defend_R","floor":11.0,"key":"SMITH"},{"data":"Barricade","floor":15.0,"key":"SMITH"},{"floor":24,"key":"REST"},{"floor":29,"key":"REST"},{"data":"Metallicize","floor":32,"key":"SMITH"},{"floor":40,"key":"REST"},{"data":"Body Slam","floor":42,"key":"SMITH"},{"floor":49,"key":"REST"}],"neow_cost":"CURSE","seed_source_timestamp":0,"circlet_count":0,"master_deck":["Strike_R","Strike_R","Strike_R+1","Strike_R","Strike_R","Defend_R+1","Defend_R","Defend_R","Defend_R","Bash+1","Body Slam+1","Body Slam+1","Barricade+1","Brutality","Metallicize+1","Body Slam+1","Armaments+1","Metallicize+1","Burning Pact+1","Shrug It Off+1","Iron Wave+1","Body Slam+1","Iron Wave+1","Entrench+1","Body Slam+1"],"special_seed":0,"relics":["Burning Blood","Thread and Needle","Vajra","Ancient Tea Set","Art of War","Toxic Egg 2","Bottled Flame","Sozu","Oddly Smooth Stone","Self Forming Clay","Molten Egg 2","Frozen Egg 2","Matryoshka","Cursed Key","Bronze Scales","Omamori","Potion Belt","Gambling Chip"],"potions_floor_usage":[50,50],"damage_taken":[{"damage":3.0,"enemies":"Small Slimes","floor":1.0,"turns":4.0},{"damage":0.0,"enemies":"Cultist","floor":4.0,"turns":3.0},{"damage":1.0,"enemies":"Jaw Worm","floor":5.0,"turns":3.0},{"damage":11.0,"enemies":"Gremlin Nob","floor":7.0,"turns":5.0},{"damage":3.0,"enemies":"3 Sentries","floor":10.0,"turns":7.0},{"damage":19.0,"enemies":"Lagavulin","floor":12.0,"turns":6.0},{"damage":0.0,"enemies":"Looter","floor":14.0,"turns":2.0},{"damage":0.0,"enemies":"Slime Boss","floor":16.0,"turns":6.0},{"damage":3,"enemies":"3 Byrds","floor":18,"turns":6},{"damage":18,"enemies":"Spheric Guardian","floor":19,"turns":4},{"damage":23,"enemies":"Centurion and Healer","floor":21,"turns":5},{"damage":16,"enemies":"Snake Plant","floor":22,"turns":6},{"damage":29,"enemies":"Book of Stabbing","floor":23,"turns":6},{"damage":18,"enemies":"Slavers","floor":25,"turns":5},{"damage":2,"enemies":"Snecko","floor":27,"turns":4},{"damage":3,"enemies":"3 Cultists","floor":30,"turns":6},{"damage":11,"enemies":"Automaton","floor":33,"turns":10},{"damage":8,"enemies":"3 Shapes","floor":35,"turns":5},{"damage":35,"enemies":"Flame Bruiser 1 Orb","floor":36,"turns":6},{"damage":24,"enemies":"3 Darklings","floor":38,"turns":6},{"damage":3,"enemies":"Transient","floor":39,"turns":5},{"damage":9,"enemies":"Nemesis","floor":41,"turns":5},{"damage":2,"enemies":"Maw","floor":46,"turns":7},{"damage":3,"floor":47,"turns":4},{"damage":1,"enemies":"Time Eater","floor":50,"turns":5}],"seed_played":"-166500297710767598","potions_obtained":[{"floor":1.0,"key":"Dexterity Potion"},{"floor":4.0,"key":"EssenceOfSteel"},{"floor":7.0,"key":"Ancient Potion"},{"floor":10.0,"key":"FearPotion"},{"floor":12.0,"key":"SkillPotion"}],"is_trial":false,"path_per_floor":["M","?","$","M","M","R","E","R","T","E","R","E","T","M","R","B",null,"M","M","$","M","M","E","R","E","T","M","?","R","M","?","R","B",null,"M","M","$","M","M","R","E","R","T","?","$","M","?","$","R","B"],"character_chosen":"IRONCLAD","items_purchased":["Oddly Smooth Stone","Metallicize","Body Slam","Armaments+1","Entrench+1"],"campfire_rested":4,"item_purchase_floors":[20,20,20,20,45],"current_hp_per_floor":[80,64,64,70,75,75,70,70,70,73,73,60,60,66,66,72,80,80,68,68,51,41,18,42,30,30,34,34,58,61,61,61,56,80,78,49,49,31,34,58,55,55,55,55,55,59,62,62,80,80],"gold":84,"neow_bonus":"ONE_RARE_RELIC","is_prod":false,"is_daily":false,"chose_seed":false,"campfire_upgraded":6,"win_rate":0,"timestamp":1532410012,"path_taken":["M","?","$","M","M","R","E","R","T","E","R","E","?","M","R","BOSS","M","M","$","M","M","E","R","E","T","M","?","R","M","?","R","BOSS","M","M","?","M","M","R","E","R","T","?","$","M","?","$","R","BOSS"],"build_version":"2018-07-19v2","purchased_purges":3,"victory":true,"max_hp_per_floor":[80,80,80,80,80,80,80,80,80,80,80,80,80,80,80,80,80,80,80,80,80,80,80,80,80,80,80,80,80,80,80,80,80,80,80,80,80,80,80,80,80,80,80,80,80,80,80,80,80,80],"card_choices":[{"not_picked":["Anger","Fire Breathing","Heavy Blade"],"picked":"SKIP","floor":1.0},{"not_picked":["Combust","Rampage"],"picked":"Body Slam","floor":4.0},{"not_picked":["Sentinel","Blood for Blood","Searing Blow"],"picked":"SKIP","floor":5.0},{"not_picked":["Bloodletting","Intimidate"],"picked":"Body Slam","floor":7.0},{"not_picked":["Cleave","Heavy Blade","Clothesline"],"picked":"SKIP","floor":10.0},{"not_picked":["Thunderclap","Perfected Strike","Shockwave"],"picked":"SKIP","floor":12.0},{"not_picked":["Clothesline","Shrug It Off+1"],"picked":"Barricade","floor":14.0},{"not_picked":["Exhume+1","Berserk"],"picked":"Brutality","floor":16.0},{"not_picked":["Evolve","Corruption+1","Searing Blow+1"],"picked":"SKIP","floor":18},{"not_picked":["Wild Strike","Heavy Blade","Warcry+1"],"picked":"SKIP","floor":19},{"not_picked":["Whirlwind","Seeing Red+1","Armaments+1"],"picked":"SKIP","floor":21},{"not_picked":["Havoc+1","Armaments+1","Feel No Pain"],"picked":"SKIP","floor":22},{"not_picked":["Reckless Charge+1","Whirlwind","Havoc+1"],"picked":"SKIP","floor":23},{"not_picked":["Reckless Charge","Perfected Strike","Seeing Red+1"],"picked":"SKIP","floor":25},{"not_picked":["Headbutt+1","Clash+1","Thunderclap+1"],"picked":"SKIP","floor":27},{"not_picked":["Warcry+1","Carnage+1"],"picked":"Metallicize+1","floor":30},{"not_picked":["Havoc+1","Rupture+1"],"picked":"Burning Pact+1","floor":35},{"not_picked":["Perfected Strike+1","Carnage+1"],"picked":"Shrug It Off+1","floor":36},{"not_picked":["Perfected Strike+1","Feel No Pain+1"],"picked":"Iron Wave+1","floor":38},{"not_picked":["Sword Boomerang+1","Shockwave+1"],"picked":"Body Slam+1","floor":39},{"not_picked":["Cleave+1","Ghostly Armor+1"],"picked":"Iron Wave+1","floor":41},{"not_picked":["Pommel Strike+1","Perfected Strike+1","Reaper+1"],"picked":"SKIP","floor":46},{"not_picked":["Pommel Strike+1","Perfected Strike+1"],"picked":"Body Slam+1","floor":47}],"player_experience":520437,"relics_obtained":[{"floor":7.0,"key":"Vajra"},{"floor":9.0,"key":"Ancient Tea Set"},{"floor":10.0,"key":"Art of War"},{"floor":12.0,"key":"Toxic Egg 2"},{"floor":13.0,"key":"Bottled Flame"},{"floor":23,"key":"Self Forming Clay"},{"floor":25,"key":"Molten Egg 2"},{"floor":26,"key":"Frozen Egg 2"},{"floor":41,"key":"Bronze Scales"},{"floor":43,"key":"Omamori"},{"floor":43,"key":"Potion Belt"},{"floor":47,"key":"Gambling Chip"}],"event_choices":[{"event_name":"Shining Light","player_choice":"Entered Light","floor":2.0,"damage_taken":0.0},{"event_name":"Wheel of Change","player_choice":"Curse","floor":28,"damage_taken":0},{"event_name":"The Mausoleum","player_choice":"Yes","floor":31,"damage_taken":0},{"event_name":"SecretPortal","player_choice":"Rejected Portal.","floor":44,"damage_taken":0},{"event_name":"MindBloom","player_choice":"Fight","floor":47,"damage_taken":0}],"is_beta":false,"boss_relics":[{"not_picked":["Astrolabe","Eternal Feather"],"picked":"Sozu"},{"not_picked":["Snecko Eye","Runic Cube"],"picked":"Cursed Key"}],"items_purged_floors":[3,37,45],"is_endless":false,"potions_floor_spawned":[1,4,7,10,12,19,21,22,27,33,36,39,41,46],"ascension_level":1}