{"gold_per_floor":[111,25,25,41,41,75,75,104,180,37,47,47,47,67,67,67],"floor_reached":16,"playtime":548,"items_purged":[],"score":233,"play_id":"fd316e00-6f27-4aff-b01d-09f6ad4d968d","local_time":"20190809003030","is_ascension_mode":true,"campfire_choices":[{"data":"Searing Blow","floor":7.0,"key":"SMITH"},{"data":"Searing Blow+1","floor":15,"key":"SMITH"}],"neow_cost":"NONE","seed_source_timestamp":869981315473546,"circlet_count":0,"master_deck":["AscendersBane","Strike_R","Strike_R+1","Strike_R+1","Strike_R","Defend_R","Defend_R","Defend_R","Defend_R","Bash","Clothesline","Searing Blow+2","Thunderclap","Feed"],"special_seed":0,"relics":["Burning Blood","NeowsBlessing","Lantern","Singing Bowl","Meat on the Bone","Whetstone"],"potions_floor_usage":[],"damage_taken":[{"damage":0.0,"enemies":"2 Louse","floor":1.0,"turns":1.0},{"damage":0.0,"enemies":"Cultist","floor":4.0,"turns":1.0},{"damage":0.0,"enemies":"3 Sentries","floor":6.0,"turns":2.0},{"damage":53.0,"enemies":"Lagavulin","floor":8.0,"turns":8.0},{"damage":4.0,"enemies":"Small Slimes","floor":11.0,"turns":3.0},{"damage":21,"enemies":"Exordium Thugs","floor":14,"turns":4},{"damage":43,"enemies":"Hexaghost","floor":16,"turns":7}],"seed_played":"8603792398467802457","potions_obtained":[{"floor":1.0,"key":"Dexterity Potion"},{"floor":3.0,"key":"Energy Potion"},{"floor":14,"key":"GamblersBrew"}],"is_trial":false,"path_per_floor":["M","$","?","M","$","E","R","E","T","$","M","$","?","M","R","B"],"character_chosen":"IRONCLAD","items_purchased":["Searing Blow","Thunderclap","Whetstone"],"campfire_rested":0,"item_purchase_floors":[2,2,10],"current_hp_per_floor":[74,74,74,75,75,75,75,30,30,30,44,44,37,39,39,0],"gold":67,"neow_bonus":"THREE_ENEMY_KILL","is_prod":false,"is_daily":false,"chose_seed":false,"campfire_upgraded":2,"win_rate":0,"timestamp":1565325030,"path_taken":["M","$","?","M","$","E","R","E","T","?","M","$","?","M","R","BOSS"],"build_version":"2019-07-17","purchased_purges":0,"victory":false,"max_hp_per_floor":[75,75,75,75,75,75,75,77,77,77,77,77,77,82,82,82],"card_choices":[{"not_picked":["Intimidate","Heavy Blade"],"picked":"Clothesline","floor":1.0},{"not_picked":["Clothesline","Iron Wave","Burning Pact"],"picked":"SKIP","floor":4.0},{"not_picked":["Twin Strike","Cleave","Heavy Blade"],"picked":"SKIP","floor":6.0},{"not_picked":["Warcry","Burning Pact","Fire Breathing"],"picked":"Singing Bowl","floor":8.0},{"not_picked":["Anger","Metallicize"],"picked":"Feed","floor":11.0},{"not_picked":["Hemokinesis","Burning Pact","Clash"],"picked":"Singing Bowl","floor":14}],"player_experience":421417,"relics_obtained":[{"floor":6.0,"key":"Lantern"},{"floor":8.0,"key":"Singing Bowl"},{"floor":9.0,"key":"Meat on the Bone"}],"event_choices":[{"damage_healed":0.0,"max_hp_gain":0.0,"max_hp_loss":0.0,"gold_gain":0.0,"event_name":"Lab","player_choice":"Got Potions","floor":3.0,"gold_loss":0.0,"damage_taken":0.0},{"cards_removed":["Strike_R"],"damage_healed":0.0,"max_hp_gain":0.0,"max_hp_loss":0.0,"gold_gain":0.0,"event_name":"Golden Wing","player_choice":"Card Removal","floor":13.0,"gold_loss":0.0,"damage_taken":7.0}],"is_beta":false,"boss_relics":[],"items_purged_floors":[],"is_endless":false,"potions_floor_spawned":[1,14],"killed_by":"Hexaghost","ascension_level":15}