{"gold_per_floor":[18,18,38,38,50,50,109,109,109,124,124,124,149,19,19,93,93,113,113],"floor_reached":19,"playtime":682,"items_purged":["Zap"],"score":422,"play_id":"62e75cd3-98ee-4e94-9d83-a18435d789c8","local_time":"20190607153422","is_ascension_mode":true,"campfire_choices":[{"data":"Sunder","floor":6,"key":"SMITH"},{"floor":12,"key":"REST"},{"data":"Redo","floor":15,"key":"SMITH"}],"neow_cost":"NO_GOLD","seed_source_timestamp":174316642742613,"circlet_count":0,"master_deck":["AscendersBane","Strike_B","Strike_B","Strike_B","Defend_B","Defend_B","Defend_B","Dualcast","Conserve Battery","Hello World","Sunder+1","Force Field","Turbo","Auto Shields","Parasite","Redo+1","Echo Form","Shame","Doubt","Parasite","Leap"],"relics":["Cracked Core","Tiny Chest","Symbiotic Virus","Blue Candle","Regal Pillow","Calling Bell","Juzu Bracelet","Kunai","Girya"],"potions_floor_usage":[16,16,19],"damage_taken":[{"damage":0,"enemies":"Jaw Worm","floor":1,"turns":3},{"damage":3,"enemies":"Small Slimes","floor":3,"turns":3},{"damage":0,"enemies":"2 Louse","floor":5,"turns":2},{"damage":31,"enemies":"Lagavulin","floor":7,"turns":6},{"damage":2,"enemies":"2 Fungi Beasts","floor":10,"turns":3},{"damage":24,"enemies":"The Guardian","floor":16,"turns":10},{"damage":39,"enemies":"3 Byrds","floor":18,"turns":5},{"damage":30,"enemies":"Spheric Guardian","floor":19,"turns":4}],"seed_played":"-4297620412176983713","potions_obtained":[{"floor":3,"key":"AttackPotion"},{"floor":7,"key":"FearPotion"},{"floor":18,"key":"SkillPotion"}],"is_trial":false,"path_per_floor":["M","?","M","?","M","R","E","?","T","M","?","R","T","$","R","B",null,"M","M"],"character_chosen":"DEFECT","items_purchased":["Redo"],"campfire_rested":1,"item_purchase_floors":[14],"current_hp_per_floor":[64,64,61,61,61,61,30,19,19,17,34,55,55,55,55,31,61,22,0],"gold":113,"neow_bonus":"TRANSFORM_TWO_CARDS","is_prod":false,"is_daily":false,"chose_seed":false,"campfire_upgraded":2,"win_rate":0,"timestamp":1559946862,"path_taken":["M","?","M","?","M","R","E","?","T","M","?","R","?","$","R","BOSS","M","M"],"build_version":"2019-01-23","purchased_purges":1,"victory":false,"max_hp_per_floor":[71,71,71,71,71,71,71,71,71,71,71,71,71,71,71,71,71,71,71],"card_choices":[{"not_picked":["Leap","Gash"],"picked":"Sunder","floor":1},{"not_picked":["Chaos","Beam Cell"],"picked":"Force Field","floor":3},{"not_picked":["Scrape","Cold Snap"],"picked":"Turbo","floor":5},{"not_picked":["Streamline","Leap"],"picked":"Auto Shields","floor":7},{"not_picked":["Sweeping Beam","Blizzard","Cold Snap"],"picked":"SKIP","floor":10},{"not_picked":["Thunder Strike","Core Surge"],"picked":"Echo Form","floor":16},{"not_picked":["Barrage","Cold Snap"],"picked":"Leap","floor":18}],"player_experience":1385855,"relics_obtained":[{"floor":7,"key":"Tiny Chest"},{"floor":9,"key":"Blue Candle"},{"floor":13,"key":"Regal Pillow"},{"floor":17,"key":"Juzu Bracelet"},{"floor":17,"key":"Kunai"},{"floor":17,"key":"Girya"}],"event_choices":[{"damage_healed":0,"gold_gain":0,"player_choice":"Leave","damage_taken":0,"max_hp_gain":0,"max_hp_loss":0,"event_name":"The Cleric","floor":2,"gold_loss":0},{"damage_healed":0,"gold_gain":0,"player_choice":"Ignored","damage_taken":0,"max_hp_gain":0,"max_hp_loss":0,"event_name":"Liars Game","floor":4,"gold_loss":0},{"damage_healed":0,"gold_gain":0,"player_choice":"Success","damage_taken":11,"relics_obtained":["Symbiotic Virus"],"max_hp_gain":0,"max_hp_loss":0,"event_name":"Scrap Ooze","floor":8,"gold_loss":0},{"damage_healed":17,"gold_gain":0,"player_choice":"Healed and dodged fight","damage_taken":0,"max_hp_gain":0,"max_hp_loss":0,"event_name":"Mushrooms","floor":11,"gold_loss":0,"cards_obtained":["Parasite"]}],"is_beta":false,"boss_relics":[{"not_picked":["Busted Crown","FrozenCore"],"picked":"Calling Bell"}],"items_purged_floors":[14],"is_endless":false,"potions_floor_spawned":[3,7,10,18],"killed_by":"Spheric Guardian","ascension_level":19}