{"gold_per_floor":[114,39,58,73,73,73,93,93,116,129,129,148,148,174,174,252,252,270,282,282,315,332,332,357,357,405,418,418,448,448,196,196,271,271,285,295,170,180,112,112,128,128,128,162,36,47,59,59,59,59],"floor_reached":51,"playtime":8491,"items_purged":["Strike_R","Strike_R","Defend_R"],"score":1167,"play_id":"0071c849-74d0-4942-8be1-7d9d44838322","local_time":"20181108213946","is_ascension_mode":true,"campfire_choices":[{"data":"Warcry","floor":6.0,"key":"SMITH"},{"data":"Heavy Blade","floor":11.0,"key":"SMITH"},{"floor":13.0,"key":"REST"},{"data":"Battle Trance","floor":15.0,"key":"SMITH"},{"data":"Flex","floor":23,"key":"SMITH"},{"floor":25,"key":"REST"},{"data":"J.A.X.","floor":32,"key":"SMITH"},{"data":"Flex","floor":40,"key":"SMITH"},{"data":"Spot Weakness","floor":42,"key":"SMITH"},{"data":"Spot Weakness","floor":49,"key":"SMITH"}],"neow_cost":"TEN_PERCENT_HP_LOSS","seed_source_timestamp":0,"circlet_count":0,"master_deck":["AscendersBane","Strike_R+1","Defend_R+1","Bash","Sword Boomerang","Warcry+1","Shockwave+1","Pummel","Heavy Blade+1","Battle Trance+1","Feed","Flex+1","Pummel+1","Shrug It Off+1","Infernal Blade+1","Twin Strike","J.A.X.+1","Reaper","Flex+1","Spot Weakness+1","Spot Weakness+1","Sword Boomerang+1","Armaments+1"],"special_seed":0,"relics":["Burning Blood","Red Skull","Pen Nib","Mark of Pain","Red Mask","Pantograph","Bronze Scales","Happy Flower","Anchor","Runic Dome","Meat on the Bone","War Paint"],"potions_floor_usage":[33,34,41,50],"damage_taken":[{"damage":0.0,"enemies":"Small Slimes","floor":1.0,"turns":3.0},{"damage":6.0,"enemies":"2 Louse","floor":3.0,"turns":3.0},{"damage":4.0,"enemies":"Jaw Worm","floor":4.0,"turns":3.0},{"damage":6.0,"enemies":"Looter","floor":7.0,"turns":3.0},{"damage":20.0,"enemies":"Large Slime","floor":10.0,"turns":5.0},{"damage":32.0,"enemies":"Gremlin Gang","floor":12.0,"turns":5.0},{"damage":22.0,"enemies":"3 Sentries","floor":14.0,"turns":5.0},{"damage":26.0,"enemies":"The Guardian","floor":16.0,"turns":8.0},{"damage":27,"enemies":"Spheric Guardian","floor":18,"turns":5},{"damage":13,"enemies":"3 Byrds","floor":19,"turns":4},{"damage":0,"enemies":"Masked Bandits","floor":21,"turns":2},{"damage":13,"enemies":"Centurion and Healer","floor":22,"turns":4},{"damage":17,"enemies":"Gremlin Leader","floor":24,"turns":6},{"damage":20,"enemies":"Snecko","floor":27,"turns":4},{"damage":12,"enemies":"Slavers","floor":29,"turns":2},{"damage":19,"enemies":"Champ","floor":33,"turns":7},{"damage":31,"enemies":"3 Darklings","floor":35,"turns":4},{"damage":22,"enemies":"3 Shapes","floor":36,"turns":4},{"damage":6,"enemies":"Spire Growth","floor":38,"turns":3},{"damage":9,"enemies":"Sphere and 2 Shapes","floor":41,"turns":3},{"damage":33,"enemies":"Nemesis","floor":44,"turns":3},{"damage":6,"enemies":"Maw","floor":46,"turns":4},{"damage":29,"enemies":"4 Shapes","floor":47,"turns":3},{"damage":53,"enemies":"Donu and Deca","floor":50,"turns":4}],"seed_played":"5000967201863970883","potions_obtained":[{"floor":1.0,"key":"Ancient Potion"},{"floor":4.0,"key":"Dexterity Potion"},{"floor":14.0,"key":"Swift Potion"},{"floor":19,"key":"Fire Potion"},{"floor":33,"key":"Fruit Juice"},{"floor":35,"key":"Poison Potion"},{"floor":41,"key":"GamblersBrew"}],"is_trial":false,"path_per_floor":["M","$","M","M","?","R","M","?","T","M","R","M","R","E","R","B",null,"M","M","?","?","M","R","E","R","T","M","?","E","?","$","R","B",null,"M","M","$","M","$","R","M","R","T","E","$","M","M","?","R","B",null],"character_chosen":"IRONCLAD","items_purchased":["Anchor","Spot Weakness","Inflame","SteroidPotion"],"campfire_rested":2,"item_purchase_floors":[31,39,45,45],"current_hp_per_floor":[72,72,72,72,77,77,77,62,62,48,48,22,45,29,29,9,60,42,38,38,47,43,43,35,62,62,48,48,42,42,42,42,57,91,97,90,90,90,90,90,97,97,97,70,70,73,62,62,62,76],"gold":59,"neow_bonus":"TRANSFORM_TWO_CARDS","is_prod":false,"is_daily":false,"chose_seed":false,"campfire_upgraded":8,"win_rate":0,"timestamp":1541741986,"path_taken":["M","$","M","M","?","R","M","?","T","M","R","M","R","E","R","BOSS","M","M","?","?","M","R","E","R","T","M","?","E","?","$","R","BOSS","M","?","$","M","?","R","M","R","T","E","$","M","M","?","R","BOSS"],"build_version":"2018-11-08","purchased_purges":3,"victory":true,"max_hp_per_floor":[72,72,72,72,77,77,77,77,77,77,77,77,77,77,77,77,77,80,83,83,86,89,89,92,92,92,92,92,92,92,92,92,95,100,100,100,100,100,100,100,100,100,100,100,100,103,103,103,103,103],"card_choices":[{"not_picked":["Burning Pact","Disarm"],"picked":"Shockwave","floor":1.0},{"not_picked":["Perfected Strike","Cleave","Ghostly Armor"],"picked":"SKIP","floor":3.0},{"not_picked":["Rampage","Twin Strike"],"picked":"Pummel","floor":4.0},{"not_picked":["Blood for Blood","Evolve","Warcry"],"picked":"SKIP","floor":7.0},{"not_picked":["Searing Blow","Havoc"],"picked":"Heavy Blade","floor":10.0},{"not_picked":["Shrug It Off","True Grit"],"picked":"Battle Trance","floor":12.0},{"not_picked":["Combust","Headbutt","Feel No Pain"],"picked":"SKIP","floor":14.0},{"not_picked":["Berserk","Impervious"],"picked":"Feed","floor":16.0},{"not_picked":["Infernal Blade","Rupture"],"picked":"Flex","floor":18},{"not_picked":["Wild Strike","Headbutt"],"picked":"Pummel+1","floor":19},{"not_picked":["Wild Strike","Combust"],"picked":"Shrug It Off","floor":21},{"not_picked":["Body Slam","Anger+1","Armaments"],"picked":"SKIP","floor":22},{"not_picked":["Uppercut","Perfected Strike"],"picked":"Infernal Blade+1","floor":24},{"not_picked":["Uppercut","Thunderclap"],"picked":"Twin Strike","floor":27},{"not_picked":["Pommel Strike","Blood for Blood","Intimidate"],"picked":"SKIP","floor":29},{"not_picked":["Berserk","Bludgeon"],"picked":"Reaper","floor":33},{"not_picked":["Bloodletting","Clothesline","Wild Strike+1"],"picked":"SKIP","floor":35},{"not_picked":["Pommel Strike+1","Armaments+1"],"picked":"Flex","floor":36},{"not_picked":["Iron Wave","Havoc","Entrench"],"picked":"SKIP","floor":38},{"not_picked":["Iron Wave+1","Anger"],"picked":"Spot Weakness","floor":41},{"not_picked":["Disarm","Feed"],"picked":"Sword Boomerang+1","floor":44},{"not_picked":["Burning Pact","Headbutt","Shrug It Off"],"picked":"SKIP","floor":46},{"not_picked":["Perfected Strike","Sword Boomerang"],"picked":"Armaments+1","floor":47}],"player_experience":948394,"relics_obtained":[{"floor":9.0,"key":"Red Skull"},{"floor":14.0,"key":"Pen Nib"},{"floor":21,"key":"Red Mask"},{"floor":24,"key":"Pantograph"},{"floor":26,"key":"Bronze Scales"},{"floor":29,"key":"Happy Flower"},{"floor":43,"key":"Meat on the Bone"},{"floor":44,"key":"War Paint"}],"event_choices":[{"damage_healed":0.0,"max_hp_gain":5.0,"max_hp_loss":0.0,"gold_gain":0.0,"event_name":"Big Fish","player_choice":"Donut","floor":5.0,"gold_loss":0.0,"damage_taken":0.0},{"damage_healed":0.0,"max_hp_gain":0.0,"max_hp_loss":0.0,"gold_gain":0.0,"event_name":"Shining Light","player_choice":"Entered Light","floor":8.0,"gold_loss":0.0,"damage_taken":15.0,"cards_upgraded":["Strike_R","Defend_R"]},{"cards_removed":["Strike_R"],"damage_healed":0,"gold_gain":0,"player_choice":"Elegance","damage_taken":0,"max_hp_gain":0,"max_hp_loss":0,"event_name":"Back to Basics","floor":20,"gold_loss":0},{"damage_healed":0,"gold_gain":0,"player_choice":"Fought Bandits","damage_taken":0,"max_hp_gain":0,"max_hp_loss":0,"event_name":"Masked Bandits","floor":21,"gold_loss":0},{"damage_healed":0,"gold_gain":0,"player_choice":"Obtain J.A.X.","damage_taken":0,"max_hp_gain":0,"max_hp_loss":0,"event_name":"Drug Dealer","floor":28,"gold_loss":0,"cards_obtained":["J.A.X."]},{"cards_removed":["Defend_R"],"damage_healed":0,"gold_gain":0,"player_choice":"Purged","damage_taken":0,"max_hp_gain":0,"max_hp_loss":0,"event_name":"Purifier","floor":30,"gold_loss":0},{"cards_removed":["Inflame"],"damage_healed":0,"gold_gain":0,"player_choice":"Removed Power","damage_taken":0,"max_hp_gain":0,"max_hp_loss":0,"event_name":"Falling","floor":48,"gold_loss":0}],"is_beta":false,"boss_relics":[{"not_picked":["Calling Bell","Runic Cube"],"picked":"Mark of Pain"},{"not_picked":["Black Star","Busted Crown"],"picked":"Runic Dome"}],"items_purged_floors":[2,31,37],"is_endless":false,"potions_floor_spawned":[1,4,14,19,21,29,33,35,41,46],"ascension_level":13}