{"gold_per_floor":[115,16,26,37,37,37,69,81,81,95,115,115,128,53,53,128,128,143,154,167,187,8,8,8],"floor_reached":24,"playtime":944,"items_purged":["Strike_R"],"score":429,"play_id":"15af15f4-e0ff-40fb-862c-ee4d0a1b512e","local_time":"20190720093549","is_ascension_mode":true,"campfire_choices":[{"data":"Armaments","floor":6.0,"key":"SMITH"},{"data":"Warcry","floor":15.0,"key":"SMITH"},{"floor":23,"key":"REST"}],"neow_cost":"TEN_PERCENT_HP_LOSS","seed_source_timestamp":0,"circlet_count":0,"master_deck":["AscendersBane","Strike_R","Strike_R","Strike_R","Defend_R","Defend_R","Defend_R","Bash","Clash","Hemokinesis","Armaments+1","Clash","Warcry+1","Anger","Pommel Strike","Flex","Pommel Strike","Brutality","Warcry","Warcry+1","Warcry","Clash","Master of Strategy"],"special_seed":0,"relics":["Burning Blood","Regal Pillow","Oddly Smooth Stone","Ornamental Fan","Fusion Hammer"],"potions_floor_usage":[16,21,24],"damage_taken":[{"damage":7.0,"enemies":"2 Louse","floor":1.0,"turns":3.0},{"damage":9.0,"enemies":"Cultist","floor":3.0,"turns":3.0},{"damage":0.0,"enemies":"Small Slimes","floor":4.0,"turns":2.0},{"damage":20.0,"enemies":"3 Sentries","floor":7.0,"turns":8.0},{"damage":1.0,"enemies":"Looter","floor":8.0,"turns":2.0},{"damage":17.0,"enemies":"Gremlin Gang","floor":10.0,"turns":4.0},{"damage":9.0,"enemies":"Large Slime","floor":11.0,"turns":5.0},{"damage":0.0,"enemies":"Looter","floor":13.0,"turns":2.0},{"damage":27,"enemies":"Slime Boss","floor":16,"turns":7},{"damage":2,"enemies":"Chosen","floor":18,"turns":2},{"damage":5,"enemies":"Spheric Guardian","floor":19,"turns":3},{"damage":12,"enemies":"Snake Plant","floor":20,"turns":2},{"damage":29,"enemies":"Cultist and Chosen","floor":21,"turns":6},{"damage":72,"enemies":"Slavers","floor":24,"turns":7}],"seed_played":"3327827082557289002","potions_obtained":[{"floor":1.0,"key":"AttackPotion"},{"floor":8.0,"key":"PowerPotion"},{"floor":10.0,"key":"Block Potion"},{"floor":16,"key":"Weak Potion"},{"floor":20,"key":"Swift Potion"}],"is_trial":false,"path_per_floor":["M","$","M","M","?","R","E","M","T","M","M","?","M","$","R","B",null,"M","M","M","M","$","R","E"],"character_chosen":"IRONCLAD","items_purchased":["Hemokinesis","Armaments","Master of Strategy"],"campfire_rested":1,"item_purchase_floors":[2,2,22],"current_hp_per_floor":[67,67,64,68,68,68,54,59,59,48,45,34,40,40,40,19,56,60,61,55,32,32,67,0],"gold":8,"neow_bonus":"REMOVE_TWO","is_prod":false,"is_daily":false,"chose_seed":false,"campfire_upgraded":2,"win_rate":0,"timestamp":1563640549,"path_taken":["M","$","M","M","?","R","E","M","T","M","M","?","M","$","R","BOSS","M","M","M","M","$","R","E"],"build_version":"2019-07-17","purchased_purges":1,"victory":false,"max_hp_per_floor":[68,68,68,68,68,68,68,68,68,68,68,68,68,68,68,68,68,68,68,68,68,68,68,68],"card_choices":[{"not_picked":["Reckless Charge","Intimidate"],"picked":"Clash","floor":1.0},{"not_picked":["True Grit","Armaments"],"picked":"Clash","floor":3.0},{"not_picked":["Perfected Strike","Clothesline"],"picked":"Warcry","floor":4.0},{"not_picked":["Cleave","Feel No Pain"],"picked":"Anger","floor":7.0},{"not_picked":["Body Slam","Berserk"],"picked":"Pommel Strike","floor":8.0},{"not_picked":["Disarm","Warcry"],"picked":"Flex","floor":10.0},{"not_picked":["Sword Boomerang","Twin Strike","Havoc"],"picked":"SKIP","floor":11.0},{"not_picked":["Sword Boomerang","Iron Wave"],"picked":"Pommel Strike","floor":13.0},{"not_picked":["Bludgeon","Reaper"],"picked":"Brutality","floor":16},{"not_picked":["Thunderclap","Twin Strike"],"picked":"Warcry","floor":18},{"not_picked":["Inflame","Searing Blow"],"picked":"Warcry+1","floor":19},{"not_picked":["Cleave","Body Slam"],"picked":"Warcry","floor":20},{"not_picked":["Corruption","Body Slam"],"picked":"Clash","floor":21}],"player_experience":1445055,"relics_obtained":[{"floor":7.0,"key":"Regal Pillow"},{"floor":9.0,"key":"Oddly Smooth Stone"}],"event_choices":[{"damage_healed":0.0,"max_hp_gain":0.0,"max_hp_loss":0.0,"gold_gain":0.0,"event_name":"The Cleric","player_choice":"Leave","floor":5.0,"gold_loss":0.0,"damage_taken":0.0},{"damage_healed":0.0,"max_hp_gain":0.0,"max_hp_loss":0.0,"gold_gain":0.0,"event_name":"Scrap Ooze","player_choice":"Success","floor":12.0,"gold_loss":0.0,"damage_taken":11.0,"relics_obtained":["Ornamental Fan"]}],"is_beta":false,"boss_relics":[{"not_picked":["Tiny House","Runic Dome"],"picked":"Fusion Hammer"}],"items_purged_floors":[14],"is_endless":false,"potions_floor_spawned":[1,8,10,13,16,19,20],"killed_by":"Slavers","ascension_level":20}