{"gold_per_floor":[15,33,33,57,76,76,115,115,115,75,75,96,96,76,76,76],"floor_reached":16,"playtime":1135,"items_purged":[],"score":185,"play_id":"f31667ac-5b01-4e1b-a98f-f0432b1caa0f","local_time":"20190815130240","is_ascension_mode":true,"campfire_choices":[{"floor":6,"key":"REST"},{"data":"Capacitor","floor":11,"key":"SMITH"},{"data":"Zap","floor":13,"key":"SMITH"},{"data":"Skim","floor":15,"key":"SMITH"}],"neow_cost":"NO_GOLD","seed_source_timestamp":82167210034400,"circlet_count":0,"master_deck":["AscendersBane","Strike_B","Strike_B","Defend_B","Defend_B","Defend_B","Defend_B","Zap+1","Dualcast","Capacitor+1","Seek","Cold Snap","Compile Driver","Reinforced Body","Coolheaded","Glacier","Skim+1","Barrage"],"relics":["Cracked Core","Golden Idol","Smiling Mask","Meat on the Bone"],"potions_floor_usage":[5,16,16],"damage_taken":[{"damage":0,"enemies":"2 Louse","floor":1,"turns":3},{"damage":0,"enemies":"Cultist","floor":2,"turns":4},{"damage":2,"enemies":"Jaw Worm","floor":4,"turns":4},{"damage":13,"enemies":"Large Slime","floor":5,"turns":6},{"damage":34,"enemies":"3 Sentries","floor":7,"turns":13},{"damage":1,"enemies":"Looter","floor":10,"turns":4},{"damage":40,"enemies":"Gremlin Gang","floor":12,"turns":6},{"damage":19,"enemies":"Slime Boss","floor":16,"turns":9}],"seed_played":"7448974975007596096","potions_obtained":[{"floor":2,"key":"Ancient Potion"},{"floor":5,"key":"FearPotion"},{"floor":12,"key":"Weak Potion"}],"is_trial":false,"path_per_floor":["M","M","?","M","M","R","E","?","T","M","R","M","R","?","R","B"],"character_chosen":"DEFECT","items_purchased":[],"campfire_rested":1,"item_purchase_floors":[],"current_hp_per_floor":[64,64,40,38,25,46,12,35,35,46,46,18,18,18,18,0],"gold":76,"neow_bonus":"TRANSFORM_TWO_CARDS","is_prod":false,"is_daily":false,"chose_seed":false,"campfire_upgraded":3,"win_rate":0,"timestamp":1565899360,"path_taken":["M","M","?","M","M","R","E","?","T","M","R","M","R","?","R","BOSS"],"build_version":"2019-07-17","purchased_purges":0,"victory":false,"max_hp_per_floor":[71,71,71,71,71,71,71,71,71,71,71,71,71,71,71,71],"card_choices":[{"not_picked":["Conserve Battery","Streamline"],"picked":"Cold Snap","floor":1},{"not_picked":["Genetic Algorithm","Hologram"],"picked":"Compile Driver","floor":2},{"not_picked":["Aggregate","Beam Cell"],"picked":"Reinforced Body","floor":4},{"not_picked":["Blizzard","Cold Snap"],"picked":"Coolheaded","floor":5},{"not_picked":["Reboot","Barrage"],"picked":"Glacier","floor":7},{"not_picked":["Steam Power","Turbo"],"picked":"Skim","floor":10},{"not_picked":["Genetic Algorithm","Tempest"],"picked":"Barrage","floor":12}],"player_experience":662030,"relics_obtained":[{"floor":7,"key":"Smiling Mask"},{"floor":9,"key":"Meat on the Bone"}],"event_choices":[{"damage_healed":0,"gold_gain":0,"player_choice":"Take Damage","damage_taken":24,"relics_obtained":["Golden Idol"],"max_hp_gain":0,"max_hp_loss":0,"event_name":"Golden Idol","floor":3,"gold_loss":0},{"damage_healed":23,"gold_gain":0,"player_choice":"Banana","damage_taken":0,"max_hp_gain":0,"max_hp_loss":0,"event_name":"Big Fish","floor":8,"gold_loss":0},{"damage_healed":0,"gold_gain":0,"player_choice":"Bought 1 Potion","damage_taken":0,"max_hp_gain":0,"max_hp_loss":0,"event_name":"The Woman in Blue","floor":14,"gold_loss":0}],"is_beta":false,"boss_relics":[],"items_purged_floors":[],"is_endless":false,"potions_floor_spawned":[2,5,12],"killed_by":"Slime Boss","ascension_level":17}