{"gold_per_floor":[109,184,184,109,109,109,122,140,193,203,220,220,50,50,50,151,151,166,186,13,13],"floor_reached":21,"playtime":1374,"items_purged":["Strike_B","Defend_B","Strike_B"],"score":219,"play_id":"b331b787-34de-4e1c-8a96-2337551962c1","local_time":"20190816201433","is_ascension_mode":false,"campfire_choices":[{"data":"Leap","floor":6,"key":"SMITH"},{"data":"Redo","floor":15,"key":"SMITH"}],"neow_cost":"NONE","seed_source_timestamp":1547201298325500,"circlet_count":0,"master_deck":["Strike_B","Defend_B","Defend_B","Defend_B+1","Zap+1","Dualcast+1","Leap+1","Redo+1","Coolheaded","Sweeping Beam","Self Repair","Machine Learning","Fission","Beam Cell+1","Chill","Barrage"],"relics":["Cracked Core","Sozu"],"potions_floor_usage":[10,10],"damage_taken":[{"damage":0,"enemies":"Small Slimes","floor":1,"turns":3},{"damage":0,"enemies":"Jaw Worm","floor":7,"turns":2},{"damage":0,"enemies":"2 Louse","floor":8,"turns":2},{"damage":6,"enemies":"Exordium Wildlife","floor":10,"turns":3},{"damage":2,"enemies":"Blue Slaver","floor":11,"turns":3},{"damage":0,"enemies":"The Guardian","floor":16,"turns":13},{"damage":1,"enemies":"Chosen","floor":18,"turns":8},{"damage":3,"enemies":"Spheric Guardian","floor":19,"turns":5}],"seed_played":"-1665141968504402826","potions_obtained":[{"floor":7,"key":"AttackPotion"},{"floor":8,"key":"Fruit Juice"}],"is_trial":false,"path_per_floor":["M","?","?","$","?","R","M","M","T","M","M","?","$","?","R","B",null,"M","M","$","?"],"character_chosen":"DEFECT","items_purchased":["Self Repair","Barrage"],"campfire_rested":0,"item_purchase_floors":[13,20],"current_hp_per_floor":[75,64,69,69,53,53,53,53,53,52,50,50,50,50,50,57,85,85,85,85,85],"gold":13,"neow_bonus":"UPGRADE_CARD","is_prod":false,"is_daily":false,"chose_seed":false,"campfire_upgraded":2,"win_rate":0,"timestamp":1565979273,"path_taken":["M","?","?","$","?","R","M","M","T","M","M","?","$","?","R","BOSS","M","M","$","?"],"build_version":"2019-08-15","purchased_purges":3,"victory":false,"max_hp_per_floor":[75,75,80,80,80,80,80,80,80,85,85,85,85,85,85,85,85,85,85,85,85],"card_choices":[{"not_picked":["Beam Cell","Scrape"],"picked":"Leap","floor":1},{"not_picked":["Recycle","Lockon"],"picked":"Redo","floor":7},{"not_picked":["Cold Snap","Aggregate"],"picked":"Coolheaded","floor":8},{"not_picked":["Cold Snap","Gash","Scrape"],"picked":"SKIP","floor":10},{"not_picked":["Cold Snap","Gash","Scrape"],"picked":"SKIP","floor":10},{"not_picked":["Hello World","Rip and Tear"],"picked":"Sweeping Beam","floor":11},{"not_picked":["Multi-Cast","Thunder Strike"],"picked":"Fission","floor":16},{"not_picked":["Go for the Eyes","Undo"],"picked":"Beam Cell+1","floor":18},{"not_picked":["Stack","Double Energy"],"picked":"Chill","floor":19}],"player_experience":564152,"relics_obtained":[],"event_choices":[{"damage_healed":0,"gold_gain":75,"player_choice":"Gather Gold","damage_taken":11,"max_hp_gain":0,"max_hp_loss":0,"event_name":"World of Goop","floor":2,"gold_loss":0},{"damage_healed":0,"gold_gain":0,"player_choice":"Donut","damage_taken":0,"max_hp_gain":5,"max_hp_loss":0,"event_name":"Big Fish","floor":3,"gold_loss":0},{"damage_healed":0,"gold_gain":0,"player_choice":"Entered Light","damage_taken":16,"max_hp_gain":0,"max_hp_loss":0,"event_name":"Shining Light","floor":5,"gold_loss":0,"cards_upgraded":["Dualcast","Defend_B"]},{"damage_healed":0,"gold_gain":0,"player_choice":"Searched \u00270\u0027 times","damage_taken":0,"max_hp_gain":0,"max_hp_loss":0,"event_name":"Dead Adventurer","floor":12,"gold_loss":0},{"damage_healed":0,"gold_gain":0,"cards_transformed":["Strike_B"],"player_choice":"Change","damage_taken":0,"max_hp_gain":0,"max_hp_loss":0,"event_name":"Living Wall","floor":14,"gold_loss":0,"cards_obtained":["Machine Learning"]}],"is_beta":true,"boss_relics":[{"not_picked":["Tiny House","Coffee Dripper"],"picked":"Sozu"}],"items_purged_floors":[4,13,20],"is_endless":false,"potions_floor_spawned":[7,8],"ascension_level":0}