{"gold_per_floor":[115,11,11,26,39,73,73,105,178,178,190,209,234,159,159,233,233,221,271,289,17,37,72,72,72,72,47,147,159,159,189,189,261,261,273,283,283,296,13,13,43,43,43,43,60,3,17,37,37,37],"floor_reached":51,"playtime":5438,"items_purged":["Strike_B","Defend_B","Defend_B"],"score":1258,"play_id":"26f52961-9510-4745-a42f-038f3e5e05b1","local_time":"20190808145834","is_ascension_mode":true,"campfire_choices":[{"data":"Streamline","floor":7.0,"key":"SMITH"},{"data":"Zap","floor":10.0,"key":"SMITH"},{"data":"Auto Shields","floor":15.0,"key":"SMITH"},{"data":"Static Discharge","floor":24.0,"key":"SMITH"},{"floor":30.0,"key":"REST"},{"floor":32.0,"key":"REST"},{"data":"Seek","floor":40.0,"key":"SMITH"},{"floor":42.0,"key":"REST"},{"floor":44.0,"key":"REST"},{"floor":49,"key":"REST"}],"neow_cost":"TEN_PERCENT_HP_LOSS","seed_source_timestamp":830059775708071,"circlet_count":0,"master_deck":["AscendersBane","Defend_B","Zap+1","Dualcast","Cold Snap+1","Streamline+1","Gash","Compile Driver","Auto Shields+1","Conserve Battery","Conserve Battery","Seek+1","Static Discharge+1","Conserve Battery+1","Glacier","Doom and Gloom+1","Compile Driver","Loop","Machine Learning","Gash+1","Chill","FTL","Gash","Beam Cell+1","Gash"],"special_seed":0,"relics":["Cracked Core","Pocketwatch","Bag of Marbles","Incense Burner","Inserter","Bronze Scales","Pen Nib","MutagenicStrength","Cables","StoneCalendar","Bottled Tornado","Shuriken","Orrery","Whetstone","Ginger","Singing Bowl"],"potions_floor_usage":[50,50],"damage_taken":[{"damage":2.0,"enemies":"2 Louse","floor":1.0,"turns":3.0},{"damage":5.0,"enemies":"Small Slimes","floor":4.0,"turns":4.0},{"damage":0.0,"enemies":"Cultist","floor":5.0,"turns":3.0},{"damage":25.0,"enemies":"Gremlin Nob","floor":6.0,"turns":5.0},{"damage":3.0,"enemies":"3 Sentries","floor":8.0,"turns":5.0},{"damage":0.0,"enemies":"Blue Slaver","floor":11.0,"turns":2.0},{"damage":7.0,"enemies":"Exordium Wildlife","floor":12.0,"turns":2.0},{"damage":11.0,"enemies":"Lagavulin","floor":13.0,"turns":5.0},{"damage":5.0,"enemies":"Slime Boss","floor":16.0,"turns":8.0},{"damage":7.0,"enemies":"2 Thieves","floor":18.0,"turns":4.0},{"damage":2.0,"enemies":"Chosen","floor":20.0,"turns":6.0},{"damage":2.0,"enemies":"Centurion and Healer","floor":22.0,"turns":5.0},{"damage":9.0,"enemies":"Book of Stabbing","floor":23.0,"turns":5.0},{"damage":5.0,"enemies":"Colosseum Slavers","floor":28.0,"turns":3.0},{"damage":3.0,"enemies":"Colosseum Nobs","floor":28.0,"turns":3.0},{"damage":1.0,"enemies":"Cultist and Chosen","floor":29.0,"turns":5.0},{"damage":33.0,"enemies":"Gremlin Leader","floor":31.0,"turns":5.0},{"damage":16.0,"enemies":"Champ","floor":33.0,"turns":14.0},{"damage":1.0,"enemies":"3 Darklings","floor":35.0,"turns":4.0},{"damage":8.0,"enemies":"3 Shapes","floor":36.0,"turns":4.0},{"damage":8.0,"enemies":"Maw","floor":38.0,"turns":7.0},{"damage":29.0,"enemies":"Giant Head","floor":41.0,"turns":8.0},{"damage":0.0,"enemies":"Jaw Worm Horde","floor":45.0,"turns":4.0},{"damage":14.0,"enemies":"Sphere and 2 Shapes","floor":47.0,"turns":5.0},{"damage":12,"enemies":"Writhing Mass","floor":48,"turns":6},{"damage":33,"enemies":"Time Eater","floor":50,"turns":7}],"seed_played":"-6792004321497118404","potions_obtained":[{"floor":5.0,"key":"Fire Potion"},{"floor":8.0,"key":"Ancient Potion"},{"floor":11.0,"key":"Dexterity Potion"},{"floor":12.0,"key":"Dexterity Potion"},{"floor":13.0,"key":"Energy Potion"},{"floor":20.0,"key":"Swift Potion"},{"floor":23.0,"key":"EntropicBrew"},{"floor":28.0,"key":"LiquidBronze"},{"floor":29.0,"key":"Poison Potion"},{"floor":33.0,"key":"FocusPotion"},{"floor":35.0,"key":"Weak Potion"},{"floor":45.0,"key":"Fire Potion"}],"is_trial":false,"path_per_floor":["M","$","?","M","M","E","R","E","T","R","M","M","E","?","R","B",null,"M","?","M","$","M","E","R","?","T","$","?","M","R","E","R","B",null,"M","M","?","M","$","R","E","R","T","R","M","$","M","M","R","B",null],"character_chosen":"DEFECT","items_purchased":["Streamline","Bronze Scales","Compile Driver","Whetstone","Dexterity Potion"],"campfire_rested":5,"item_purchase_floors":[2,21,27,39,46],"current_hp_per_floor":[62,62,67,62,62,37,37,34,34,34,34,27,16,16,16,11,55,48,42,40,40,38,29,29,29,29,29,21,20,40,7,27,11,55,54,46,46,38,38,38,9,29,29,49,49,49,35,23,43,10],"gold":37,"neow_bonus":"REMOVE_TWO","is_prod":false,"is_daily":false,"chose_seed":false,"campfire_upgraded":5,"win_rate":0,"timestamp":1565290714,"path_taken":["M","$","?","M","M","E","R","E","T","R","M","M","E","?","R","BOSS","M","?","?","$","M","E","R","?","T","?","?","M","R","E","R","BOSS","M","M","?","?","$","R","E","R","T","R","M","$","M","M","R","BOSS"],"build_version":"2019-07-17","purchased_purges":3,"victory":true,"max_hp_per_floor":[64,64,69,69,69,69,69,69,69,69,69,69,69,69,69,69,69,69,69,69,69,69,69,69,69,69,69,69,69,69,69,69,69,69,69,69,69,69,69,69,69,69,69,69,69,69,69,69,69,69],"card_choices":[{"not_picked":["Recycle","Turbo"],"picked":"Cold Snap","floor":1.0},{"not_picked":["Tempest","Streamline","Scrape"],"picked":"SKIP","floor":4.0},{"not_picked":["Leap","Streamline"],"picked":"Gash","floor":5.0},{"not_picked":["Reprogram","Loop"],"picked":"Compile Driver","floor":6.0},{"not_picked":["Darkness","Turbo"],"picked":"Auto Shields","floor":8.0},{"not_picked":["Beam Cell","Redo","Meteor Strike"],"picked":"SKIP","floor":11.0},{"not_picked":["Beam Cell","Streamline"],"picked":"Conserve Battery","floor":12.0},{"not_picked":["Lockon","Rip and Tear"],"picked":"Conserve Battery","floor":13.0},{"not_picked":["Amplify","Fission"],"picked":"Seek","floor":16.0},{"not_picked":["Rebound","Streamline"],"picked":"Static Discharge","floor":18.0},{"not_picked":["Tempest","Beam Cell"],"picked":"Conserve Battery+1","floor":20.0},{"not_picked":["Hologram","Stack"],"picked":"Glacier","floor":22.0},{"not_picked":["Fusion","Redo"],"picked":"Doom and Gloom+1","floor":23.0},{"not_picked":["Rebound","Stack","Go for the Eyes"],"picked":"SKIP","floor":29.0},{"not_picked":["Rebound","Stack","Go for the Eyes"],"picked":"SKIP","floor":29.0},{"not_picked":["Redo","Rebound"],"picked":"Loop","floor":31.0},{"not_picked":["Hyperbeam","Meteor Strike"],"picked":"Machine Learning","floor":33.0},{"not_picked":["Beam Cell","Fusion"],"picked":"Gash","floor":34.0},{"not_picked":["Steam","Chaos+1"],"picked":"Chill","floor":34.0},{"not_picked":["Steam","Multi-Cast","Turbo"],"picked":"SKIP","floor":35.0},{"not_picked":["Streamline","Darkness","Sweeping Beam"],"picked":"SKIP","floor":36.0},{"not_picked":["Beam Cell","Loop","Leap+1"],"picked":"SKIP","floor":38.0},{"not_picked":["Streamline+1","Conserve Battery","Fission"],"picked":"SKIP","floor":41.0},{"not_picked":["Hello World","Cold Snap"],"picked":"Gash","floor":45.0},{"not_picked":["Conserve Battery+1","Fusion"],"picked":"Beam Cell+1","floor":47.0},{"not_picked":["Redo","Reinforced Body"],"picked":"Gash","floor":48}],"player_experience":411503,"relics_obtained":[{"floor":6.0,"key":"Pocketwatch"},{"floor":8.0,"key":"Bag of Marbles"},{"floor":13.0,"key":"Incense Burner"},{"floor":23.0,"key":"Pen Nib"},{"floor":26.0,"key":"Cables"},{"floor":28.0,"key":"StoneCalendar"},{"floor":28.0,"key":"Bottled Tornado"},{"floor":31.0,"key":"Shuriken"},{"floor":41.0,"key":"Ginger"},{"floor":43.0,"key":"Singing Bowl"}],"event_choices":[{"damage_healed":0.0,"max_hp_gain":5.0,"max_hp_loss":0.0,"gold_gain":0.0,"event_name":"Big Fish","player_choice":"Donut","floor":3.0,"gold_loss":0.0,"damage_taken":0.0},{"cards_removed":["Strike_B"],"damage_healed":0.0,"max_hp_gain":0.0,"max_hp_loss":0.0,"gold_gain":0.0,"event_name":"The Cleric","player_choice":"Card Removal","floor":14.0,"gold_loss":75.0,"damage_taken":0.0},{"damage_healed":0.0,"max_hp_gain":0.0,"max_hp_loss":0.0,"gold_gain":50.0,"event_name":"FaceTrader","player_choice":"Touch","floor":19.0,"gold_loss":0.0,"damage_taken":6.0},{"damage_healed":0.0,"max_hp_gain":0.0,"max_hp_loss":0.0,"gold_gain":0.0,"event_name":"Drug Dealer","player_choice":"Inject Mutagens","floor":25.0,"gold_loss":0.0,"damage_taken":0.0,"relics_obtained":["MutagenicStrength"]},{"damage_healed":0.0,"max_hp_gain":0.0,"max_hp_loss":0.0,"gold_gain":0.0,"event_name":"Colosseum","player_choice":"Fight","floor":28.0,"gold_loss":0.0,"damage_taken":0.0},{"damage_healed":0.0,"max_hp_gain":0.0,"max_hp_loss":0.0,"gold_gain":0.0,"event_name":"Colosseum","player_choice":"Fought Nobs","floor":28.0,"gold_loss":0.0,"damage_taken":0.0},{"damage_healed":0.0,"max_hp_gain":0.0,"max_hp_loss":0.0,"gold_gain":0.0,"cards_transformed":["Defend_B"],"event_name":"Transmorgrifier","player_choice":"Transformed","floor":37.0,"gold_loss":0.0,"damage_taken":0.0,"cards_obtained":["FTL"]}],"is_beta":false,"boss_relics":[{"not_picked":["Eternal Feather","Cursed Key"],"picked":"Inserter"},{"not_picked":["Tiny House","Snecko Eye"],"picked":"Orrery"}],"items_purged_floors":[2,21,39],"is_endless":false,"potions_floor_spawned":[5,8,11,12,13,20,23,28,29,33,35,36,45],"ascension_level":16}