{"gold_per_floor":[112,62,62,74,93,93,123,123,147,178,51,51,67,93,105,230,242,271,301,329,352,378,390],"floor_reached":23,"playtime":3217,"items_purged":["Strike_B"],"score":344,"play_id":"6bcfc5f6-934d-4ae9-ab2a-961c139ff0e4","local_time":"20190302154750","is_ascension_mode":true,"campfire_choices":[{"data":"Zap","floor":6.0,"key":"SMITH"},{"data":"Buffer","floor":15.0,"key":"SMITH"}],"neow_cost":"NONE","seed_source_timestamp":0,"circlet_count":0,"master_deck":["Strike_B","Strike_B","Defend_B","Defend_B","Defend_B","Zap+1","Dualcast","Glacier","Chill","Streamline","Buffer+1","Go for the Eyes","Capacitor","Ball Lightning","Force Field","Sweeping Beam","Thunder Strike","Ball Lightning","Fusion","BootSequence+1","Genetic Algorithm"],"special_seed":0,"relics":["Cracked Core","PreservedInsect","Torii","Oddly Smooth Stone","Happy Flower","FaceOfCleric","MawBank","Inserter"],"potions_floor_usage":[18,21,23],"damage_taken":[{"damage":7.0,"enemies":"2 Louse","floor":1.0,"turns":3.0},{"damage":0.0,"enemies":"Small Slimes","floor":4.0,"turns":3.0},{"damage":0.0,"enemies":"Cultist","floor":5.0,"turns":4.0},{"damage":10.0,"enemies":"Gremlin Nob","floor":7.0,"turns":3.0},{"damage":0.0,"enemies":"Lagavulin","floor":10.0,"turns":5.0},{"damage":8.0,"enemies":"Blue Slaver","floor":13.0,"turns":3.0},{"damage":0.0,"enemies":"3 Sentries","floor":14.0,"turns":5.0},{"damage":0.0,"enemies":"Slime Boss","floor":16.0,"turns":10.0},{"damage":0,"enemies":"Spheric Guardian","floor":18,"turns":6},{"damage":9,"enemies":"3 Byrds","floor":19,"turns":6},{"damage":11,"enemies":"Cultist and Chosen","floor":20,"turns":7},{"damage":12,"enemies":"Sentry and Sphere","floor":21,"turns":6},{"damage":38,"enemies":"Snake Plant","floor":22,"turns":5},{"damage":18,"enemies":"Slavers","floor":23,"turns":2}],"seed_played":"-4735389728431929903","potions_obtained":[{"floor":1.0,"key":"SteroidPotion"},{"floor":4.0,"key":"SteroidPotion"},{"floor":7.0,"key":"AttackPotion"},{"floor":16,"key":"EssenceOfSteel"},{"floor":19,"key":"Poison Potion"},{"floor":20,"key":"Swift Potion"},{"floor":22,"key":"Energy Potion"}],"is_trial":false,"path_per_floor":["M","?","?","M","M","R","E","?","T","E","$","?","M","E","R","B",null,"M","M","M","M","M","E"],"character_chosen":"DEFECT","items_purchased":["Ball Lightning"],"campfire_rested":0,"item_purchase_floors":[11],"current_hp_per_floor":[68,68,68,68,68,68,58,58,58,58,58,58,51,52,52,53,78,79,71,61,50,13,0],"gold":390,"neow_bonus":"THREE_CARDS","is_prod":false,"is_daily":false,"chose_seed":false,"campfire_upgraded":2,"win_rate":0,"timestamp":1551538070,"path_taken":["M","?","?","?","M","R","E","?","T","E","$","?","M","E","R","BOSS","BOSS","M","M","M","M","?","E"],"build_version":"2019-02-06","purchased_purges":1,"victory":false,"max_hp_per_floor":[75,75,75,75,75,75,75,75,75,75,75,75,76,77,77,78,78,79,80,81,82,83,83],"card_choices":[{"not_picked":["Compile Driver","Leap"],"picked":"Glacier","floor":0.0},{"not_picked":["Melter","Cold Snap"],"picked":"Chill","floor":1.0},{"not_picked":["BootSequence","Conserve Battery","Compile Driver"],"picked":"SKIP","floor":4.0},{"not_picked":["Reprogram","Leap"],"picked":"Streamline","floor":5.0},{"not_picked":["Turbo","Genetic Algorithm"],"picked":"Buffer","floor":7.0},{"not_picked":["Recycle","Undo"],"picked":"Capacitor","floor":10.0},{"not_picked":["White Noise","Stack"],"picked":"Force Field","floor":13.0},{"not_picked":["Stack","Auto Shields"],"picked":"Sweeping Beam","floor":14.0},{"not_picked":["Seek","Hyperbeam"],"picked":"Thunder Strike","floor":16},{"not_picked":["Steam","Compile Driver"],"picked":"Ball Lightning","floor":18},{"not_picked":["Go for the Eyes","Gash+1"],"picked":"Fusion","floor":19},{"not_picked":["Rebound","Beam Cell","Steam+1"],"picked":"SKIP","floor":20},{"not_picked":["Core Surge","Stack"],"picked":"BootSequence+1","floor":21},{"not_picked":["Conserve Battery","Steam"],"picked":"Genetic Algorithm","floor":22}],"player_experience":187258,"relics_obtained":[{"floor":7.0,"key":"Torii"},{"floor":9.0,"key":"Oddly Smooth Stone"},{"floor":10.0,"key":"Happy Flower"},{"floor":14.0,"key":"MawBank"}],"event_choices":[{"cards_removed":["Defend_B"],"damage_healed":0.0,"max_hp_gain":0.0,"max_hp_loss":0.0,"gold_gain":0.0,"event_name":"The Cleric","player_choice":"Card Removal","floor":2.0,"gold_loss":50.0,"damage_taken":0.0},{"damage_healed":0.0,"max_hp_gain":0.0,"max_hp_loss":0.0,"gold_gain":0.0,"event_name":"WeMeetAgain","player_choice":"Gave Potion","floor":3.0,"gold_loss":0.0,"damage_taken":0.0,"relics_obtained":["PreservedInsect"]},{"damage_healed":0.0,"max_hp_gain":0.0,"max_hp_loss":0.0,"gold_gain":0.0,"cards_transformed":["Strike_B"],"event_name":"Living Wall","player_choice":"Change","floor":8.0,"gold_loss":0.0,"damage_taken":0.0,"cards_obtained":["Go for the Eyes"]},{"damage_healed":0.0,"max_hp_gain":0.0,"max_hp_loss":0.0,"gold_gain":0.0,"event_name":"FaceTrader","player_choice":"Trade","floor":12.0,"gold_loss":0.0,"damage_taken":0.0,"relics_obtained":["FaceOfCleric"]}],"is_beta":true,"boss_relics":[{"not_picked":["Philosopher\u0027s Stone","Coffee Dripper"],"picked":"Inserter"}],"items_purged_floors":[11],"is_endless":false,"potions_floor_spawned":[1,4,7,16,19,20,22],"killed_by":"Slavers","ascension_level":2}