{"gold_per_floor":[110,35,35,49,1,35,35,35,35,63,63,17,35,45,45,123,123,141,41,41,41,52,52,52],"floor_reached":24,"playtime":920,"items_purged":["Defend_B","Zap"],"score":354,"play_id":"8bbf1ff8-4b26-451a-96c4-9d53e66752ec","local_time":"20181225120611","is_ascension_mode":true,"campfire_choices":[{"floor":7.0,"key":"REST"},{"floor":11.0,"key":"REST"},{"floor":15.0,"key":"REST"},{"floor":23,"key":"REST"}],"neow_cost":"NONE","seed_source_timestamp":0,"circlet_count":0,"master_deck":["AscendersBane","Strike_B","Strike_B","Strike_B","Defend_B","Defend_B","Defend_B","Dualcast","Streamline","Gash","Streamline","Go for the Eyes","Sweeping Beam+1","Hologram","Rebound+1","Multi-Cast","Steam Power","Streamline+1","Reboot","Redo","Turbo","Gash+1","J.A.X.","Scrape+1"],"special_seed":0,"relics":["Sozu","Question Card","Symbiotic Virus","Molten Egg 2","Orrery"],"potions_floor_usage":[],"damage_taken":[{"damage":1.0,"enemies":"Cultist","floor":1.0,"turns":3.0},{"damage":11.0,"enemies":"Small Slimes","floor":4.0,"turns":3.0},{"damage":25.0,"enemies":"3 Sentries","floor":6.0,"turns":7.0},{"damage":6.0,"enemies":"Gremlin Nob","floor":10.0,"turns":3.0},{"damage":9.0,"enemies":"Jaw Worm","floor":13.0,"turns":2.0},{"damage":20.0,"enemies":"Red Slaver","floor":14.0,"turns":4.0},{"damage":24.0,"enemies":"The Guardian","floor":16.0,"turns":8.0},{"damage":0.0,"enemies":"Spheric Guardian","floor":18.0,"turns":2.0},{"damage":23,"enemies":"Colosseum Slavers","floor":21,"turns":2},{"damage":27,"enemies":"Shell Parasite","floor":22,"turns":3},{"damage":32,"enemies":"Snake Plant","floor":24,"turns":3}],"seed_played":"4723164914228954334","potions_obtained":[],"is_trial":false,"path_per_floor":["M","$","?","M","$","E","R","$","T","E","R","$","M","M","R","B",null,"M","$","?","?","M","R","M"],"character_chosen":"DEFECT","items_purchased":["Streamline","Hologram"],"campfire_rested":4,"item_purchase_floors":[5,12],"current_hp_per_floor":[63,63,56,45,45,20,41,41,41,35,56,56,47,27,48,24,59,59,59,59,36,9,30,0],"gold":52,"neow_bonus":"BOSS_RELIC","is_prod":false,"is_daily":false,"chose_seed":false,"campfire_upgraded":0,"win_rate":0,"timestamp":1545768371,"path_taken":["M","?","?","M","?","E","R","$","T","E","R","$","M","?","R","BOSS","M","$","?","?","M","R","M"],"build_version":"2018-12-20","purchased_purges":2,"victory":false,"max_hp_per_floor":[71,71,71,71,71,71,71,71,71,71,71,71,71,71,71,71,71,71,71,71,71,71,71,71],"card_choices":[{"not_picked":["Cold Snap","Redo"],"picked":"Streamline","floor":1.0},{"not_picked":["Steam","Hologram"],"picked":"Gash","floor":4.0},{"not_picked":["Conserve Battery","Fusion"],"picked":"Go for the Eyes","floor":6.0},{"not_picked":["Consume","Tempest","Creative AI"],"picked":"Sweeping Beam","floor":10.0},{"not_picked":["Conserve Battery","Leap","Cold Snap+1"],"picked":"Rebound+1","floor":13.0},{"not_picked":["Cold Snap+1","Barrage+1","Rebound+1","Conserve Battery"],"picked":"SKIP","floor":14.0},{"not_picked":["Machine Learning","Hyperbeam+1","Core Surge+1"],"picked":"Multi-Cast","floor":16.0},{"not_picked":["Ball Lightning+1","Compile Driver+1","Chaos"],"picked":"Steam Power","floor":17.0},{"not_picked":["Compile Driver+1","Heatsinks","Recycle"],"picked":"Streamline+1","floor":17.0},{"not_picked":["Turbo","Self Repair","Melter+1"],"picked":"Reboot","floor":17.0},{"not_picked":["Conserve Battery","Tempest","Streamline+1"],"picked":"Redo","floor":17.0},{"not_picked":["Compile Driver+1","Barrage+1","Leap"],"picked":"Turbo","floor":17.0},{"not_picked":["Redo","Stack","Cold Snap+1"],"picked":"Gash+1","floor":18.0},{"not_picked":["Gash+1","Blizzard+1","Conserve Battery"],"picked":"Scrape+1","floor":22}],"player_experience":1068325,"relics_obtained":[{"floor":6.0,"key":"Question Card"},{"floor":9.0,"key":"Symbiotic Virus"},{"floor":10.0,"key":"Molten Egg 2"}],"event_choices":[{"cards_removed":["Strike_B"],"damage_healed":0.0,"max_hp_gain":0.0,"max_hp_loss":0.0,"gold_gain":0.0,"event_name":"Golden Wing","player_choice":"Card Removal","floor":3.0,"gold_loss":0.0,"damage_taken":7.0},{"damage_healed":0,"gold_gain":0,"player_choice":"Obtain J.A.X.","damage_taken":0,"max_hp_gain":0,"max_hp_loss":0,"event_name":"Drug Dealer","floor":20,"gold_loss":0,"cards_obtained":["J.A.X."]},{"damage_healed":0,"gold_gain":0,"player_choice":"Fight","damage_taken":0,"max_hp_gain":0,"max_hp_loss":0,"event_name":"Colosseum","floor":21,"gold_loss":0},{"damage_healed":0,"gold_gain":0,"player_choice":"Fled From Nobs","damage_taken":0,"max_hp_gain":0,"max_hp_loss":0,"event_name":"Colosseum","floor":21,"gold_loss":0}],"is_beta":false,"boss_relics":[{"not_picked":["Snecko Eye","Coffee Dripper"],"picked":"Orrery"}],"items_purged_floors":[2,19],"is_endless":false,"potions_floor_spawned":[10,14],"killed_by":"Snake Plant","ascension_level":15}