{"gold_per_floor":[109,120,133,58,58,58,76,76,126,137,137,137,157,183,195,303,315,347,359,371,383],"floor_reached":21,"playtime":1037,"items_purged":["Strike_B"],"score":269,"play_id":"8bb93209-551a-45b2-a15a-7bbc6f387ed9","local_time":"20180911111309","is_ascension_mode":true,"campfire_choices":[{"data":"Barrage","floor":6.0,"key":"SMITH"},{"floor":11.0,"key":"REST"},{"floor":15.0,"key":"REST"}],"neow_cost":"NONE","seed_source_timestamp":0,"circlet_count":0,"master_deck":["Strike_B","Strike_B","Strike_B","Defend_B","Defend_B","Defend_B+1","Defend_B","Zap","Dualcast","AscendersBane","Multi-Cast","Turbo","Barrage+1","Capacitor+1","Lockon","Static Discharge","Seek","Sweeping Beam","Thunder Strike"],"special_seed":0,"relics":["Cracked Core","Bronze Scales","Strawberry","MawBank","Inserter","Nloth\u0027s Gift"],"potions_floor_usage":[20,20],"damage_taken":[{"damage":3.0,"enemies":"2 Louse","floor":1.0,"turns":4.0},{"damage":0.0,"enemies":"Small Slimes","floor":2.0,"turns":3.0},{"damage":2.0,"enemies":"Jaw Worm","floor":3.0,"turns":3.0},{"damage":13.0,"enemies":"Blue Slaver","floor":7.0,"turns":2.0},{"damage":4.0,"enemies":"Exordium Wildlife","floor":10.0,"turns":4.0},{"damage":11.0,"enemies":"Looter","floor":13.0,"turns":2.0},{"damage":32.0,"enemies":"3 Sentries","floor":14.0,"turns":5.0},{"damage":17.0,"enemies":"Hexaghost","floor":16.0,"turns":6.0},{"damage":37,"enemies":"Shell Parasite","floor":18,"turns":6},{"damage":31,"enemies":"Colosseum Slavers","floor":20,"turns":4},{"damage":4,"enemies":"Chosen","floor":21,"turns":1}],"seed_played":"6541590570233643023","potions_obtained":[{"floor":7.0,"key":"PowerPotion"},{"floor":10.0,"key":"FocusPotion"},{"floor":13.0,"key":"FearPotion"},{"floor":16.0,"key":"Swift Potion"},{"floor":18,"key":"Swift Potion"}],"is_trial":false,"path_per_floor":["M","M","M","$","?","R","M","?","T","M","R","?","M","E","R","B",null,"M","?","?"],"character_chosen":"DEFECT","items_purchased":[],"campfire_rested":2,"item_purchase_floors":[],"current_hp_per_floor":[65,65,63,63,48,48,35,35,42,38,62,55,46,16,40,25,68,33,33,2,0],"gold":383,"neow_bonus":"ONE_RANDOM_RARE_CARD","is_prod":false,"is_daily":false,"chose_seed":false,"campfire_upgraded":1,"win_rate":0,"timestamp":1536689589,"path_taken":["M","M","M","$","?","R","M","?","T","M","R","?","M","E","R","BOSS","M","?","?","M"],"build_version":"2018-09-06","purchased_purges":1,"victory":false,"max_hp_per_floor":[75,75,75,75,75,75,75,75,82,82,82,82,82,82,82,82,82,82,82,82,82],"card_choices":[{"not_picked":["Streamline","Go for the Eyes"],"picked":"Turbo","floor":1.0},{"not_picked":["Gash","Rebound"],"picked":"Barrage","floor":2.0},{"not_picked":["Hologram","Auto Shields"],"picked":"Capacitor","floor":3.0},{"not_picked":["Gash","Compile Driver"],"picked":"Lockon","floor":7.0},{"not_picked":["Skim","BootSequence"],"picked":"Static Discharge","floor":10.0},{"not_picked":["Leap","Turbo"],"picked":"Seek","floor":13.0},{"not_picked":["Cold Snap","Blizzard"],"picked":"Sweeping Beam","floor":14.0},{"not_picked":["Echo Form","Meteor Strike"],"picked":"Thunder Strike","floor":16.0},{"not_picked":["Redo","Scrape+1","Compile Driver"],"picked":"SKIP","floor":18}],"player_experience":778842,"relics_obtained":[{"floor":9.0,"key":"Strawberry"},{"floor":14.0,"key":"MawBank"}],"event_choices":[{"event_name":"Shining Light","player_choice":"Entered Light","floor":5.0,"damage_taken":0.0},{"event_name":"Dead Adventurer","player_choice":"Searched \u00271\u0027 times","floor":8.0,"damage_taken":0.0},{"event_name":"Scrap Ooze","player_choice":"success","floor":12.0,"damage_taken":7.0},{"event_name":"N\u0027loth","player_choice":"Traded a Blood Vial","floor":19,"damage_taken":0},{"event_name":"Colosseum","player_choice":"Fight","floor":20,"damage_taken":0},{"event_name":"Colosseum","player_choice":"Fled From Nobs","floor":20,"damage_taken":0}],"is_beta":false,"boss_relics":[{"not_picked":["Busted Crown","Tiny House"],"picked":"Inserter"}],"items_purged_floors":[4],"is_endless":false,"potions_floor_spawned":[7,10,13,16,18,20],"killed_by":"Chosen","ascension_level":10}