{"gold_per_floor":[112,130,130,140,158,158,186,186,186,186,186,186,209,234,234,364,364,380,371,41,65,89,89,113,156,206,62,80,80,150,168,168,168],"floor_reached":33,"playtime":2897,"items_purged":["Defend_R"],"score":389,"play_id":"9ee22f19-3b45-482c-9f40-8af822c2d33f","local_time":"20190605200737","is_ascension_mode":true,"campfire_choices":[{"data":"Perfected Strike","floor":6.0,"key":"SMITH"},{"data":"Perfected Strike","floor":8.0,"key":"SMITH"},{"data":"Perfected Strike","floor":12.0,"key":"SMITH"},{"data":"Impervious","floor":15.0,"key":"SMITH"},{"data":"Flex","floor":23.0,"key":"SMITH"},{"floor":29,"key":"REST"},{"floor":32,"key":"REST"}],"neow_cost":"NONE","seed_source_timestamp":941349225631886,"circlet_count":0,"master_deck":["Strike_R","Strike_R","Strike_R","Strike_R","Defend_R+1","Bash","Reckless Charge","Inflame","Perfected Strike+1","Perfected Strike+1","Flame Barrier","Perfected Strike+1","Impervious+1","Reaper","Seeing Red","Reaper","Shrug It Off+1","Twin Strike+1","Wild Strike","Seeing Red","Flex+1","Inflame+1","Flex+1","Thunderclap+1","Battle Trance","Warcry"],"special_seed":0,"relics":["Burning Blood","Question Card","Shuriken","Darkstone Periapt","Golden Idol","Empty Cage","Medical Kit","Pear","War Paint","Dream Catcher","Tiny Chest"],"potions_floor_usage":[25,30,31,33],"damage_taken":[{"damage":9.0,"enemies":"2 Louse","floor":1.0,"turns":2.0},{"damage":6.0,"enemies":"Cultist","floor":2.0,"turns":3.0},{"damage":12.0,"enemies":"Jaw Worm","floor":4.0,"turns":2.0},{"damage":0.0,"enemies":"2 Fungi Beasts","floor":5.0,"turns":2.0},{"damage":16.0,"enemies":"Gremlin Nob","floor":7.0,"turns":4.0},{"damage":0.0,"enemies":"Exordium Thugs","floor":13.0,"turns":3.0},{"damage":20.0,"enemies":"Gremlin Gang","floor":14.0,"turns":4.0},{"damage":41.0,"enemies":"The Guardian","floor":16.0,"turns":7.0},{"damage":0.0,"enemies":"Spheric Guardian","floor":18.0,"turns":3.0},{"damage":16.0,"enemies":"2 Thieves","floor":19.0,"turns":4.0},{"damage":15.0,"enemies":"Chosen and Byrds","floor":21.0,"turns":4.0},{"damage":14.0,"enemies":"Shelled Parasite and Fungi","floor":22.0,"turns":3.0},{"damage":24.0,"enemies":"Cultist and Chosen","floor":24.0,"turns":4.0},{"damage":47,"enemies":"Slavers","floor":25,"turns":5},{"damage":0,"enemies":"Sentry and Sphere","floor":28,"turns":3},{"damage":30,"enemies":"Gremlin Leader","floor":30,"turns":4},{"damage":12,"enemies":"Shelled Parasite and Fungi","floor":31,"turns":2},{"damage":89,"enemies":"Collector","floor":33,"turns":7}],"seed_played":"-8266569196146756441","potions_obtained":[{"floor":1.0,"key":"Weak Potion"},{"floor":7.0,"key":"FearPotion"},{"floor":21.0,"key":"Swift Potion"},{"floor":24.0,"key":"EssenceOfSteel"},{"floor":28,"key":"Energy Potion"},{"floor":30,"key":"SkillPotion"},{"floor":31,"key":"SkillPotion"}],"is_trial":false,"path_per_floor":["M","M","?","M","M","R","E","R","T","?","?","R","M","M","R","B",null,"M","M","$","M","M","R","M","E","T","$","M","R","E","M","R","B"],"character_chosen":"IRONCLAD","items_purchased":["Medical Kit","Wild Strike","Dream Catcher"],"campfire_rested":2,"item_purchase_floors":[20,20,27],"current_hp_per_floor":[77,77,77,71,77,77,67,67,67,73,73,73,79,75,75,40,75,81,76,76,67,59,59,41,35,35,35,41,69,51,45,73,0],"gold":168,"neow_bonus":"TRANSFORM_CARD","is_prod":false,"is_daily":false,"chose_seed":false,"campfire_upgraded":5,"win_rate":0,"timestamp":1559779657,"path_taken":["M","M","?","M","?","R","E","R","T","?","?","R","M","?","R","BOSS","M","M","$","?","M","R","M","E","T","$","M","R","E","M","R","BOSS"],"build_version":"2019-01-23","purchased_purges":1,"victory":false,"max_hp_per_floor":[80,80,80,80,80,80,80,80,80,86,86,86,86,86,86,86,86,86,86,86,86,86,86,86,96,96,96,96,96,96,96,96,96],"card_choices":[{"not_picked":["Second Wind","Havoc"],"picked":"Inflame","floor":1.0},{"not_picked":["Clothesline","Sword Boomerang"],"picked":"Perfected Strike","floor":2.0},{"not_picked":["Intimidate","Fire Breathing","Thunderclap"],"picked":"Perfected Strike","floor":4.0},{"not_picked":["Twin Strike","Entrench","Disarm"],"picked":"Flame Barrier","floor":5.0},{"not_picked":["Wild Strike","Rage","Evolve"],"picked":"Perfected Strike","floor":7.0},{"not_picked":["Sword Boomerang","Pummel","Intimidate"],"picked":"Reaper","floor":13.0},{"not_picked":["Blood for Blood","Body Slam","Sword Boomerang"],"picked":"Seeing Red","floor":14.0},{"not_picked":["Fiend Fire","Immolate","Juggernaut"],"picked":"Reaper","floor":16.0},{"not_picked":["Body Slam","Blood for Blood","Iron Wave"],"picked":"Shrug It Off","floor":18.0},{"not_picked":["Heavy Blade","Pommel Strike","Body Slam"],"picked":"Twin Strike+1","floor":19.0},{"not_picked":["Body Slam+1","Uppercut","Iron Wave"],"picked":"Seeing Red","floor":21.0},{"not_picked":["Dropkick","Havoc","Anger"],"picked":"Flex","floor":22.0},{"not_picked":["Warcry","Heavy Blade+1","Pummel+1"],"picked":"Inflame+1","floor":24.0},{"not_picked":["Burning Pact","Rage","Combust","Evolve"],"picked":"SKIP","floor":25},{"not_picked":["Berserk","Havoc+1","Warcry"],"picked":"Flex+1","floor":28},{"not_picked":["Hemokinesis+1","Intimidate","Inflame"],"picked":"Thunderclap+1","floor":29},{"not_picked":["Clash","Dark Embrace","Sentinel+1"],"picked":"Battle Trance","floor":30},{"not_picked":["Dual Wield+1","Burning Pact","Havoc","Headbutt"],"picked":"SKIP","floor":31},{"not_picked":["Anger","Sword Boomerang","Iron Wave"],"picked":"Warcry","floor":32}],"player_experience":100372,"relics_obtained":[{"floor":7.0,"key":"Shuriken"},{"floor":9.0,"key":"Darkstone Periapt"},{"floor":25,"key":"Pear"},{"floor":26,"key":"War Paint"},{"floor":30,"key":"Tiny Chest"}],"event_choices":[{"damage_healed":0.0,"max_hp_gain":0.0,"max_hp_loss":0.0,"gold_gain":0.0,"event_name":"WeMeetAgain","player_choice":"Gave Potion","floor":3.0,"gold_loss":0.0,"damage_taken":0.0,"relics_obtained":["Question Card"]},{"damage_healed":0.0,"max_hp_gain":0.0,"max_hp_loss":0.0,"gold_gain":0.0,"event_name":"Golden Idol","player_choice":"Take Wound","floor":10.0,"gold_loss":0.0,"damage_taken":0.0,"relics_obtained":["Golden Idol"],"cards_obtained":["Injury"]},{"damage_healed":0.0,"max_hp_gain":0.0,"max_hp_loss":0.0,"gold_gain":0.0,"cards_transformed":["Defend_R"],"event_name":"Transmorgrifier","player_choice":"Transformed","floor":11.0,"gold_loss":0.0,"damage_taken":0.0,"cards_obtained":["Impervious"]}],"is_beta":false,"boss_relics":[{"not_picked":["Cursed Key","Orrery"],"picked":"Empty Cage"}],"items_purged_floors":[20],"is_endless":false,"potions_floor_spawned":[1,7,21,24,28,30,31],"killed_by":"Collector","ascension_level":5}