{"gold_per_floor":[116,127,127,127,138,169,183,183,183,208,133,33,59,70,70,168,168,184,184,59,71,90,90,102,164,210,230,265,91,110,143,143,245,245,255,273,0,0,0,32,69,81,120,167,224,254,266,329,341,353,365,377,23,56,56],"floor_reached":56,"playtime":7518,"items_purged":["Defend_B","Strike_B","Defend_B","Strike_B"],"score":1362,"play_id":"6edf4f07-6637-4253-9822-1471e7af51a3","local_time":"20190227190758","is_ascension_mode":true,"campfire_choices":[{"data":"Zap","floor":8,"key":"SMITH"},{"floor":15,"key":"REST"},{"data":"Biased Cognition","floor":23,"key":"SMITH"},{"data":"Coolheaded","floor":32,"key":"SMITH"},{"data":"Blizzard","floor":42,"key":"SMITH"},{"data":"Capacitor","floor":47,"key":"SMITH"},{"floor":49,"key":"RECALL"},{"data":"Defragment","floor":52,"key":"SMITH"}],"neow_cost":"PERCENT_DAMAGE","seed_source_timestamp":192421795487766,"circlet_count":0,"master_deck":["Defend_B","Zap+1","Dualcast","Glacier","Defragment+1","Capacitor+1","Recycle","Blizzard+1","Glacier","Biased Cognition+1","Defragment+1","Rebound","Barrage+1","Coolheaded+1","Redo+1","Self Repair+1","Fission","Coolheaded+1","Redo+1","Parasite","Loop+1"],"relics":["Cracked Core","Singing Bowl","WingedGreaves","Happy Flower","Velvet Choker","Tiny Chest","Oddly Smooth Stone","Darkstone Periapt","Letter Opener","Black Star","Bronze Scales","MawBank","Gambling Chip","Turnip","Potion Belt","Smiling Mask","Cables","Juzu Bracelet","Anchor","Calipers","Mango","Blood Vial","Strawberry"],"potions_floor_usage":[5,6,7,13,16,16,24,28,31,33,33,48,55,55,55,55],"damage_taken":[{"damage":0,"enemies":"2 Louse","floor":1,"turns":3},{"damage":0,"enemies":"Cultist","floor":2,"turns":3},{"damage":0,"enemies":"Small Slimes","floor":5,"turns":4},{"damage":31,"enemies":"Gremlin Nob","floor":6,"turns":7},{"damage":0,"enemies":"Looter","floor":7,"turns":4},{"damage":2,"enemies":"Lagavulin","floor":10,"turns":8},{"damage":17,"enemies":"3 Sentries","floor":13,"turns":7},{"damage":9,"enemies":"Exordium Thugs","floor":14,"turns":5},{"damage":10,"enemies":"Slime Boss","floor":16,"turns":12},{"damage":1,"enemies":"Chosen","floor":18,"turns":7},{"damage":0,"enemies":"3 Byrds","floor":21,"turns":5},{"damage":0,"enemies":"Centurion and Healer","floor":22,"turns":5},{"damage":16,"enemies":"Shelled Parasite and Fungi","floor":24,"turns":5},{"damage":3,"enemies":"Book of Stabbing","floor":25,"turns":7},{"damage":0,"enemies":"Snecko","floor":27,"turns":4},{"damage":33,"enemies":"Slavers","floor":28,"turns":6},{"damage":1,"enemies":"Cultist and Chosen","floor":30,"turns":5},{"damage":13,"enemies":"Book of Stabbing","floor":31,"turns":6},{"damage":7,"enemies":"Automaton","floor":33,"turns":11},{"damage":7,"enemies":"Orb Walker","floor":35,"turns":5},{"damage":4,"enemies":"3 Darklings","floor":36,"turns":4},{"damage":27,"enemies":"Nemesis","floor":40,"turns":12},{"damage":40,"enemies":"Giant Head","floor":41,"turns":11},{"damage":4,"enemies":"Nemesis","floor":44,"turns":7},{"damage":0,"enemies":"Writhing Mass","floor":46,"turns":7},{"damage":34,"enemies":"2 Orb Walkers","floor":48,"turns":7},{"damage":1,"enemies":"Donu and Deca","floor":50,"turns":9},{"damage":23,"enemies":"Shield and Spear","floor":54,"turns":7},{"damage":1,"enemies":"The Heart","floor":55,"turns":12}],"seed_played":"8404602026637151788","potions_obtained":[{"floor":4,"key":"FairyPotion"},{"floor":4,"key":"SpeedPotion"},{"floor":4,"key":"Regen Potion"},{"floor":5,"key":"SneckoOil"},{"floor":7,"key":"FearPotion"},{"floor":10,"key":"LiquidBronze"},{"floor":13,"key":"Weak Potion"},{"floor":22,"key":"PowerPotion"},{"floor":24,"key":"Dexterity Potion"},{"floor":28,"key":"Fire Potion"},{"floor":30,"key":"AttackPotion"},{"floor":31,"key":"Dexterity Potion"},{"floor":35,"key":"Swift Potion"},{"floor":40,"key":"FocusPotion"},{"floor":54,"key":"Swift Potion"}],"is_trial":false,"path_per_floor":["M","M","?","?","M","E","M","R","T","E","$","$","E","M","R","B",null,"M","?","$","M","M","R","M","E","T","M","E","$","M","E","R","B",null,"M","M","$","?","?","E","E","R","T","E","T","M","R","?","R","B",null,"R","$","E","B",null],"character_chosen":"DEFECT","items_purchased":["Coolheaded","Bronze Scales","FocusPotion","Dexterity Potion","FocusPotion","Mango"],"campfire_rested":1,"item_purchase_floors":[29,37,37,37,53,53],"current_hp_per_floor":[54,54,59,59,71,40,40,40,40,38,38,38,21,14,38,28,82,83,83,83,85,87,87,73,70,70,70,37,37,36,23,23,16,90,90,92,92,87,87,70,42,42,42,50,50,68,68,46,46,55,101,101,115,109,120],"gold":56,"neow_bonus":"REMOVE_TWO","is_prod":false,"is_daily":false,"chose_seed":false,"campfire_upgraded":6,"win_rate":0,"timestamp":1551290878,"path_taken":["M","M","?","?","?","E","?","R","T","E","$","$","E","M","R","BOSS","M","?","$","?","M","R","M","E","T","M","E","$","?","E","R","BOSS","M","M","$","?","?","E","E","R","T","E","?","M","R","?","R","BOSS","R","$","E","BOSS"],"build_version":"2019-02-06","purchased_purges":4,"victory":true,"max_hp_per_floor":[75,75,80,80,80,80,80,80,80,80,80,80,80,82,82,82,82,84,84,84,86,88,88,90,90,90,90,90,90,90,90,90,90,90,90,92,92,87,87,87,89,89,89,91,91,99,99,101,101,101,101,101,115,122,122],"card_choices":[{"not_picked":["Compile Driver","Blizzard","Hello World"],"picked":"SKIP","floor":1},{"not_picked":["Compile Driver","Stack"],"picked":"Glacier","floor":2},{"not_picked":["Redo","Turbo"],"picked":"Defragment","floor":5},{"not_picked":["Darkness","Go for the Eyes"],"picked":"Capacitor","floor":6},{"not_picked":["Hologram","Cold Snap"],"picked":"Recycle","floor":7},{"not_picked":["Go for the Eyes","Capacitor"],"picked":"Blizzard","floor":10},{"not_picked":["Go for the Eyes","Multi-Cast"],"picked":"Glacier","floor":13},{"not_picked":["Loop","Genetic Algorithm","Stack"],"picked":"Singing Bowl","floor":14},{"not_picked":["All For One","Seek"],"picked":"Biased Cognition","floor":16},{"not_picked":["Steam","Turbo","Auto Shields"],"picked":"Singing Bowl","floor":18},{"not_picked":["Compile Driver+1","Gash","Blizzard"],"picked":"Singing Bowl","floor":21},{"not_picked":["Gash","Steam","Turbo"],"picked":"Singing Bowl","floor":22},{"not_picked":["Redo","Leap","Ball Lightning+1"],"picked":"Singing Bowl","floor":24},{"not_picked":["Chill","Go for the Eyes"],"picked":"Defragment+1","floor":25},{"not_picked":["Leap","Fusion"],"picked":"Rebound","floor":27},{"not_picked":["Consume","Gash"],"picked":"Barrage+1","floor":28},{"not_picked":["Steam Power","Loop"],"picked":"Redo+1","floor":30},{"not_picked":["Rainbow","Compile Driver"],"picked":"Self Repair+1","floor":31},{"not_picked":["Buffer","Meteor Strike"],"picked":"Fission","floor":33},{"not_picked":["Redo","Chaos"],"picked":"Coolheaded+1","floor":35},{"not_picked":["Static Discharge+1","Rebound+1","Leap"],"picked":"Singing Bowl","floor":36},{"not_picked":["Turbo+1","Storm+1"],"picked":"Redo+1","floor":40},{"not_picked":["Compile Driver+1","Ball Lightning","Sweeping Beam"],"picked":"Singing Bowl","floor":41},{"not_picked":["Steam","Sunder+1","Ball Lightning+1"],"picked":"Singing Bowl","floor":44},{"not_picked":["Loop+1","Turbo+1","Creative AI"],"picked":"Singing Bowl","floor":46},{"not_picked":["Conserve Battery+1","Barrage","Stack+1"],"picked":"Singing Bowl","floor":48},{"not_picked":["Compile Driver+1","Undo+1"],"picked":"Loop+1","floor":54}],"player_experience":172922,"relics_obtained":[{"floor":6,"key":"Singing Bowl"},{"floor":10,"key":"WingedGreaves"},{"floor":13,"key":"Happy Flower"},{"floor":25,"key":"Tiny Chest"},{"floor":26,"key":"Oddly Smooth Stone"},{"floor":28,"key":"Darkstone Periapt"},{"floor":31,"key":"Letter Opener"},{"floor":40,"key":"MawBank"},{"floor":40,"key":"Gambling Chip"},{"floor":41,"key":"Turnip"},{"floor":41,"key":"Potion Belt"},{"floor":43,"key":"Smiling Mask"},{"floor":44,"key":"Cables"},{"floor":44,"key":"Juzu Bracelet"},{"floor":45,"key":"Anchor"},{"floor":48,"key":"Calipers"},{"floor":54,"key":"Blood Vial"},{"floor":54,"key":"Strawberry"}],"event_choices":[{"damage_healed":0,"gold_gain":0,"player_choice":"Donut","damage_taken":0,"max_hp_gain":5,"max_hp_loss":0,"event_name":"Big Fish","floor":3,"gold_loss":0},{"damage_healed":0,"gold_gain":0,"player_choice":"Got Potions","damage_taken":0,"max_hp_gain":0,"max_hp_loss":0,"event_name":"Lab","floor":4,"gold_loss":0},{"damage_healed":0,"gold_gain":0,"cards_transformed":["Strike_B"],"player_choice":"Transformed","damage_taken":0,"max_hp_gain":0,"max_hp_loss":0,"event_name":"Transmorgrifier","floor":19,"gold_loss":0,"cards_obtained":["Blizzard"]},{"damage_healed":0,"gold_gain":0,"player_choice":"Max HP","damage_taken":0,"max_hp_gain":0,"max_hp_loss":5,"event_name":"Winding Halls","floor":38,"gold_loss":0},{"cards_removed":["Blizzard"],"damage_healed":0,"gold_gain":0,"player_choice":"Removed Attack","damage_taken":0,"max_hp_gain":0,"max_hp_loss":0,"event_name":"Falling","floor":39,"gold_loss":0},{"damage_healed":0,"gold_gain":0,"player_choice":"Fight","damage_taken":0,"max_hp_gain":0,"max_hp_loss":0,"event_name":"Mysterious Sphere","floor":48,"gold_loss":0}],"is_beta":true,"boss_relics":[{"not_picked":["Lizard Tail","FrozenCore"],"picked":"Velvet Choker"},{"not_picked":["Coffee Dripper","Tiny House"],"picked":"Black Star"}],"items_purged_floors":[11,12,20,29],"is_endless":false,"potions_floor_spawned":[5,7,10,13,22,24,28,30,31,35,40,54],"ascension_level":1}