{"gold_per_floor":[114,13,31,31,31,65,82,115,142,142,156,181,200,100,100,100],"floor_reached":16,"playtime":763,"items_purged":["Strike_B","Strike_B"],"score":189,"play_id":"c2502185-530b-49a5-9cc2-19ebaf9afe7c","local_time":"20190801121427","is_ascension_mode":true,"campfire_choices":[{"data":"Zap","floor":15,"key":"SMITH"}],"neow_cost":"NONE","seed_source_timestamp":220717361683417,"circlet_count":0,"master_deck":["Strike_B","Defend_B","Defend_B+1","Defend_B+1","Defend_B","Zap+1","Dualcast","Go for the Eyes","Gash","Leap","Ball Lightning"],"relics":["Cracked Core","NeowsBlessing","Blood Vial","Oddly Smooth Stone","Omamori","PreservedInsect"],"potions_floor_usage":[16,16],"damage_taken":[{"damage":0,"enemies":"Jaw Worm","floor":1,"turns":1},{"damage":0,"enemies":"2 Louse","floor":3,"turns":1},{"damage":0,"enemies":"Lagavulin","floor":6,"turns":1},{"damage":0,"enemies":"Small Slimes","floor":7,"turns":3},{"damage":60,"enemies":"3 Sentries","floor":8,"turns":11},{"damage":0,"enemies":"Looter","floor":11,"turns":4},{"damage":0,"enemies":"Exordium Wildlife","floor":13,"turns":3},{"damage":8,"enemies":"Slime Boss","floor":16,"turns":3}],"seed_played":"-5812516786885507866","potions_obtained":[{"floor":3,"key":"FearPotion"},{"floor":6,"key":"FocusPotion"},{"floor":8,"key":"Block Potion"},{"floor":13,"key":"Strength Potion"}],"is_trial":false,"path_per_floor":["M","$","M","?","?","E","M","E","T","?","M","T","M","$","R","B"],"character_chosen":"DEFECT","items_purchased":["Go for the Eyes"],"campfire_rested":0,"item_purchase_floors":[2],"current_hp_per_floor":[68,68,68,73,73,73,75,17,17,1,3,3,5,5,5,0],"gold":100,"neow_bonus":"THREE_ENEMY_KILL","is_prod":false,"is_daily":false,"chose_seed":false,"campfire_upgraded":1,"win_rate":0,"timestamp":1564676067,"path_taken":["M","$","M","?","?","E","M","E","T","?","M","?","M","$","R","BOSS"],"build_version":"2019-07-17","purchased_purges":2,"victory":false,"max_hp_per_floor":[75,75,75,80,80,80,80,80,80,80,80,80,80,80,80,80],"card_choices":[{"not_picked":["Coolheaded","Hologram","Lockon"],"picked":"SKIP","floor":1},{"not_picked":["Undo","Storm","Redo"],"picked":"SKIP","floor":3},{"not_picked":["Amplify","Static Discharge","Turbo"],"picked":"SKIP","floor":6},{"not_picked":["Hello World","Cold Snap"],"picked":"Gash","floor":7},{"not_picked":["Reinforced Body","Blizzard"],"picked":"Leap","floor":8},{"not_picked":["Darkness","Force Field","Undo"],"picked":"SKIP","floor":11},{"not_picked":["Sweeping Beam","Streamline"],"picked":"Ball Lightning","floor":13}],"player_experience":316262,"relics_obtained":[{"floor":6,"key":"Blood Vial"},{"floor":8,"key":"Oddly Smooth Stone"},{"floor":9,"key":"Omamori"},{"floor":12,"key":"PreservedInsect"}],"event_choices":[{"damage_healed":0,"gold_gain":0,"player_choice":"Donut","damage_taken":0,"max_hp_gain":5,"max_hp_loss":0,"event_name":"Big Fish","floor":4,"gold_loss":0},{"cards_removed":["Strike_B"],"damage_healed":0,"gold_gain":0,"player_choice":"Forget","damage_taken":0,"max_hp_gain":0,"max_hp_loss":0,"event_name":"Living Wall","floor":5,"gold_loss":0},{"damage_healed":0,"gold_gain":0,"player_choice":"Entered Light","damage_taken":16,"max_hp_gain":0,"max_hp_loss":0,"event_name":"Shining Light","floor":10,"gold_loss":0,"cards_upgraded":["Defend_B","Defend_B"]}],"is_beta":false,"boss_relics":[],"items_purged_floors":[2,14],"is_endless":false,"potions_floor_spawned":[3,6,8,13],"killed_by":"Slime Boss","ascension_level":8}