{"gold_per_floor":[110,60,60,34,49,49,49,49,49,64,82,101,101,114,114,244,244,259,135,156,56,236,236,249,280,280,280,315,315,351,372,372,493,493,517,517,32,50,74,74,95,95,122,141,141,16,32,32,32,32],"floor_reached":51,"playtime":3253,"items_purged":["Defend_R","Defend_R","Parasite"],"score":886,"play_id":"af146267-38e0-4d7b-8ef0-050cb20612d4","local_time":"20190605190547","is_ascension_mode":true,"campfire_choices":[{"data":"Perfected Strike","floor":6.0,"key":"SMITH"},{"data":"Whirlwind","floor":8.0,"key":"SMITH"},{"data":"Perfected Strike","floor":13.0,"key":"SMITH"},{"data":"Perfected Strike","floor":15.0,"key":"SMITH"},{"floor":23.0,"key":"REST"},{"floor":27.0,"key":"REST"},{"floor":29.0,"key":"REST"},{"floor":32.0,"key":"REST"},{"data":"Apotheosis","floor":40.0,"key":"SMITH"},{"floor":42.0,"key":"REST"},{"data":"Impervious","floor":49.0,"key":"SMITH"}],"neow_cost":"NONE","seed_source_timestamp":937683987188721,"circlet_count":0,"master_deck":["Strike_R","Strike_R","Strike_R","Strike_R","Strike_R","Bash+1","Perfected Strike+1","Wild Strike","Whirlwind+1","Shrug It Off","Perfected Strike+1","Thunderclap","Perfected Strike+1","Limit Break","Flex","Twin Strike","Pommel Strike","Twin Strike","Pommel Strike+1","Wild Strike","Wild Strike","Flex","Impervious+1","Apotheosis+1","Inflame","Pommel Strike","Spot Weakness+1","Twin Strike","Pommel Strike"],"special_seed":0,"relics":["Burning Blood","Golden Idol","Question Card","Philosopher\u0027s Stone","PreservedInsect","Mercury Hourglass","Dodecahedron","Shuriken","Cursed Key","Paper Frog","Omamori","WarpedTongs"],"potions_floor_usage":[50,50,50],"damage_taken":[{"damage":5.0,"enemies":"Small Slimes","floor":1.0,"turns":3.0},{"damage":2.0,"enemies":"2 Louse","floor":5.0,"turns":2.0},{"damage":0.0,"enemies":"Cultist","floor":10.0,"turns":2.0},{"damage":15.0,"enemies":"Gremlin Gang","floor":11.0,"turns":3.0},{"damage":5.0,"enemies":"Blue Slaver","floor":12.0,"turns":2.0},{"damage":8.0,"enemies":"Exordium Thugs","floor":14.0,"turns":2.0},{"damage":0.0,"enemies":"Slime Boss","floor":16.0,"turns":6.0},{"damage":0.0,"enemies":"Spheric Guardian","floor":18.0,"turns":1.0},{"damage":14.0,"enemies":"Chosen","floor":20.0,"turns":2.0},{"damage":19.0,"enemies":"Snake Plant","floor":24.0,"turns":2.0},{"damage":32.0,"enemies":"Book of Stabbing","floor":25.0,"turns":3.0},{"damage":33.0,"enemies":"Gremlin Leader","floor":28.0,"turns":3.0},{"damage":14.0,"enemies":"Slavers","floor":30.0,"turns":2.0},{"damage":14.0,"enemies":"Cultist and Chosen","floor":31.0,"turns":2.0},{"damage":26.0,"enemies":"Collector","floor":33.0,"turns":5.0},{"damage":0.0,"enemies":"Orb Walker","floor":35.0,"turns":1.0},{"damage":11.0,"enemies":"3 Darklings","floor":38.0,"turns":3.0},{"damage":19.0,"enemies":"Spire Growth","floor":39.0,"turns":2.0},{"damage":19.0,"enemies":"Maw","floor":41.0,"turns":4.0},{"damage":26.0,"enemies":"4 Shapes","floor":44.0,"turns":2.0},{"damage":4.0,"enemies":"Jaw Worm Horde","floor":47.0,"turns":2.0},{"damage":71,"enemies":"Donu and Deca","floor":50,"turns":6}],"seed_played":"-8384671964149401317","potions_obtained":[{"floor":5.0,"key":"SpeedPotion"},{"floor":11.0,"key":"PowerPotion"},{"floor":12.0,"key":"GamblersBrew"},{"floor":14.0,"key":"Fire Potion"},{"floor":18.0,"key":"GamblersBrew"},{"floor":28.0,"key":"LiquidBronze"},{"floor":30.0,"key":"Fruit Juice"},{"floor":33.0,"key":"Fire Potion"},{"floor":38.0,"key":"Block Potion"},{"floor":41.0,"key":"Strength Potion"},{"floor":47.0,"key":"EssenceOfSteel"}],"is_trial":false,"path_per_floor":["M","?","?","$","M","R","?","R","T","M","M","M","R","M","R","B",null,"M","$","M","$","?","R","M","E","T","R","E","R","E","M","R","B",null,"M","?","$","M","M","R","M","R","T","M","?","$","M","?","R","B",null],"character_chosen":"IRONCLAD","items_purchased":["Wild Strike","Twin Strike","Apotheosis","Paper Frog","Inflame"],"campfire_rested":5,"item_purchase_floors":[4,19,37,37,37],"current_hp_per_floor":[80,80,73,73,77,77,57,57,57,63,54,55,55,53,53,59,80,80,80,72,72,48,72,59,33,33,57,30,54,46,43,68,48,85,85,85,85,80,67,67,54,79,79,59,80,80,82,82,82,17],"gold":32,"neow_bonus":"UPGRADE_CARD","is_prod":false,"is_daily":false,"chose_seed":false,"campfire_upgraded":6,"win_rate":0,"timestamp":1559775947,"path_taken":["M","?","?","$","M","R","?","R","T","M","M","M","R","M","R","BOSS","M","$","M","$","?","R","?","E","T","R","E","R","E","?","R","BOSS","M","?","$","?","M","R","M","R","T","M","?","$","M","?","R","BOSS"],"build_version":"2019-01-23","purchased_purges":3,"victory":true,"max_hp_per_floor":[80,80,80,80,80,80,80,80,80,80,80,80,80,80,80,80,80,80,80,80,80,80,80,80,80,80,80,80,80,80,85,85,85,85,85,85,85,85,85,85,85,85,85,85,85,82,82,82,82,82],"card_choices":[{"not_picked":["Warcry","Havoc"],"picked":"Perfected Strike","floor":1.0},{"not_picked":["Hemokinesis","Rupture"],"picked":"Whirlwind","floor":5.0},{"not_picked":["Combust","Clothesline","True Grit"],"picked":"Shrug It Off","floor":10.0},{"not_picked":["Clothesline","Heavy Blade","Clash"],"picked":"Perfected Strike","floor":11.0},{"not_picked":["Carnage","Seeing Red","Uppercut"],"picked":"Thunderclap","floor":12.0},{"not_picked":["Cleave","Intimidate","Dark Embrace"],"picked":"Perfected Strike","floor":14.0},{"not_picked":["Barricade","Berserk","Demon Form"],"picked":"Limit Break","floor":16.0},{"not_picked":["Evolve","Clothesline","Anger"],"picked":"Flex","floor":18.0},{"not_picked":["Disarm","Fire Breathing","Sword Boomerang"],"picked":"Pommel Strike","floor":20.0},{"not_picked":["Headbutt","True Grit","Sword Boomerang"],"picked":"Twin Strike","floor":24.0},{"not_picked":["Armaments","Sentinel+1","Exhume"],"picked":"Pommel Strike+1","floor":25.0},{"not_picked":["Berserk","Anger","Ghostly Armor"],"picked":"Wild Strike","floor":28.0},{"not_picked":["Heavy Blade+1","Fire Breathing","Flex"],"picked":"Wild Strike","floor":30.0},{"not_picked":["Bludgeon","Sword Boomerang","Clothesline"],"picked":"Flex","floor":31.0},{"not_picked":["Brutality","Bludgeon","Feed"],"picked":"Impervious","floor":33.0},{"not_picked":["Sentinel","Iron Wave","Body Slam+1","Clothesline+1"],"picked":"SKIP","floor":35.0},{"not_picked":["Rupture","Intimidate","Wild Strike"],"picked":"Pommel Strike","floor":38.0},{"not_picked":["Wild Strike","Entrench","Sever Soul"],"picked":"Spot Weakness+1","floor":39.0},{"not_picked":["Clothesline","Searing Blow","Shockwave","Clash+1"],"picked":"SKIP","floor":41.0},{"not_picked":["Iron Wave+1","Bludgeon","Havoc"],"picked":"Twin Strike","floor":44.0},{"not_picked":["Ghostly Armor+1","Thunderclap+1","Pummel"],"picked":"Pommel Strike","floor":47.0}],"player_experience":97119,"relics_obtained":[{"floor":9.0,"key":"Question Card"},{"floor":25.0,"key":"PreservedInsect"},{"floor":26.0,"key":"Mercury Hourglass"},{"floor":28.0,"key":"Dodecahedron"},{"floor":30.0,"key":"Shuriken"},{"floor":43.0,"key":"Omamori"}],"event_choices":[{"cards_removed":["Defend_R"],"damage_healed":0.0,"max_hp_gain":0.0,"max_hp_loss":0.0,"gold_gain":0.0,"event_name":"The Cleric","player_choice":"Card Removal","floor":2.0,"gold_loss":50.0,"damage_taken":0.0},{"cards_removed":["Defend_R"],"damage_healed":0.0,"max_hp_gain":0.0,"max_hp_loss":0.0,"gold_gain":0.0,"event_name":"Golden Wing","player_choice":"Card Removal","floor":3.0,"gold_loss":0.0,"damage_taken":7.0},{"damage_healed":0.0,"max_hp_gain":0.0,"max_hp_loss":0.0,"gold_gain":0.0,"event_name":"Golden Idol","player_choice":"Take Damage","floor":7.0,"gold_loss":0.0,"damage_taken":20.0,"relics_obtained":["Golden Idol"]},{"damage_healed":0.0,"max_hp_gain":0.0,"max_hp_loss":0.0,"gold_gain":180.0,"event_name":"Knowing Skull","player_choice":"GOLD GOLD ","floor":22.0,"potions_obtained":[],"gold_loss":0.0,"damage_taken":24.0,"cards_obtained":[]},{"damage_healed":0.0,"max_hp_gain":0.0,"max_hp_loss":0.0,"gold_gain":0.0,"event_name":"Match and Keep!","player_choice":"0 cards matched","floor":36.0,"gold_loss":0.0,"damage_taken":0.0,"cards_obtained":[]},{"damage_healed":21.0,"max_hp_gain":0.0,"max_hp_loss":0.0,"gold_gain":0.0,"event_name":"Winding Halls","player_choice":"Writhe","floor":45.0,"gold_loss":0.0,"damage_taken":0.0,"cards_obtained":["Writhe"]},{"damage_healed":0.0,"max_hp_gain":0.0,"max_hp_loss":0.0,"gold_gain":0.0,"event_name":"Accursed Blacksmith","player_choice":"Rummage","floor":48.0,"gold_loss":0.0,"damage_taken":0.0,"relics_obtained":["WarpedTongs"],"cards_obtained":["Pain"]}],"is_beta":false,"boss_relics":[{"not_picked":["Calling Bell","Black Blood"],"picked":"Philosopher\u0027s Stone"},{"not_picked":["Runic Pyramid","Astrolabe"],"picked":"Cursed Key"}],"items_purged_floors":[19,21,46],"is_endless":false,"potions_floor_spawned":[5,11,12,14,18,28,30,33,38,41,47],"ascension_level":4}