{"gold_per_floor":[109,109,109,109,134,134,165,179,179,29,49,49,49,14,14,14],"floor_reached":16,"playtime":229,"items_purged":[],"score":123,"play_id":"8899a42b-67ce-49d2-becf-1ad4853a6a6e","local_time":"20190708221520","is_ascension_mode":false,"campfire_choices":[{"data":"Bash","floor":6,"key":"SMITH"},{"data":"Spot Weakness","floor":13,"key":"SMITH"},{"data":"Dual Wield","floor":15,"key":"SMITH"}],"neow_cost":"NONE","seed_source_timestamp":1143927486871127,"circlet_count":0,"master_deck":["Strike_R","Strike_R","Strike_R","Strike_R","Strike_R","Defend_R","Defend_R","Defend_R","Bash+1","Dropkick","Injury","Pummel","Spot Weakness+1","Inflame","Regret","Dual Wield+1"],"relics":["Burning Blood","NeowsBlessing","Sundial","Golden Idol","Ornamental Fan","Mercury Hourglass","Question Card"],"potions_floor_usage":[],"damage_taken":[{"damage":0,"enemies":"Cultist","floor":1,"turns":1},{"damage":0,"enemies":"Jaw Worm","floor":5,"turns":1},{"damage":0,"enemies":"Lagavulin","floor":7,"turns":1},{"damage":1,"enemies":"2 Louse","floor":8,"turns":2},{"damage":6,"enemies":"Exordium Wildlife","floor":11,"turns":3},{"damage":79,"enemies":"Hexaghost","floor":16,"turns":9}],"seed_played":"-7997118844875263628","potions_obtained":[{"floor":1,"key":"Fire Potion"}],"is_trial":false,"path_per_floor":["M","?","?","?","M","R","E","M","T","$","M","?","R","$","R","B"],"character_chosen":"IRONCLAD","items_purchased":["Spot Weakness","Inflame","Dual Wield"],"campfire_rested":0,"item_purchase_floors":[10,10,14],"current_hp_per_floor":[80,68,61,61,67,67,73,78,78,78,78,78,78,78,78,0],"gold":14,"neow_bonus":"THREE_ENEMY_KILL","is_prod":false,"is_daily":false,"chose_seed":false,"campfire_upgraded":3,"win_rate":0,"timestamp":1562649320,"path_taken":["M","?","?","?","M","R","E","M","T","$","?","?","R","$","R","BOSS"],"build_version":"2019-07-05","purchased_purges":0,"victory":false,"max_hp_per_floor":[80,80,80,80,80,80,80,80,80,80,80,80,80,80,80,80],"card_choices":[{"not_picked":["Intimidate","Anger"],"picked":"Dropkick","floor":1},{"not_picked":["True Grit","Shockwave","Clothesline"],"picked":"SKIP","floor":5},{"not_picked":["Hemokinesis","Perfected Strike"],"picked":"Pummel","floor":7},{"not_picked":["Uppercut","Searing Blow","Feel No Pain"],"picked":"SKIP","floor":8},{"not_picked":["Cleave","True Grit","Armaments"],"picked":"SKIP","floor":11}],"player_experience":1431188,"relics_obtained":[{"floor":7,"key":"Ornamental Fan"},{"floor":9,"key":"Mercury Hourglass"}],"event_choices":[{"damage_healed":0,"gold_gain":0,"player_choice":"Success","damage_taken":12,"relics_obtained":["Sundial"],"max_hp_gain":0,"max_hp_loss":0,"event_name":"Scrap Ooze","floor":2,"gold_loss":0},{"cards_removed":["Defend_R"],"damage_healed":0,"gold_gain":0,"player_choice":"Card Removal","damage_taken":7,"max_hp_gain":0,"max_hp_loss":0,"event_name":"Golden Wing","floor":3,"gold_loss":0},{"damage_healed":0,"gold_gain":0,"player_choice":"Take Wound","damage_taken":0,"relics_obtained":["Golden Idol"],"max_hp_gain":0,"max_hp_loss":0,"event_name":"Golden Idol","floor":4,"gold_loss":0,"cards_obtained":["Injury"]},{"damage_healed":0,"gold_gain":0,"player_choice":"Box","damage_taken":0,"relics_obtained":["Question Card"],"max_hp_gain":0,"max_hp_loss":0,"event_name":"Big Fish","floor":12,"gold_loss":0,"cards_obtained":["Regret"]}],"is_beta":false,"boss_relics":[],"items_purged_floors":[],"is_endless":false,"potions_floor_spawned":[1],"killed_by":"Hexaghost","ascension_level":0}