{"gold_per_floor":[111,111,126,139,152,152,177,252,252,252,278,278],"floor_reached":12,"playtime":699,"items_purged":[],"score":152,"play_id":"16c00273-dc27-42c1-b99d-3321b420dd28","local_time":"20190810012200","is_ascension_mode":true,"campfire_choices":[{"data":"Zap","floor":6.0,"key":"SMITH"},{"floor":10,"key":"REST"}],"neow_cost":"NONE","seed_source_timestamp":959332319387581,"circlet_count":0,"master_deck":["AscendersBane","Strike_B","Strike_B","Strike_B","Defend_B","Defend_B","Defend_B","Defend_B","Zap+1","Dualcast","Cold Snap","Genetic Algorithm","Self Repair","Sweeping Beam","Static Discharge","Leap"],"special_seed":0,"relics":["Cracked Core","Smiling Mask","Potion Belt","Odd Mushroom"],"potions_floor_usage":[7],"damage_taken":[{"damage":7.0,"enemies":"Small Slimes","floor":1.0,"turns":2.0},{"damage":0.0,"enemies":"Jaw Worm","floor":3.0,"turns":4.0},{"damage":1.0,"enemies":"2 Louse","floor":4.0,"turns":3.0},{"damage":21.0,"enemies":"Exordium Wildlife","floor":5.0,"turns":7.0},{"damage":29,"enemies":"Gremlin Nob","floor":7,"turns":4},{"damage":25,"enemies":"The Mushroom Lair","floor":11,"turns":4},{"damage":8,"enemies":"Large Slime","floor":12,"turns":5}],"seed_played":"-2877019104052279070","potions_obtained":[{"floor":1.0,"key":"PowerPotion"},{"floor":5.0,"key":"SpeedPotion"}],"is_trial":false,"path_per_floor":["M","?","M","M","M","R","E","?","T","R","?","M"],"character_chosen":"DEFECT","items_purchased":[],"campfire_rested":1,"item_purchase_floors":[],"current_hp_per_floor":[64,57,57,56,42,42,20,9,9,32,7,0],"gold":278,"neow_bonus":"TEN_PERCENT_HP_BONUS","is_prod":false,"is_daily":false,"chose_seed":false,"campfire_upgraded":1,"win_rate":0,"timestamp":1565414520,"path_taken":["M","?","M","M","M","R","E","?","T","R","?","M"],"build_version":"2019-07-17","purchased_purges":0,"victory":false,"max_hp_per_floor":[78,78,78,78,78,78,78,78,78,78,78,78],"card_choices":[{"not_picked":["Rebound","Sweeping Beam"],"picked":"Cold Snap","floor":1.0},{"not_picked":["Beam Cell","Chill"],"picked":"Genetic Algorithm","floor":3.0},{"not_picked":["Rebound","Stack"],"picked":"Self Repair","floor":4.0},{"not_picked":["Go for the Eyes","Barrage"],"picked":"Sweeping Beam","floor":5.0},{"not_picked":["Redo","Stack"],"picked":"Static Discharge","floor":7},{"not_picked":["Beam Cell","Fusion"],"picked":"Leap","floor":11}],"player_experience":441432,"relics_obtained":[{"floor":7,"key":"Smiling Mask"},{"floor":9,"key":"Potion Belt"},{"floor":11,"key":"Odd Mushroom"}],"event_choices":[{"cards_removed":["Strike_B"],"damage_healed":0.0,"max_hp_gain":0.0,"max_hp_loss":0.0,"gold_gain":0.0,"event_name":"Golden Wing","player_choice":"Card Removal","floor":2.0,"gold_loss":0.0,"damage_taken":7.0},{"damage_healed":0,"gold_gain":75,"player_choice":"Gather Gold","damage_taken":11,"max_hp_gain":0,"max_hp_loss":0,"event_name":"World of Goop","floor":8,"gold_loss":0},{"damage_healed":0,"gold_gain":0,"player_choice":"Fought Mushrooms","damage_taken":0,"max_hp_gain":0,"max_hp_loss":0,"event_name":"Mushrooms","floor":11,"gold_loss":0}],"is_beta":false,"boss_relics":[],"items_purged_floors":[],"is_endless":false,"potions_floor_spawned":[1,5],"killed_by":"Large Slime","ascension_level":19}