{"gold_per_floor":[117,117,117,117,134,169,169,169,193,209,222,236,236,311,311,407,407,420,420,147,47,65,65,84,84],"floor_reached":25,"playtime":1903,"items_purged":["Strike_G","Strike_G"],"score":237,"play_id":"e76d8656-0145-4d83-a7a9-9ae8ae8612e0","local_time":"20190603200340","is_ascension_mode":true,"campfire_choices":[{"data":"Backstab","floor":7.0,"key":"SMITH"},{"data":"Neutralize","floor":13.0,"key":"SMITH"},{"data":"Deadly Poison","floor":15.0,"key":"SMITH"},{"data":"Unload","floor":23.0,"key":"SMITH"}],"neow_cost":"NONE","seed_source_timestamp":769876784570205,"circlet_count":0,"master_deck":["Defend_G","Defend_G","Defend_G","Defend_G","Defend_G","Strike_G","Strike_G","Survivor","Neutralize+1","Backstab+1","Deadly Poison+1","Caltrops","Backflip","Adrenaline","Unload+1","PiercingWail+1","Die Die Die","Deadly Poison","Backstab+1","Underhanded Strike","Dagger Throw+1"],"special_seed":0,"relics":["Ring of the Snake","NeowsBlessing","Centennial Puzzle","Strawberry","Mercury Hourglass","Dream Catcher","Snecko Eye","DollysMirror"],"potions_floor_usage":[],"damage_taken":[{"damage":0.0,"enemies":"Small Slimes","floor":1.0,"turns":1.0},{"damage":0.0,"enemies":"2 Louse","floor":5.0,"turns":1.0},{"damage":0.0,"enemies":"Lagavulin","floor":6.0,"turns":1.0},{"damage":0.0,"enemies":"Cultist","floor":10.0,"turns":3.0},{"damage":5.0,"enemies":"Lots of Slimes","floor":11.0,"turns":2.0},{"damage":2.0,"enemies":"Looter","floor":12.0,"turns":2.0},{"damage":19.0,"enemies":"Slime Boss","floor":16.0,"turns":10.0},{"damage":11.0,"enemies":"Chosen","floor":18.0,"turns":5.0},{"damage":24.0,"enemies":"Spheric Guardian","floor":22.0,"turns":5.0},{"damage":18,"enemies":"Centurion and Healer","floor":24,"turns":3},{"damage":31,"enemies":"Cultist and Chosen","floor":25,"turns":5}],"seed_played":"7819442492140517339","potions_obtained":[{"floor":1.0,"key":"AttackPotion"},{"floor":10.0,"key":"SteroidPotion"},{"floor":12.0,"key":"Poison Potion"},{"floor":18.0,"key":"SpeedPotion"}],"is_trial":false,"path_per_floor":["M","?","?","?","M","E","R","T","T","M","M","M","R","?","R","B",null,"M","?","$","$","M","R","M","M"],"character_chosen":"THE_SILENT","items_purchased":["DollysMirror"],"campfire_rested":0,"item_purchase_floors":[20],"current_hp_per_floor":[70,63,63,38,38,45,45,45,45,45,40,38,38,27,27,8,77,66,66,66,66,42,42,24,0],"gold":84,"neow_bonus":"THREE_ENEMY_KILL","is_prod":false,"is_daily":false,"chose_seed":false,"campfire_upgraded":4,"win_rate":0,"timestamp":1559606620,"path_taken":["M","?","?","?","M","E","R","?","T","?","M","?","R","?","R","BOSS","M","?","?","$","M","R","?","M"],"build_version":"2019-01-23","purchased_purges":2,"victory":false,"max_hp_per_floor":[70,70,70,70,70,77,77,77,77,77,77,77,77,77,77,77,77,77,77,77,77,77,77,77,77],"card_choices":[{"not_picked":["Expertise","Dagger Spray"],"picked":"Backstab","floor":1.0},{"not_picked":["Expertise","Catalyst"],"picked":"Deadly Poison","floor":5.0},{"not_picked":["Dagger Spray","Deflect","Sucker Punch"],"picked":"SKIP","floor":6.0},{"not_picked":["Dagger Throw","Flying Knee"],"picked":"Caltrops","floor":10.0},{"not_picked":["Endless Agony","Escape Plan"],"picked":"Backflip","floor":11.0},{"not_picked":["Dagger Throw","Flying Knee"],"picked":"Adrenaline","floor":12.0},{"not_picked":["Doppelganger","Burst"],"picked":"Unload","floor":16.0},{"not_picked":["Calculated Gamble","Flying Knee"],"picked":"PiercingWail+1","floor":18.0},{"not_picked":["Flying Knee","Terror"],"picked":"Underhanded Strike","floor":22.0},{"not_picked":["Slice","Tools of the Trade"],"picked":"Dagger Throw+1","floor":24}],"player_experience":69947,"relics_obtained":[{"floor":6.0,"key":"Strawberry"},{"floor":8.0,"key":"Mercury Hourglass"},{"floor":9.0,"key":"Dream Catcher"}],"event_choices":[{"cards_removed":["Strike_G"],"damage_healed":0.0,"max_hp_gain":0.0,"max_hp_loss":0.0,"gold_gain":0.0,"event_name":"Golden Wing","player_choice":"Card Removal","floor":2.0,"gold_loss":0.0,"damage_taken":7.0},{"damage_healed":0.0,"max_hp_gain":0.0,"max_hp_loss":0.0,"gold_gain":0.0,"event_name":"Liars Game","player_choice":"Ignored","floor":3.0,"gold_loss":0.0,"damage_taken":0.0},{"damage_healed":0.0,"max_hp_gain":0.0,"max_hp_loss":0.0,"gold_gain":0.0,"event_name":"Scrap Ooze","player_choice":"Success","floor":4.0,"gold_loss":0.0,"damage_taken":25.0,"relics_obtained":["Centennial Puzzle"]},{"damage_healed":0.0,"max_hp_gain":0.0,"max_hp_loss":0.0,"gold_gain":75.0,"event_name":"World of Goop","player_choice":"Gather Gold","floor":14.0,"gold_loss":0.0,"damage_taken":11.0},{"damage_healed":0.0,"max_hp_gain":0.0,"max_hp_loss":0.0,"gold_gain":0.0,"event_name":"Match and Keep!","player_choice":"2 cards matched","floor":19.0,"gold_loss":0.0,"damage_taken":0.0,"cards_obtained":["Die Die Die","Deadly Poison"]}],"is_beta":false,"boss_relics":[{"not_picked":["Sozu","Ectoplasm"],"picked":"Snecko Eye"}],"items_purged_floors":[20,21],"is_endless":false,"potions_floor_spawned":[1,10,12,18],"killed_by":"Cultist and Chosen","ascension_level":1}