{"gold_per_floor":[111,127,147,26,44,75,75,105,132,147,46,46,63,98,98,202,202,217,46,56,72,87,87,106,106,132,142,142,89,89],"floor_reached":30,"playtime":2771,"items_purged":["Bash","Strike_R"],"score":254,"play_id":"7e9b1e4d-eb0b-4278-8d3f-b7c73fc7a426","local_time":"20190810140808","is_ascension_mode":false,"campfire_choices":[{"data":"Armaments","floor":7.0,"key":"SMITH"},{"floor":15.0,"key":"REST"},{"floor":23,"key":"REST"},{"data":"Barricade","floor":25,"key":"SMITH"}],"neow_cost":"NONE","seed_source_timestamp":103845834200,"circlet_count":0,"master_deck":["Strike_R","Strike_R","Strike_R","Defend_R","Defend_R","Defend_R","Defend_R","Anger","Body Slam","Body Slam","Armaments+1","Armaments","Rage","Entrench","Iron Wave","Thunderclap","Sever Soul","Flex","Barricade+1","Seeing Red","Flex+1","Armaments","Ghostly Armor","Combust","Ghostly Armor","Shrug It Off"],"special_seed":0,"relics":["Burning Blood","NeowsBlessing","Paper Frog","Lantern","Bronze Scales","Ancient Tea Set","Runic Cube","Anchor","Mango"],"potions_floor_usage":[24,30,30],"damage_taken":[{"damage":0.0,"enemies":"Cultist","floor":1.0,"turns":1.0},{"damage":0.0,"enemies":"Small Slimes","floor":2.0,"turns":1.0},{"damage":0.0,"enemies":"2 Louse","floor":3.0,"turns":1.0},{"damage":8.0,"enemies":"Exordium Wildlife","floor":5.0,"turns":6.0},{"damage":25.0,"enemies":"Lagavulin","floor":6.0,"turns":8.0},{"damage":18.0,"enemies":"3 Sentries","floor":8.0,"turns":9.0},{"damage":8.0,"enemies":"2 Fungi Beasts","floor":10.0,"turns":3.0},{"damage":0.0,"enemies":"Looter","floor":13.0,"turns":2.0},{"damage":20.0,"enemies":"Lagavulin","floor":14.0,"turns":8.0},{"damage":32.0,"enemies":"The Guardian","floor":16.0,"turns":11.0},{"damage":7.0,"enemies":"3 Byrds","floor":18.0,"turns":2.0},{"damage":0,"enemies":"Spheric Guardian","floor":20,"turns":5},{"damage":8,"enemies":"Snake Plant","floor":21,"turns":5},{"damage":28,"enemies":"Snecko","floor":22,"turns":9},{"damage":14,"enemies":"Centurion and Healer","floor":24,"turns":10},{"damage":15,"enemies":"Snake Plant","floor":27,"turns":6},{"damage":78,"enemies":"3 Cultists","floor":30,"turns":6}],"seed_played":"2314967293331432503","potions_obtained":[{"floor":2.0,"key":"Strength Potion"},{"floor":3.0,"key":"Regen Potion"},{"floor":8.0,"key":"SpeedPotion"},{"floor":14.0,"key":"Regen Potion"},{"floor":16.0,"key":"Dexterity Potion"},{"floor":18.0,"key":"EssenceOfSteel"},{"floor":20,"key":"EntropicBrew"},{"floor":24,"key":"Fire Potion"}],"is_trial":false,"path_per_floor":["M","M","M","$","M","E","R","E","T","M","$","?","M","E","R","B",null,"M","$","M","M","M","R","M","R","T","M","?","$","M"],"character_chosen":"IRONCLAD","items_purchased":["Armaments","Iron Wave","Thunderclap","Seeing Red","Shrug It Off"],"campfire_rested":2,"item_purchase_floors":[4,11,11,19,29],"current_hp_per_floor":[80,80,80,80,78,59,59,62,62,60,60,60,66,52,76,60,80,79,79,80,78,56,80,72,72,72,63,77,77,0],"gold":89,"neow_bonus":"THREE_ENEMY_KILL","is_prod":false,"is_daily":false,"chose_seed":false,"campfire_upgraded":2,"win_rate":0.0,"timestamp":1565417288,"path_taken":["M","M","M","$","M","E","R","E","T","M","$","?","M","E","R","BOSS","M","$","M","M","M","R","M","R","T","M","?","$","M"],"build_version":"2019-07-17","purchased_purges":2,"victory":false,"max_hp_per_floor":[80,80,80,80,80,80,80,80,80,80,80,80,80,80,80,80,80,80,80,80,80,80,80,80,80,80,80,94,94,94],"card_choices":[{"not_picked":["Power Through","Flame Barrier"],"picked":"Anger","floor":1.0},{"not_picked":["Entrench","Sword Boomerang"],"picked":"Body Slam","floor":2.0},{"not_picked":["Corruption","Headbutt"],"picked":"Body Slam","floor":3.0},{"not_picked":["Thunderclap","Corruption"],"picked":"Armaments","floor":5.0},{"not_picked":["Clothesline","Heavy Blade"],"picked":"Rage","floor":6.0},{"not_picked":["Whirlwind","Hemokinesis"],"picked":"Entrench","floor":8.0},{"not_picked":["Battle Trance","Heavy Blade","Perfected Strike"],"picked":"SKIP","floor":10.0},{"not_picked":["Intimidate","Shockwave"],"picked":"Flex","floor":13.0},{"not_picked":["Clothesline","Combust","Heavy Blade"],"picked":"SKIP","floor":14.0},{"not_picked":["Juggernaut","Double Tap"],"picked":"Barricade","floor":16.0},{"not_picked":["Pommel Strike","Searing Blow","Clash"],"picked":"SKIP","floor":18.0},{"not_picked":["Clothesline","Perfected Strike"],"picked":"Flex+1","floor":20},{"not_picked":["Battle Trance","Clash+1"],"picked":"Armaments","floor":21},{"not_picked":["Dual Wield","Headbutt"],"picked":"Ghostly Armor","floor":22},{"not_picked":["Thunderclap","Heavy Blade+1"],"picked":"Combust","floor":24},{"not_picked":["Sword Boomerang","Intimidate"],"picked":"Ghostly Armor","floor":27}],"player_experience":20601,"relics_obtained":[{"floor":6.0,"key":"Paper Frog"},{"floor":8.0,"key":"Lantern"},{"floor":9.0,"key":"Bronze Scales"},{"floor":14.0,"key":"Ancient Tea Set"},{"floor":26,"key":"Anchor"}],"event_choices":[{"damage_healed":0.0,"max_hp_gain":0.0,"max_hp_loss":0.0,"gold_gain":0.0,"cards_transformed":["Strike_R"],"event_name":"Transmorgrifier","player_choice":"Transformed","floor":12.0,"gold_loss":0.0,"damage_taken":0.0,"cards_obtained":["Sever Soul"]},{"damage_healed":0,"gold_gain":0,"player_choice":"Gave Potion","damage_taken":0,"relics_obtained":["Mango"],"max_hp_gain":0,"max_hp_loss":0,"event_name":"WeMeetAgain","floor":28,"gold_loss":0}],"is_beta":false,"boss_relics":[{"not_picked":["Ectoplasm","Snecko Eye"],"picked":"Runic Cube"}],"items_purged_floors":[4,19],"is_endless":false,"potions_floor_spawned":[2,3,8,14,16,18,20,24,27],"killed_by":"3 Cultists","ascension_level":0}