{"gold_per_floor":[112,112,37,37,49,49,69,69,69,85,96,112,130,140,140,140],"floor_reached":16,"playtime":639,"items_purged":["Defend_B"],"score":96,"play_id":"ad5b0676-d448-48f2-8705-5520fb417dfe","local_time":"20180818183052","is_ascension_mode":false,"campfire_choices":[{"data":"Streamline","floor":6,"key":"SMITH"},{"data":"Dualcast","floor":8,"key":"SMITH"},{"floor":15,"key":"REST"}],"neow_cost":"","seed_source_timestamp":162207771469583,"circlet_count":0,"master_deck":["Strike_B","Strike_B","Strike_B","Strike_B","Defend_B","Defend_B","Zap","Dualcast+1","Streamline+1","Beam Cell","Melter","Sunder"],"relics":["Cracked Core","Letter Opener"],"potions_floor_usage":[],"damage_taken":[{"damage":1,"enemies":"2 Louse","floor":1,"turns":2},{"damage":6,"enemies":"Jaw Worm","floor":5,"turns":2},{"damage":0,"enemies":"Cultist","floor":7,"turns":2},{"damage":5,"enemies":"Looter","floor":10,"turns":2},{"damage":16,"enemies":"Large Slime","floor":11,"turns":2},{"damage":15,"enemies":"Exordium Thugs","floor":12,"turns":3},{"damage":2,"enemies":"Blue Slaver","floor":13,"turns":2},{"damage":5,"enemies":"Looter","floor":14,"turns":2},{"damage":0,"enemies":"Slime Boss","floor":16,"turns":1}],"seed_played":"-733899632582175302","potions_obtained":[{"floor":1,"key":"LiquidBronze"},{"floor":13,"key":"Ancient Potion"},{"floor":14,"key":"Poison Potion"}],"is_trial":false,"path_per_floor":["M","?","$","?","M","R","M","R","T","M","M","M","M","M","R"],"character_chosen":"DEFECT","items_purchased":[],"campfire_rested":1,"item_purchase_floors":[],"current_hp_per_floor":[74,67,67,67,61,61,61,61,61,56,40,25,23,18,40,40],"gold":140,"neow_bonus":"","is_prod":false,"is_daily":false,"chose_seed":false,"campfire_upgraded":2,"win_rate":0,"timestamp":1534642252,"path_taken":["M","?","?","?","M","R","M","R","T","M","M","?","M","M","R","BOSS"],"build_version":"2018-08-16","purchased_purges":1,"victory":false,"max_hp_per_floor":[75,75,75,75,75,75,75,75,75,75,75,75,75,75,75,75],"card_choices":[{"not_picked":["Genetic Algorithm","Cold Snap"],"picked":"Streamline","floor":1},{"not_picked":["Stack","Steam","Glacier"],"picked":"SKIP","floor":5},{"not_picked":["Cold Snap","Rebound"],"picked":"Beam Cell","floor":7},{"not_picked":["Conserve Battery","Barrage","Recycle"],"picked":"SKIP","floor":10},{"not_picked":["Conserve Battery","Chill","Redo"],"picked":"SKIP","floor":11},{"not_picked":["Reprogram","Hello World"],"picked":"Melter","floor":12},{"not_picked":["Tempest","Gash","Force Field"],"picked":"SKIP","floor":13},{"not_picked":["Heatsinks","Conserve Battery"],"picked":"Sunder","floor":14}],"player_experience":670477,"relics_obtained":[{"floor":9,"key":"Letter Opener"}],"event_choices":[{"event_name":"Golden Wing","player_choice":"Card Removal","floor":2,"damage_taken":0},{"event_name":"Golden Idol","player_choice":"Ignored","floor":4,"damage_taken":0}],"is_beta":false,"boss_relics":[],"items_purged_floors":[3],"is_endless":false,"potions_floor_spawned":[1,13,14],"killed_by":"Slime Boss","ascension_level":0}