{"gold_per_floor":[216,228,240,19,30,55,55,69,95,106,132,97,112,112,112,212,212,232,106,106,117,117,117,149,248,248,248,248,278,191,209,209,209],"floor_reached":33,"playtime":3140,"items_purged":["Strike_R","Dropkick"],"score":384,"play_id":"697cf702-7cd2-473a-b052-8a6fb7d9bfb7","local_time":"20190418115539","is_ascension_mode":true,"campfire_choices":[{"data":"Double Tap","floor":7,"key":"SMITH"},{"data":"Armaments","floor":15,"key":"SMITH"},{"data":"True Grit","floor":23,"key":"SMITH"},{"data":"Immolate","floor":28,"key":"SMITH"},{"data":"Rampage","floor":32,"key":"SMITH"}],"neow_cost":"NONE","seed_source_timestamp":247258195272768,"circlet_count":0,"master_deck":["Strike_R+1","Strike_R+1","Strike_R+1","Strike_R+1","Defend_R+1","Defend_R+1","Defend_R+1","Defend_R+1","Bash","Iron Wave","True Grit+1","Double Tap+1","Cleave","Immolate+1","Armaments+1","Pummel","Regret","Dark Embrace","Fire Breathing+1","Corruption","Panacea","True Grit+1","Spot Weakness","Spot Weakness+1","Rampage+1","Pommel Strike+1"],"relics":["Burning Blood","Red Skull","Strawberry","Happy Flower","Bronze Scales","Mark of Pain","Enchiridion","Dodecahedron","Blood Vial","Meat on the Bone","Smiling Mask"],"potions_floor_usage":[11,11,16,24,24,29,31],"damage_taken":[{"damage":1,"enemies":"Cultist","floor":1,"turns":3},{"damage":5,"enemies":"Small Slimes","floor":2,"turns":3},{"damage":4,"enemies":"Jaw Worm","floor":3,"turns":4},{"damage":15,"enemies":"Exordium Wildlife","floor":5,"turns":5},{"damage":42,"enemies":"Lagavulin","floor":6,"turns":10},{"damage":0,"enemies":"2 Fungi Beasts","floor":8,"turns":2},{"damage":11,"enemies":"Looter","floor":10,"turns":3},{"damage":0,"enemies":"Gremlin Nob","floor":11,"turns":2},{"damage":1,"enemies":"Large Slime","floor":13,"turns":4},{"damage":34,"enemies":"Hexaghost","floor":16,"turns":6},{"damage":23,"enemies":"Shell Parasite","floor":18,"turns":5},{"damage":20,"enemies":"2 Thieves","floor":21,"turns":3},{"damage":10,"enemies":"Book of Stabbing","floor":24,"turns":4},{"damage":17,"enemies":"Slavers","floor":29,"turns":2},{"damage":14,"enemies":"Centurion and Healer","floor":31,"turns":3},{"damage":83,"enemies":"Automaton","floor":33,"turns":6}],"seed_played":"-9057773535182580503","potions_obtained":[{"floor":1,"key":"GamblersBrew"},{"floor":6,"key":"GamblersBrew"},{"floor":8,"key":"SpeedPotion"},{"floor":13,"key":"Explosive Potion"},{"floor":16,"key":"SteroidPotion"},{"floor":21,"key":"Weak Potion"},{"floor":29,"key":"SkillPotion"}],"is_trial":false,"path_per_floor":["M","M","M","$","M","E","R","M","T","M","E","?","M","?","R","B",null,"M","$","?","M","?","R","E","?","T","?","R","E","$","M","R","B"],"character_chosen":"IRONCLAD","items_purchased":["Double Tap","Corruption","Panacea","Rampage"],"campfire_rested":0,"item_purchase_floors":[4,19,19,30],"current_hp_per_floor":[80,80,80,80,71,35,35,41,48,43,49,70,75,75,75,47,87,70,70,54,40,40,40,36,36,36,36,36,39,39,45,45,0],"gold":209,"neow_bonus":"HUNDRED_GOLD","is_prod":false,"is_daily":false,"chose_seed":false,"campfire_upgraded":5,"win_rate":0,"timestamp":1555581339,"path_taken":["M","?","M","$","M","E","R","M","T","M","E","?","M","?","R","BOSS","M","$","?","M","?","R","E","?","T","?","R","E","?","M","R","BOSS"],"build_version":"2019-04-04","purchased_purges":2,"victory":false,"max_hp_per_floor":[80,80,80,80,80,80,80,80,87,87,87,87,87,87,87,87,87,87,87,87,87,87,87,87,87,87,87,87,87,87,87,87,87],"card_choices":[{"not_picked":["Sentinel","Anger"],"picked":"Iron Wave","floor":1},{"not_picked":["Sword Boomerang","Twin Strike"],"picked":"Dropkick","floor":2},{"not_picked":["Thunderclap","Hemokinesis"],"picked":"True Grit","floor":3},{"not_picked":["Burning Pact","Dual Wield"],"picked":"Cleave","floor":5},{"not_picked":["Flex","Perfected Strike"],"picked":"Immolate","floor":6},{"not_picked":["Anger","Twin Strike","Cleave"],"picked":"SKIP","floor":8},{"not_picked":["Flex","Wild Strike","Hemokinesis"],"picked":"SKIP","floor":10},{"not_picked":["Inflame","Warcry"],"picked":"Armaments","floor":11},{"not_picked":["Twin Strike","Infernal Blade"],"picked":"Pummel","floor":13},{"not_picked":["Brutality","Berserk"],"picked":"Dark Embrace","floor":16},{"not_picked":["Havoc","Blood for Blood"],"picked":"Fire Breathing+1","floor":18},{"not_picked":["Heavy Blade+1","Iron Wave"],"picked":"True Grit+1","floor":21},{"not_picked":["Blood for Blood","Wild Strike"],"picked":"Spot Weakness","floor":24},{"not_picked":["Battle Trance+1","Carnage+1"],"picked":"Spot Weakness+1","floor":29},{"not_picked":["Warcry","Cleave"],"picked":"Pommel Strike+1","floor":31}],"player_experience":316761,"relics_obtained":[{"floor":6,"key":"Red Skull"},{"floor":9,"key":"Strawberry"},{"floor":11,"key":"Happy Flower"},{"floor":20,"key":"Enchiridion"},{"floor":24,"key":"Blood Vial"},{"floor":26,"key":"Meat on the Bone"},{"floor":29,"key":"Smiling Mask"}],"event_choices":[{"damage_healed":21,"gold_gain":0,"player_choice":"Healed","damage_taken":0,"max_hp_gain":0,"max_hp_loss":0,"event_name":"The Cleric","floor":12,"gold_loss":35},{"damage_healed":0,"gold_gain":0,"player_choice":"Box","damage_taken":0,"relics_obtained":["Bronze Scales"],"max_hp_gain":0,"max_hp_loss":0,"event_name":"Big Fish","floor":14,"gold_loss":0,"cards_obtained":["Regret"]},{"damage_healed":0,"gold_gain":0,"player_choice":"Obtained Book","damage_taken":16,"max_hp_gain":0,"max_hp_loss":0,"event_name":"Cursed Tome","floor":20,"gold_loss":0},{"damage_healed":0,"gold_gain":0,"player_choice":"Opened","damage_taken":0,"relics_obtained":["Dodecahedron"],"max_hp_gain":0,"max_hp_loss":0,"event_name":"The Mausoleum","floor":22,"gold_loss":0},{"damage_healed":0,"gold_gain":99,"player_choice":"Stole From Cult","damage_taken":0,"max_hp_gain":0,"max_hp_loss":0,"event_name":"Nest","floor":25,"gold_loss":0},{"damage_healed":0,"gold_gain":0,"player_choice":"Simplicity","damage_taken":0,"max_hp_gain":0,"max_hp_loss":0,"event_name":"Back to Basics","floor":27,"gold_loss":0,"cards_upgraded":["Strike_R","Strike_R","Strike_R","Strike_R","Defend_R","Defend_R","Defend_R","Defend_R"]}],"is_beta":true,"boss_relics":[{"not_picked":["Pandora\u0027s Box","Empty Cage"],"picked":"Mark of Pain"}],"items_purged_floors":[4,30],"is_endless":false,"potions_floor_spawned":[1,6,8,13,16,21,29],"killed_by":"Automaton","ascension_level":4}