{"gold_per_floor":[113,132,6,6,20,52,227,227,227,74,74,84,84,99,99,195,195,211,211,180,199,199,199,51,51,51,51,61,73,73,89,89,186,186,203,214,214,43,60,86,86,86,86,86,114,114,114,114,114,114,114,114,0,27,27],"floor_reached":56,"playtime":4820,"items_purged":["Strike_R","Doubt","Defend_R"],"score":1333,"play_id":"c0e4ae86-02c5-44c3-8684-767ea2ca2967","local_time":"20181120003219","is_ascension_mode":false,"campfire_choices":[{"data":"Body Slam","floor":8,"key":"SMITH"},{"data":"Armaments","floor":11,"key":"SMITH"},{"floor":13,"key":"RECALL"},{"floor":15,"key":"REST"},{"data":"Barricade","floor":23,"key":"SMITH"},{"data":"Metallicize","floor":25,"key":"SMITH"},{"data":"Juggernaut","floor":32,"key":"SMITH"},{"data":"Offering","floor":41,"key":"SMITH"},{"data":"Entrench","floor":46,"key":"SMITH"},{"data":"True Grit","floor":49,"key":"SMITH"},{"data":"Blind","floor":52,"key":"SMITH"}],"neow_cost":"NONE","seed_source_timestamp":137500951552030,"circlet_count":0,"master_deck":["Strike_R","Strike_R","Strike_R","Defend_R","Defend_R","Defend_R","Bash","Blind+1","Body Slam+1","True Grit+1","Metallicize+1","Armaments+1","Shrug It Off","Barricade+1","Iron Wave+1","Body Slam+1","Juggernaut+1","Ghostly","Ghostly","Ghostly","Ghostly","Ghostly","Uppercut+1","Offering+1","Entrench+1","Finesse","Disarm","Metallicize","Sentinel+1"],"relics":["Burning Blood","Bag of Preparation","Molten Egg 2","Lizard Tail","Incense Burner","Ancient Tea Set","Busted Crown","WingedGreaves","Juzu Bracelet","Paper Frog","Centennial Puzzle"],"potions_floor_usage":[16,29,50,55],"damage_taken":[{"damage":5,"enemies":"Small Slimes","floor":1,"turns":6},{"damage":3,"enemies":"2 Louse","floor":2,"turns":3},{"damage":4,"enemies":"Jaw Worm","floor":5,"turns":4},{"damage":69,"enemies":"3 Sentries","floor":6,"turns":15},{"damage":0,"enemies":"Blue Slaver","floor":12,"turns":5},{"damage":5,"enemies":"2 Fungi Beasts","floor":14,"turns":4},{"damage":40,"enemies":"Slime Boss","floor":16,"turns":19},{"damage":31,"enemies":"3 Byrds","floor":18,"turns":13},{"damage":2,"enemies":"2 Thieves","floor":20,"turns":5},{"damage":16,"enemies":"Centurion and Healer","floor":21,"turns":13},{"damage":16,"enemies":"3 Cultists","floor":28,"turns":8},{"damage":13,"enemies":"Snecko","floor":29,"turns":7},{"damage":3,"enemies":"Snake Plant","floor":31,"turns":6},{"damage":0,"enemies":"Collector","floor":33,"turns":10},{"damage":1,"enemies":"Orb Walker","floor":35,"turns":4},{"damage":1,"enemies":"3 Darklings","floor":36,"turns":6},{"damage":1,"enemies":"4 Shapes","floor":39,"turns":6},{"damage":1,"enemies":"Nemesis","floor":40,"turns":5},{"damage":1,"enemies":"Reptomancer","floor":45,"turns":6},{"damage":10,"enemies":"Donu and Deca","floor":50,"turns":9},{"damage":1,"enemies":"Shield and Spear","floor":54,"turns":9},{"damage":12,"enemies":"The Heart","floor":55,"turns":11}],"seed_played":"-8074598720542120834","potions_obtained":[{"floor":1,"key":"Weak Potion"},{"floor":6,"key":"Strength Potion"},{"floor":20,"key":"Poison Potion"},{"floor":21,"key":"SpeedPotion"},{"floor":29,"key":"GamblersBrew"},{"floor":35,"key":"Dexterity Potion"},{"floor":39,"key":"FearPotion"}],"is_trial":false,"path_per_floor":["M","M","$","?","M","E","?","R","T","$","R","M","R","M","R","B",null,"M","?","M","M","?","R","$","R","T","T","M","M","?","M","R","B",null,"M","M","?","$","M","E","R","$","T","$","E","R","$","?","R","B",null,"R","$","E","B",null],"character_chosen":"IRONCLAD","items_purchased":["True Grit","Armaments","Body Slam+1","Entrench","Finesse","Disarm","Metallicize"],"campfire_rested":1,"item_purchase_floors":[3,10,24,38,38,53,53],"current_hp_per_floor":[80,80,80,80,80,17,17,17,17,17,17,23,23,24,48,14,80,55,40,44,34,34,34,34,34,34,34,24,17,17,20,20,26,42,42,42,42,42,42,42,42,42,42,42,42,42,42,42,42,38,42,42,42,42,36],"gold":27,"neow_bonus":"RANDOM_COLORLESS","is_prod":false,"is_daily":false,"chose_seed":false,"campfire_upgraded":9,"win_rate":0,"timestamp":1542702739,"path_taken":["M","M","$","?","M","E","?","R","T","$","R","M","R","M","R","BOSS","M","?","M","M","?","R","$","R","T","?","M","M","?","M","R","BOSS","M","M","?","$","M","E","R","?","T","$","E","R","?","?","R","BOSS","R","$","E","BOSS"],"build_version":"2018-11-15","purchased_purges":3,"victory":true,"max_hp_per_floor":[80,80,80,80,80,80,80,80,80,80,80,80,80,80,80,80,80,80,85,85,85,85,85,85,85,85,85,85,85,42,42,42,42,42,42,42,42,42,42,42,42,42,42,42,42,42,42,42,42,42,42,42,42,42,42],"card_choices":[{"not_picked":["Pummel","Whirlwind","Pommel Strike"],"picked":"SKIP","floor":1},{"not_picked":["Whirlwind","Cleave"],"picked":"Body Slam","floor":2},{"not_picked":["Spot Weakness","Warcry","Reckless Charge"],"picked":"SKIP","floor":5},{"not_picked":["Headbutt","Pommel Strike"],"picked":"Metallicize","floor":6},{"not_picked":["Thunderclap+1","Perfected Strike+1","Clothesline+1"],"picked":"SKIP","floor":12},{"not_picked":["Power Through","Clash+1"],"picked":"Shrug It Off","floor":14},{"not_picked":["Impervious","Immolate+1"],"picked":"Barricade","floor":16},{"not_picked":["Blood for Blood+1","Armaments","Shockwave"],"picked":"SKIP","floor":18},{"not_picked":["Anger+1","Headbutt+1","Corruption+1"],"picked":"SKIP","floor":20},{"not_picked":["Thunderclap+1","Flex"],"picked":"Iron Wave+1","floor":21},{"not_picked":["Clothesline+1","Heavy Blade+1","Infernal Blade"],"picked":"SKIP","floor":28},{"not_picked":["Havoc","Cleave+1"],"picked":"Juggernaut","floor":29},{"not_picked":["Armaments","Clothesline+1"],"picked":"Uppercut+1","floor":31},{"not_picked":["Reaper+1","Immolate+1"],"picked":"Offering","floor":33},{"not_picked":["Perfected Strike+1"],"picked":"SKIP","floor":35},{"not_picked":["Perfected Strike+1"],"picked":"SKIP","floor":36},{"not_picked":["Burning Pact+1"],"picked":"SKIP","floor":39},{"not_picked":["Armaments+1"],"picked":"SKIP","floor":40},{"not_picked":["Brutality"],"picked":"SKIP","floor":45},{"not_picked":[],"picked":"Sentinel+1","floor":54}],"player_experience":1006029,"relics_obtained":[{"floor":6,"key":"Bag of Preparation"},{"floor":9,"key":"Molten Egg 2"},{"floor":26,"key":"Incense Burner"},{"floor":27,"key":"Ancient Tea Set"},{"floor":40,"key":"Juzu Bracelet"},{"floor":45,"key":"Paper Frog"},{"floor":54,"key":"Centennial Puzzle"}],"event_choices":[{"damage_healed":0,"gold_gain":0,"player_choice":"Leave","damage_taken":0,"max_hp_gain":0,"max_hp_loss":0,"event_name":"The Cleric","floor":4,"gold_loss":0},{"damage_healed":0,"gold_gain":175,"player_choice":"AGREE","damage_taken":0,"max_hp_gain":0,"max_hp_loss":0,"event_name":"Liars Game","floor":7,"gold_loss":0,"cards_obtained":["Doubt"]},{"damage_healed":0,"gold_gain":0,"player_choice":"Shed Blood","damage_taken":20,"max_hp_gain":5,"max_hp_loss":0,"event_name":"Forgotten Altar","floor":19,"gold_loss":0},{"cards_removed":["Strike_R"],"damage_healed":0,"gold_gain":0,"player_choice":"Elegance","damage_taken":0,"max_hp_gain":0,"max_hp_loss":0,"event_name":"Back to Basics","floor":22,"gold_loss":0},{"damage_healed":0,"gold_gain":0,"player_choice":"Became a Ghost","damage_taken":0,"max_hp_gain":0,"max_hp_loss":43,"event_name":"Ghosts","floor":30,"gold_loss":0,"cards_obtained":["Ghostly","Ghostly","Ghostly","Ghostly","Ghostly"]},{"damage_healed":0,"gold_gain":0,"player_choice":"Gave Potion","damage_taken":0,"relics_obtained":["WingedGreaves"],"max_hp_gain":0,"max_hp_loss":0,"event_name":"WeMeetAgain","floor":37,"gold_loss":0},{"damage_healed":0,"gold_gain":0,"player_choice":"Ignored","damage_taken":0,"max_hp_gain":0,"max_hp_loss":0,"event_name":"Tomb of Lord Red Mask","floor":48,"gold_loss":0}],"is_beta":false,"boss_relics":[{"not_picked":["White Beast Statue","Runic Pyramid"],"picked":"Lizard Tail"},{"not_picked":["Eternal Feather","Coffee Dripper"],"picked":"Busted Crown"}],"items_purged_floors":[3,10,24],"is_endless":false,"potions_floor_spawned":[1,6,20,21,29,35,36,39],"ascension_level":0}