{"gold_per_floor":[117,42,62,76,96,111,129,129,129,129,79,254,271,291,291,291],"floor_reached":16,"playtime":318,"items_purged":["Defend_R"],"score":96,"play_id":"c11a05ee-e91d-46e0-8e65-75110af7d4c1","local_time":"20190712200147","is_ascension_mode":false,"campfire_choices":[{"data":"Flex","floor":8,"key":"SMITH"},{"data":"Heavy Blade","floor":15,"key":"SMITH"}],"neow_cost":"NONE","seed_source_timestamp":1277058454279542,"circlet_count":0,"master_deck":["Strike_R","Strike_R","Strike_R","Defend_R","Defend_R","Defend_R","Bash","Flex+1","Heavy Blade","Blood for Blood","Dropkick","Whirlwind","Heavy Blade+1"],"relics":["Burning Blood","Omamori","Letter Opener"],"potions_floor_usage":[16,16],"damage_taken":[{"damage":0,"enemies":"Small Slimes","floor":1,"turns":3},{"damage":6,"enemies":"2 Louse","floor":3,"turns":2},{"damage":10,"enemies":"Jaw Worm","floor":4,"turns":4},{"damage":24,"enemies":"Blue Slaver","floor":5,"turns":4},{"damage":10,"enemies":"Exordium Thugs","floor":6,"turns":4},{"damage":10,"enemies":"3 Louse","floor":7,"turns":4},{"damage":12,"enemies":"Exordium Wildlife","floor":13,"turns":3},{"damage":0,"enemies":"Lots of Slimes","floor":14,"turns":1},{"damage":43,"enemies":"Slime Boss","floor":16,"turns":6}],"seed_played":"8600614325692446183","potions_obtained":[{"floor":3,"key":"Strength Potion"},{"floor":4,"key":"GamblersBrew"},{"floor":6,"key":"Block Potion"},{"floor":13,"key":"PowerPotion"}],"is_trial":false,"path_per_floor":["M","$","M","M","M","M","M","R","T","?","?","?","M","M","R","B"],"character_chosen":"IRONCLAD","items_purchased":[],"campfire_rested":0,"item_purchase_floors":[],"current_hp_per_floor":[80,80,80,76,58,54,50,50,50,43,43,43,37,43,43,0],"gold":291,"neow_bonus":"RANDOM_COMMON_RELIC","is_prod":false,"is_daily":false,"chose_seed":false,"campfire_upgraded":2,"win_rate":0,"timestamp":1562986907,"path_taken":["M","$","M","M","M","M","M","R","T","?","?","?","?","M","R","BOSS"],"build_version":"2019-07-05","purchased_purges":1,"victory":false,"max_hp_per_floor":[80,80,80,80,80,80,80,80,80,80,80,80,80,80,80,80],"card_choices":[{"not_picked":["Wild Strike","Twin Strike"],"picked":"Flex","floor":1},{"not_picked":["Intimidate","Burning Pact","Pommel Strike"],"picked":"SKIP","floor":3},{"not_picked":["Iron Wave","Rage"],"picked":"Heavy Blade","floor":4},{"not_picked":["Dual Wield","Dropkick"],"picked":"Blood for Blood","floor":5},{"not_picked":["True Grit","Flame Barrier"],"picked":"Dropkick","floor":6},{"not_picked":["True Grit","Clash"],"picked":"Whirlwind","floor":7},{"not_picked":["Headbutt","True Grit"],"picked":"Heavy Blade","floor":13},{"not_picked":["Warcry","True Grit","Pommel Strike"],"picked":"SKIP","floor":14}],"player_experience":1439785,"relics_obtained":[{"floor":9,"key":"Letter Opener"}],"event_choices":[{"cards_removed":["Strike_R"],"damage_healed":0,"gold_gain":0,"player_choice":"Card Removal","damage_taken":7,"max_hp_gain":0,"max_hp_loss":0,"event_name":"Golden Wing","floor":10,"gold_loss":0},{"cards_removed":["Strike_R"],"damage_healed":0,"gold_gain":0,"player_choice":"Card Removal","damage_taken":0,"max_hp_gain":0,"max_hp_loss":0,"event_name":"The Cleric","floor":11,"gold_loss":50},{"damage_healed":0,"gold_gain":175,"player_choice":"AGREE","damage_taken":0,"max_hp_gain":0,"max_hp_loss":0,"event_name":"Liars Game","floor":12,"gold_loss":0,"cards_obtained":["Doubt"]}],"is_beta":false,"boss_relics":[],"items_purged_floors":[2],"is_endless":false,"potions_floor_spawned":[3,4,6,13],"killed_by":"Slime Boss","ascension_level":0}