{"gold_per_floor":[113,113,38,51,51,86,86,103,103,123,123,156,156,173,173,277,277,291,291,191,191,206,206,236,236,289,289,300,335,335,335,335,432,432,444,457,457,457,457,457,489,140,140,166,183,183,197,208,208,208],"floor_reached":51,"playtime":3418,"items_purged":["Strike_R","Defend_R","Bash"],"score":1216,"play_id":"c8bf372f-c039-478d-b9a3-9bc52ebcac8e","local_time":"20190608223244","is_ascension_mode":true,"campfire_choices":[{"data":"Searing Blow","floor":7.0,"key":"SMITH"},{"data":"Searing Blow+1","floor":11.0,"key":"SMITH"},{"data":"Searing Blow+2","floor":15.0,"key":"SMITH"},{"data":"Searing Blow+3","floor":23.0,"key":"SMITH"},{"data":"Searing Blow+4","floor":25.0,"key":"SMITH"},{"data":"Searing Blow+5","floor":30.0,"key":"SMITH"},{"data":"Searing Blow+7","floor":32.0,"key":"SMITH"},{"data":"Searing Blow+8","floor":40.0,"key":"SMITH"},{"data":"Searing Blow+9","floor":46,"key":"SMITH"},{"data":"Searing Blow+10","floor":49,"key":"SMITH"}],"neow_cost":"TEN_PERCENT_HP_LOSS","seed_source_timestamp":32293014580363,"circlet_count":0,"master_deck":["True Grit","Armaments+1","Searing Blow+11","Headbutt+1","Pommel Strike","Flame Barrier","Headbutt+1","Double Tap","Seeing Red+1","Ghostly Armor+1","Blood for Blood+1","Flame Barrier","Headbutt","Necronomicurse","Metallicize+1","Offering","Flex","Reaper","Flex+1","Madness","Madness","Whirlwind","Thunderclap"],"special_seed":0,"relics":["Burning Blood","Ornamental Fan","Centennial Puzzle","Juzu Bracelet","Astrolabe","Necronomicon","Thread and Needle","Whetstone","Boot","Philosopher\u0027s Stone","Strawberry","Anchor","Pen Nib","Unceasing Top","Incense Burner"],"potions_floor_usage":[41,44,50,50],"damage_taken":[{"damage":6.0,"enemies":"Cultist","floor":1.0,"turns":3.0},{"damage":4.0,"enemies":"2 Louse","floor":4.0,"turns":3.0},{"damage":62.0,"enemies":"Gremlin Nob","floor":6.0,"turns":6.0},{"damage":7.0,"enemies":"Small Slimes","floor":8.0,"turns":3.0},{"damage":13.0,"enemies":"Exordium Thugs","floor":10.0,"turns":4.0},{"damage":0.0,"enemies":"Lagavulin","floor":12.0,"turns":5.0},{"damage":0.0,"enemies":"Looter","floor":14.0,"turns":3.0},{"damage":24.0,"enemies":"The Guardian","floor":16.0,"turns":11.0},{"damage":0.0,"enemies":"3 Byrds","floor":18.0,"turns":1.0},{"damage":5.0,"enemies":"Chosen","floor":22.0,"turns":2.0},{"damage":5.0,"enemies":"Gremlin Leader","floor":24.0,"turns":4.0},{"damage":6.0,"enemies":"Centurion and Healer","floor":28.0,"turns":2.0},{"damage":6.0,"enemies":"Book of Stabbing","floor":29.0,"turns":2.0},{"damage":0.0,"enemies":"Automaton","floor":33.0,"turns":2.0},{"damage":14.0,"enemies":"3 Darklings","floor":35.0,"turns":2.0},{"damage":6.0,"enemies":"3 Shapes","floor":36.0,"turns":2.0},{"damage":31,"enemies":"Nemesis","floor":41,"turns":3},{"damage":6,"enemies":"Giant Head","floor":44,"turns":3},{"damage":0,"enemies":"Jaw Worm Horde","floor":45,"turns":1},{"damage":6,"enemies":"Transient","floor":47,"turns":5},{"damage":6,"enemies":"3 Darklings","floor":48,"turns":2},{"damage":42,"enemies":"Time Eater","floor":50,"turns":8}],"seed_played":"98594418985963493","potions_obtained":[{"floor":4.0,"key":"EntropicBrew"},{"floor":10.0,"key":"EssenceOfSteel"},{"floor":14.0,"key":"Explosive Potion"},{"floor":16.0,"key":"Block Potion"},{"floor":24.0,"key":"EssenceOfSteel"},{"floor":29.0,"key":"Regen Potion"},{"floor":41,"key":"FearPotion"},{"floor":47,"key":"FearPotion"}],"is_trial":false,"path_per_floor":["M","?","$","M","?","E","R","M","T","M","R","E","?","M","R","B",null,"M","?","$","?","M","R","E","R","T","?","M","E","R","?","R","B",null,"M","M","?","?","T","R","E","$","T","E","M","R","M","M","R","B",null],"character_chosen":"IRONCLAD","items_purchased":["Whirlwind","Pen Nib"],"campfire_rested":0,"item_purchase_floors":[42,42],"current_hp_per_floor":[72,77,77,77,77,21,21,20,20,13,13,19,19,25,25,7,60,66,66,66,50,51,51,52,52,52,77,77,77,77,77,77,77,77,69,69,59,59,66,66,46,46,46,58,64,64,76,76,76,40],"gold":208,"neow_bonus":"REMOVE_TWO","is_prod":false,"is_daily":false,"chose_seed":false,"campfire_upgraded":10,"win_rate":0,"timestamp":1560047564,"path_taken":["M","?","$","M","?","E","R","M","T","M","R","E","?","M","R","BOSS","M","?","$","?","M","R","E","R","T","?","M","E","R","?","R","BOSS","M","M","?","?","?","R","E","$","T","E","M","R","M","M","R","BOSS"],"build_version":"2019-01-23","purchased_purges":3,"victory":true,"max_hp_per_floor":[72,77,77,77,77,77,77,77,77,77,77,77,77,77,77,77,77,77,77,77,77,77,77,77,77,77,77,77,77,77,77,77,77,77,77,77,77,77,84,84,84,84,84,84,84,84,84,84,84,84],"card_choices":[{"not_picked":["Warcry","Body Slam"],"picked":"True Grit","floor":1.0},{"not_picked":["Perfected Strike","Shrug It Off"],"picked":"Armaments","floor":4.0},{"not_picked":["Cleave","Sever Soul"],"picked":"Searing Blow","floor":6.0},{"not_picked":["Shrug It Off","Sentinel"],"picked":"Headbutt","floor":8.0},{"not_picked":["Blood for Blood","Headbutt"],"picked":"Pommel Strike","floor":10.0},{"not_picked":["Spot Weakness","Sentinel"],"picked":"Flame Barrier","floor":12.0},{"not_picked":["Exhume","Warcry"],"picked":"Headbutt","floor":14.0},{"not_picked":["Exhume","Reaper"],"picked":"Double Tap","floor":16.0},{"not_picked":["Heavy Blade+1","Power Through","Disarm"],"picked":"SKIP","floor":18.0},{"not_picked":["Sword Boomerang","Clothesline"],"picked":"Metallicize+1","floor":22.0},{"not_picked":["Body Slam","Flex"],"picked":"Offering","floor":24.0},{"not_picked":["Wild Strike","Rupture+1"],"picked":"Flex","floor":28.0},{"not_picked":["Intimidate","Hemokinesis","Combust"],"picked":"SKIP","floor":29.0},{"not_picked":["Berserk","Juggernaut"],"picked":"Reaper","floor":33.0},{"not_picked":["Cleave","Body Slam"],"picked":"Flex+1","floor":35.0},{"not_picked":["Second Wind","Carnage+1","Havoc+1"],"picked":"SKIP","floor":36.0},{"not_picked":["Sever Soul","Dark Embrace","Uppercut+1"],"picked":"SKIP","floor":41},{"not_picked":["Perfected Strike+1","Clash+1","Clothesline"],"picked":"SKIP","floor":44},{"not_picked":["Warcry","Perfected Strike+1"],"picked":"Thunderclap","floor":45},{"not_picked":["Juggernaut","Rage+1","Dual Wield"],"picked":"SKIP","floor":47},{"not_picked":["Body Slam+1","Bloodletting+1","Rampage+1"],"picked":"SKIP","floor":48}],"player_experience":122847,"relics_obtained":[{"floor":6.0,"key":"Ornamental Fan"},{"floor":9.0,"key":"Centennial Puzzle"},{"floor":12.0,"key":"Juzu Bracelet"},{"floor":21.0,"key":"Necronomicon"},{"floor":24.0,"key":"Thread and Needle"},{"floor":26.0,"key":"Whetstone"},{"floor":29.0,"key":"Boot"},{"floor":39.0,"key":"Strawberry"},{"floor":41,"key":"Anchor"},{"floor":43,"key":"Unceasing Top"},{"floor":44,"key":"Incense Burner"}],"event_choices":[{"damage_healed":0.0,"max_hp_gain":5.0,"max_hp_loss":0.0,"gold_gain":0.0,"event_name":"Big Fish","player_choice":"Donut","floor":2.0,"gold_loss":0.0,"damage_taken":0.0},{"damage_healed":0.0,"max_hp_gain":0.0,"max_hp_loss":0.0,"gold_gain":0.0,"event_name":"Accursed Blacksmith","player_choice":"Forge","floor":5.0,"gold_loss":0.0,"damage_taken":0.0,"cards_upgraded":["Armaments"]},{"damage_healed":0.0,"max_hp_gain":0.0,"max_hp_loss":0.0,"gold_gain":0.0,"event_name":"Scrap Ooze","player_choice":"Fled","floor":13.0,"gold_loss":0.0,"damage_taken":0.0},{"damage_healed":0.0,"max_hp_gain":0.0,"max_hp_loss":0.0,"gold_gain":0.0,"cards_transformed":["Defend_R","Defend_R"],"event_name":"Drug Dealer","player_choice":"Became Test Subject","floor":19.0,"gold_loss":0.0,"damage_taken":0.0,"cards_obtained":["Flame Barrier","Headbutt"]},{"damage_healed":0.0,"max_hp_gain":0.0,"max_hp_loss":0.0,"gold_gain":0.0,"event_name":"Cursed Tome","player_choice":"Obtained Book","floor":21.0,"gold_loss":0.0,"damage_taken":16.0},{"damage_healed":25.0,"max_hp_gain":0.0,"max_hp_loss":0.0,"gold_gain":0.0,"event_name":"The Library","player_choice":"Heal","floor":27.0,"gold_loss":0.0,"damage_taken":0.0},{"damage_healed":0.0,"max_hp_gain":0.0,"max_hp_loss":0.0,"gold_gain":0.0,"event_name":"Upgrade Shrine","player_choice":"Upgraded","floor":31.0,"gold_loss":0.0,"damage_taken":0.0,"cards_upgraded":["Searing Blow"]},{"damage_healed":0.0,"max_hp_gain":0.0,"max_hp_loss":0.0,"gold_gain":0.0,"event_name":"Winding Halls","player_choice":"Embrace Madness","floor":37.0,"gold_loss":0.0,"damage_taken":10.0,"cards_obtained":["Madness","Madness"]},{"damage_healed":0.0,"max_hp_gain":0.0,"max_hp_loss":0.0,"gold_gain":0.0,"event_name":"Mysterious Sphere","player_choice":"Ignored","floor":38.0,"gold_loss":0.0,"damage_taken":0.0}],"is_beta":false,"boss_relics":[{"not_picked":["Calling Bell","Mark of Pain"],"picked":"Astrolabe"},{"not_picked":["Velvet Choker","Tiny House"],"picked":"Philosopher\u0027s Stone"}],"items_purged_floors":[3,20,42],"is_endless":false,"potions_floor_spawned":[4,10,14,16,24,29,41,47],"ascension_level":8}