{"gold_per_floor":[119,130,148,164,14,45,58,58,58,89,89,118,136,136,136,234,234,245,245,0,16,16,16,16,16,16,34,65,41,41,41,41,41],"floor_reached":33,"playtime":1863,"items_purged":["Strike_B","Defend_B"],"score":447,"play_id":"2f9dafa0-6f94-4529-a486-77e8d222dc8e","local_time":"20180826083235","is_ascension_mode":true,"campfire_choices":[{"data":"Zap","floor":8,"key":"SMITH"},{"data":"Self Repair","floor":11,"key":"SMITH"},{"data":"Beam Cell","floor":15,"key":"SMITH"},{"data":"Seek","floor":23,"key":"SMITH"},{"data":"Scrape","floor":25,"key":"SMITH"},{"data":"Hologram","floor":30,"key":"SMITH"},{"data":"Hologram","floor":32,"key":"SMITH"}],"neow_cost":"NONE","seed_source_timestamp":13030563041902,"circlet_count":0,"master_deck":["Strike_B","Strike_B","Strike_B","Defend_B","Defend_B","Defend_B","Zap+1","Dualcast","Self Repair+1","Hologram+1","Hologram+1","Streamline","Scrape+1","Beam Cell+1","Turbo","Seek+1","Parasite","Reboot","Gash","Reprogram","Reprogram","Turbo","Gash"],"relics":["White Beast Statue","Singing Bowl","Symbiotic Virus","Dream Catcher","Incense Burner","Runic Dome","Smiling Mask","TheAbacus","MutagenicStrength","Nunchaku","Ornamental Fan"],"potions_floor_usage":[4,6,6,6,12,12,13,16,28,28,33],"damage_taken":[{"damage":0,"enemies":"Small Slimes","floor":1,"turns":3},{"damage":2,"enemies":"2 Louse","floor":2,"turns":4},{"damage":1,"enemies":"Cultist","floor":3,"turns":4},{"damage":8,"enemies":"Red Slaver","floor":4,"turns":5},{"damage":29,"enemies":"3 Sentries","floor":6,"turns":7},{"damage":6,"enemies":"3 Louse","floor":7,"turns":4},{"damage":27,"enemies":"Lagavulin","floor":10,"turns":5},{"damage":31,"enemies":"Gremlin Nob","floor":12,"turns":5},{"damage":7,"enemies":"2 Fungi Beasts","floor":13,"turns":2},{"damage":28,"enemies":"The Guardian","floor":16,"turns":8},{"damage":2,"enemies":"Chosen","floor":18,"turns":3},{"damage":16,"enemies":"Shell Parasite","floor":21,"turns":3},{"damage":16,"enemies":"Snake Plant","floor":27,"turns":3},{"damage":0,"enemies":"Gremlin Leader","floor":28,"turns":4},{"damage":64,"enemies":"Champ","floor":33,"turns":6}],"seed_played":"8916028825234577527","potions_obtained":[{"floor":1,"key":"Strength Potion"},{"floor":2,"key":"Regen Potion"},{"floor":3,"key":"Swift Potion"},{"floor":4,"key":"Fire Potion"},{"floor":6,"key":"SkillPotion"},{"floor":7,"key":"Explosive Potion"},{"floor":10,"key":"Weak Potion"},{"floor":12,"key":"Poison Potion"},{"floor":13,"key":"Explosive Potion"},{"floor":16,"key":"SmokeBomb"},{"floor":18,"key":"PowerPotion"},{"floor":21,"key":"AttackPotion"},{"floor":28,"key":"FearPotion"}],"is_trial":false,"path_per_floor":["M","M","M","M","$","E","M","R","T","E","R","E","M","?","R","B",null,"M","T","$","M","?","R","?","R","T","M","E","$","R","$","R"],"character_chosen":"DEFECT","items_purchased":["Scrape","TheAbacus","Gash"],"campfire_rested":0,"item_purchase_floors":[5,20,29],"current_hp_per_floor":[68,73,75,74,74,60,61,61,61,43,43,24,27,46,46,28,66,64,64,64,60,60,60,60,60,60,54,64,64,64,64,64,0],"gold":41,"neow_bonus":"BOSS_RELIC","is_prod":false,"is_daily":false,"chose_seed":false,"campfire_upgraded":7,"win_rate":0,"timestamp":1535297555,"path_taken":["M","M","M","M","$","E","M","R","T","E","R","E","M","?","R","BOSS","M","?","$","M","?","R","?","R","T","M","E","$","R","?","R","BOSS"],"build_version":"2018-08-23v2","purchased_purges":2,"victory":false,"max_hp_per_floor":[75,75,75,75,75,75,75,75,75,77,77,79,79,79,79,79,79,79,79,79,81,81,81,81,81,81,81,81,81,81,81,81,81],"card_choices":[{"not_picked":["Chaos","Lockon"],"picked":"Self Repair","floor":1},{"not_picked":["Ball Lightning","Barrage"],"picked":"Hologram","floor":2},{"not_picked":["Barrage","Rebound"],"picked":"Hologram","floor":3},{"not_picked":["Go for the Eyes","Redo"],"picked":"Streamline","floor":4},{"not_picked":["Compile Driver","Tempest"],"picked":"Beam Cell","floor":6},{"not_picked":["Aggregate","Double Energy"],"picked":"Turbo","floor":7},{"not_picked":["Stack","Sunder","Sweeping Beam"],"picked":"Singing Bowl","floor":10},{"not_picked":["Force Field","Capacitor","Leap"],"picked":"Singing Bowl","floor":12},{"not_picked":["Rebound","Chaos"],"picked":"Seek","floor":13},{"not_picked":["Electrodynamics","Seek"],"picked":"Reboot","floor":16},{"not_picked":["Aggregate","Chaos"],"picked":"Gash","floor":18},{"not_picked":["Capacitor","Chill","Rebound"],"picked":"Singing Bowl","floor":21},{"not_picked":["Coolheaded","Go for the Eyes"],"picked":"Reprogram","floor":27},{"not_picked":["Barrage+1","Reinforced Body"],"picked":"Turbo","floor":28}],"player_experience":720291,"relics_obtained":[{"floor":6,"key":"Singing Bowl"},{"floor":9,"key":"Symbiotic Virus"},{"floor":10,"key":"Dream Catcher"},{"floor":12,"key":"Incense Burner"},{"floor":19,"key":"Smiling Mask"},{"floor":26,"key":"Nunchaku"},{"floor":28,"key":"Ornamental Fan"}],"event_choices":[{"event_name":"Mushrooms","player_choice":"Healed and dodged fight","floor":14,"damage_taken":0},{"event_name":"Drug Dealer","player_choice":"Inject Mutagens","floor":22,"damage_taken":0},{"event_name":"The Library","player_choice":"Read","floor":24,"damage_taken":0}],"is_beta":false,"boss_relics":[{"not_picked":["Calling Bell","Coffee Dripper"],"picked":"Runic Dome"}],"items_purged_floors":[5,20],"is_endless":false,"potions_floor_spawned":[1,2,3,4,6,7,10,12,13,16,18,21,27,28],"killed_by":"Champ","ascension_level":9}