{"gold_per_floor":[215,226,236,251,17,17,52,127,175,175,175,200,221,235,235,332,332,351,371,202,202,117,117,149,149,149,178,191,191],"floor_reached":29,"playtime":1864,"items_purged":["Strike_G","Strike_G"],"score":407,"play_id":"51fbd2a2-4257-4400-a910-8adfc3b0428f","local_time":"20190812134619","is_ascension_mode":true,"campfire_choices":[{"data":"Noxious Fumes","floor":6.0,"key":"SMITH"},{"data":"Poisoned Stab","floor":11.0,"key":"SMITH"},{"floor":15.0,"key":"REST"},{"data":"Footwork","floor":23.0,"key":"SMITH"}],"neow_cost":"NONE","seed_source_timestamp":1175456826066632,"circlet_count":0,"master_deck":["AscendersBane","Strike_G+1","Strike_G+1","Strike_G+1","Defend_G+1","Defend_G+1","Defend_G+1","Defend_G+1","Defend_G+1","Survivor","Neutralize+1","Poisoned Stab+1","Noxious Fumes+1","Sucker Punch","Cloak And Dagger","Bullet Time","Infinite Blades","A Thousand Cuts","Cloak And Dagger","Dagger Spray","Corpse Explosion","Well Laid Plans+1","Footwork+1","Escape Plan","RitualDagger"],"special_seed":0,"relics":["Ring of the Snake","Shuriken","Whetstone","Odd Mushroom","Sozu","Frozen Egg 2","Tough Bandages","Matryoshka","Potion Belt"],"potions_floor_usage":[],"damage_taken":[{"damage":0.0,"enemies":"Cultist","floor":1.0,"turns":4.0},{"damage":1.0,"enemies":"Jaw Worm","floor":2.0,"turns":5.0},{"damage":5.0,"enemies":"2 Louse","floor":3.0,"turns":4.0},{"damage":2.0,"enemies":"2 Fungi Beasts","floor":4.0,"turns":4.0},{"damage":7.0,"enemies":"3 Sentries","floor":7.0,"turns":7.0},{"damage":22.0,"enemies":"Gremlin Nob","floor":12.0,"turns":4.0},{"damage":8.0,"enemies":"The Mushroom Lair","floor":13.0,"turns":4.0},{"damage":2.0,"enemies":"3 Louse","floor":14.0,"turns":3.0},{"damage":16.0,"enemies":"Hexaghost","floor":16.0,"turns":9.0},{"damage":0.0,"enemies":"Chosen","floor":18.0,"turns":4.0},{"damage":10.0,"enemies":"Shell Parasite","floor":19.0,"turns":5.0},{"damage":10.0,"enemies":"Slavers","floor":24.0,"turns":3.0},{"damage":1.0,"enemies":"Book of Stabbing","floor":27.0,"turns":5.0},{"damage":22.0,"enemies":"Snake Plant","floor":28.0,"turns":5.0},{"damage":14,"enemies":"Shelled Parasite and Fungi","floor":29,"turns":2}],"seed_played":"-6316453261318744387","potions_obtained":[{"floor":3.0,"key":"AttackPotion"},{"floor":4.0,"key":"FearPotion"},{"floor":12.0,"key":"PowerPotion"},{"floor":16.0,"key":"Explosive Potion"}],"is_trial":false,"path_per_floor":["M","M","M","M","$","R","E","?","T","?","R","E","?","M","R","B",null,"M","M","$","?","?","R","E","?","T","E","M","M"],"character_chosen":"THE_SILENT","items_purchased":["Bullet Time","Infinite Blades","Footwork"],"campfire_rested":1,"item_purchase_floors":[5,5,20],"current_hp_per_floor":[63,62,57,55,55,55,48,37,37,42,42,20,12,10,32,16,60,60,50,50,50,50,50,40,34,34,33,11,0],"gold":191,"neow_bonus":"HUNDRED_GOLD","is_prod":false,"is_daily":false,"chose_seed":false,"campfire_upgraded":3,"win_rate":0,"timestamp":1565631979,"path_taken":["M","M","?","M","$","R","E","?","T","?","R","E","?","M","R","BOSS","M","M","$","?","?","R","E","?","T","E","?","M"],"build_version":"2019-07-17","purchased_purges":2,"victory":false,"max_hp_per_floor":[70,70,70,70,70,70,70,70,70,75,75,75,75,75,75,75,75,75,75,75,75,75,75,75,75,75,75,75,75],"card_choices":[{"not_picked":["Dagger Throw","Choke"],"picked":"Poisoned Stab","floor":1.0},{"not_picked":["Backflip","Dodge and Roll"],"picked":"Noxious Fumes","floor":2.0},{"not_picked":["Riddle With Holes","PiercingWail"],"picked":"Sucker Punch","floor":3.0},{"not_picked":["Flying Knee","Bouncing Flask"],"picked":"Cloak And Dagger","floor":4.0},{"not_picked":["Bane","Acrobatics"],"picked":"A Thousand Cuts","floor":7.0},{"not_picked":["Bane","Outmaneuver"],"picked":"Cloak And Dagger","floor":12.0},{"not_picked":["Acrobatics","Deflect"],"picked":"Dagger Spray","floor":14.0},{"not_picked":["Venomology","Bullet Time"],"picked":"Corpse Explosion","floor":16.0},{"not_picked":["Outmaneuver","Deflect","Sucker Punch"],"picked":"SKIP","floor":18.0},{"not_picked":["Bane","Acrobatics"],"picked":"Well Laid Plans+1","floor":19.0},{"not_picked":["Heel Hook","Prepared"],"picked":"Escape Plan","floor":24.0},{"not_picked":["Bane+1","Deflect","Bullet Time"],"picked":"SKIP","floor":27.0},{"not_picked":["Dagger Throw","Skewer","Reflex+1"],"picked":"SKIP","floor":28.0}],"player_experience":461390,"relics_obtained":[{"floor":7.0,"key":"Shuriken"},{"floor":12.0,"key":"Whetstone"},{"floor":13.0,"key":"Odd Mushroom"},{"floor":24.0,"key":"Tough Bandages"},{"floor":26.0,"key":"Matryoshka"},{"floor":27.0,"key":"Potion Belt"}],"event_choices":[{"damage_healed":0.0,"max_hp_gain":0.0,"max_hp_loss":0.0,"gold_gain":75.0,"event_name":"World of Goop","player_choice":"Gather Gold","floor":8.0,"gold_loss":0.0,"damage_taken":11.0},{"damage_healed":0.0,"max_hp_gain":5.0,"max_hp_loss":0.0,"gold_gain":0.0,"event_name":"Big Fish","player_choice":"Donut","floor":10.0,"gold_loss":0.0,"damage_taken":0.0},{"damage_healed":0.0,"max_hp_gain":0.0,"max_hp_loss":0.0,"gold_gain":0.0,"event_name":"Mushrooms","player_choice":"Fought Mushrooms","floor":13.0,"gold_loss":0.0,"damage_taken":0.0},{"damage_healed":0.0,"max_hp_gain":0.0,"max_hp_loss":0.0,"gold_gain":0.0,"event_name":"Back to Basics","player_choice":"Simplicity","floor":21.0,"gold_loss":0.0,"damage_taken":0.0,"cards_upgraded":["Strike_G","Strike_G","Defend_G","Defend_G","Defend_G","Defend_G","Defend_G"]},{"damage_healed":0.0,"max_hp_gain":0.0,"max_hp_loss":0.0,"gold_gain":0.0,"event_name":"Addict","player_choice":"Obtained Relic","floor":22.0,"gold_loss":85.0,"damage_taken":0.0,"relics_obtained":["Frozen Egg 2"]},{"damage_healed":0.0,"max_hp_gain":0.0,"max_hp_loss":0.0,"gold_gain":0.0,"event_name":"Nest","player_choice":"Joined the Cult","floor":25.0,"gold_loss":0.0,"damage_taken":6.0,"cards_obtained":["RitualDagger"]}],"is_beta":false,"boss_relics":[{"not_picked":["Runic Dome","Lizard Tail"],"picked":"Sozu"}],"items_purged_floors":[5,20],"is_endless":false,"potions_floor_spawned":[3,4,12,16,19,28],"killed_by":"Shelled Parasite and Fungi","ascension_level":10}