{"gold_per_floor":[119,139,139,89,89,107,107,107,107,32,52,62,137,37,37,142,142,153,168,178,2,2,2,19,19,100,100,100,100],"floor_reached":29,"playtime":2915,"items_purged":["Defend_B","Defend_B","Strike_B"],"score":213,"play_id":"80f21008-1991-4987-b63f-6af461442455","local_time":"20190812171130","is_ascension_mode":false,"campfire_choices":[{"data":"Zap","floor":7.0,"key":"SMITH"},{"floor":15.0,"key":"REST"},{"data":"Fusion","floor":23,"key":"SMITH"},{"floor":25,"key":"REST"}],"neow_cost":"NONE","seed_source_timestamp":0,"circlet_count":0,"master_deck":["Defend_B","Zap+1","Dualcast","Fusion+1","Hologram+1","FTL","Leap+1","Darkness","Redo","Coolheaded","Echo Form+1","Conserve Battery","Gash","Loop"],"special_seed":0,"relics":["Cracked Core","Shuriken","Inserter","The Courier"],"potions_floor_usage":[29,29,29],"damage_taken":[{"damage":7.0,"enemies":"Small Slimes","floor":1.0,"turns":4.0},{"damage":1.0,"enemies":"Jaw Worm","floor":2.0,"turns":6.0},{"damage":2.0,"enemies":"2 Louse","floor":6.0,"turns":2.0},{"damage":0.0,"enemies":"Large Slime","floor":11.0,"turns":5.0},{"damage":0.0,"enemies":"3 Louse","floor":12.0,"turns":3.0},{"damage":24.0,"enemies":"The Guardian","floor":16.0,"turns":9.0},{"damage":5,"enemies":"3 Byrds","floor":18,"turns":4},{"damage":0,"enemies":"Spheric Guardian","floor":19,"turns":6},{"damage":16,"enemies":"Snecko","floor":20,"turns":7},{"damage":17,"enemies":"3 Cultists","floor":24,"turns":7},{"damage":64,"enemies":"Slavers","floor":29,"turns":9}],"seed_played":"3713454759230398349","potions_obtained":[{"floor":1.0,"key":"PowerPotion"},{"floor":12.0,"key":"SkillPotion"},{"floor":20,"key":"FocusPotion"}],"is_trial":false,"path_per_floor":["M","M","?","?","?","M","R","?","T","$","M","M","?","$","R","B",null,"M","M","M","$","?","R","M","R","T","$","?","E"],"character_chosen":"DEFECT","items_purchased":["Gash"],"campfire_rested":2,"item_purchase_floors":[21],"current_hp_per_floor":[68,67,67,67,52,50,50,43,43,43,43,43,32,32,54,30,75,70,70,54,54,54,54,37,59,59,59,59,0],"gold":100,"neow_bonus":"TRANSFORM_CARD","is_prod":false,"is_daily":false,"chose_seed":false,"campfire_upgraded":2,"win_rate":0,"timestamp":1565622690,"path_taken":["M","M","?","?","?","M","R","?","T","$","M","M","?","?","R","BOSS","M","M","M","$","?","R","M","R","T","?","?","E"],"build_version":"2019-07-17","purchased_purges":3,"victory":false,"max_hp_per_floor":[75,75,75,75,75,75,75,75,75,75,75,75,75,75,75,75,75,75,75,75,75,75,75,75,75,75,75,75,75],"card_choices":[{"not_picked":["Lockon","Leap"],"picked":"Hologram","floor":1.0},{"not_picked":["Rebound","Streamline"],"picked":"FTL","floor":2.0},{"not_picked":["Steam","Undo"],"picked":"Darkness","floor":6.0},{"not_picked":["Force Field","Fusion"],"picked":"Redo","floor":11.0},{"not_picked":["Cold Snap","Heatsinks"],"picked":"Coolheaded","floor":12.0},{"not_picked":["Rainbow","Buffer"],"picked":"Echo Form","floor":16.0},{"not_picked":["Steam","Loop"],"picked":"Conserve Battery","floor":18},{"not_picked":["Tempest","Streamline+1","Double Energy"],"picked":"SKIP","floor":19},{"not_picked":["Sweeping Beam+1","Darkness","Compile Driver"],"picked":"SKIP","floor":20},{"not_picked":["Recycle+1","Hello World"],"picked":"Loop","floor":24}],"player_experience":278681,"relics_obtained":[{"floor":9.0,"key":"Shuriken"},{"floor":26,"key":"The Courier"}],"event_choices":[{"damage_healed":0.0,"max_hp_gain":0.0,"max_hp_loss":0.0,"gold_gain":0.0,"cards_transformed":["Strike_B"],"event_name":"Living Wall","player_choice":"Change","floor":3.0,"gold_loss":0.0,"damage_taken":0.0,"cards_obtained":["Leap"]},{"cards_removed":["Defend_B"],"damage_healed":0.0,"max_hp_gain":0.0,"max_hp_loss":0.0,"gold_gain":0.0,"event_name":"The Cleric","player_choice":"Card Removal","floor":4.0,"gold_loss":50.0,"damage_taken":0.0},{"damage_healed":0.0,"max_hp_gain":0.0,"max_hp_loss":0.0,"gold_gain":0.0,"event_name":"Shining Light","player_choice":"Entered Light","floor":5.0,"gold_loss":0.0,"damage_taken":15.0,"cards_upgraded":["Hologram","Leap"]},{"cards_removed":["Strike_B"],"damage_healed":0.0,"max_hp_gain":0.0,"max_hp_loss":0.0,"gold_gain":0.0,"event_name":"Golden Wing","player_choice":"Card Removal","floor":8.0,"gold_loss":0.0,"damage_taken":7.0},{"damage_healed":0.0,"max_hp_gain":0.0,"max_hp_loss":0.0,"gold_gain":75.0,"event_name":"World of Goop","player_choice":"Gather Gold","floor":13.0,"gold_loss":0.0,"damage_taken":11.0},{"damage_healed":0,"gold_gain":0,"player_choice":"Upgraded","damage_taken":0,"max_hp_gain":0,"max_hp_loss":0,"event_name":"Upgrade Shrine","floor":22,"gold_loss":0,"cards_upgraded":["Echo Form"]},{"damage_healed":0,"gold_gain":0,"player_choice":"Ignored","damage_taken":0,"max_hp_gain":0,"max_hp_loss":0,"event_name":"Ghosts","floor":28,"gold_loss":0}],"is_beta":false,"boss_relics":[{"not_picked":["Black Star","Nuclear Battery"],"picked":"Inserter"}],"items_purged_floors":[10,14,21],"is_endless":false,"potions_floor_spawned":[1,12,20,24],"killed_by":"Slavers","ascension_level":0}