{"gold_per_floor":[112,130,141,141,159,159,173,223,223,240,259,259,259,278,278,375,375],"floor_reached":17,"playtime":1490,"items_purged":[],"score":211,"play_id":"644cff0f-2401-4e78-b849-bb516bd15d86","local_time":"20190116205223","is_ascension_mode":true,"campfire_choices":[{"data":"Sucker Punch","floor":6,"key":"SMITH"},{"data":"Sucker Punch","floor":13,"key":"SMITH"},{"data":"Deadly Poison","floor":15,"key":"SMITH"}],"neow_cost":"PERCENT_DAMAGE","seed_source_timestamp":37543176305201,"circlet_count":0,"master_deck":["Defend_G+1","Defend_G+1","Defend_G","Defend_G","Defend_G","Strike_G","Strike_G","Strike_G","Strike_G","Strike_G","Survivor","Neutralize","Backflip","Sucker Punch+1","Backflip","Sucker Punch+1","Blur","Glass Knife+1","Deadly Poison+1","Burst"],"relics":["Ring of the Snake","Pocketwatch","War Paint","Meat on the Bone"],"potions_floor_usage":[],"damage_taken":[{"damage":0,"enemies":"Cultist","floor":1,"turns":4},{"damage":1,"enemies":"Jaw Worm","floor":2,"turns":5},{"damage":0,"enemies":"Small Slimes","floor":3,"turns":4},{"damage":2,"enemies":"Red Slaver","floor":5,"turns":6},{"damage":7,"enemies":"3 Louse","floor":7,"turns":4},{"damage":0,"enemies":"Looter","floor":10,"turns":4},{"damage":1,"enemies":"Blue Slaver","floor":11,"turns":4},{"damage":10,"enemies":"Exordium Thugs","floor":14,"turns":5},{"damage":15,"enemies":"Slime Boss","floor":16,"turns":9}],"seed_played":"2543415792102685431","potions_obtained":[{"floor":2,"key":"EssenceOfSteel"},{"floor":7,"key":"EntropicBrew"},{"floor":11,"key":"Energy Potion"}],"is_trial":false,"path_per_floor":["M","M","M","?","M","R","M","T","T","M","M","?","R","M","R","B",null],"character_chosen":"THE_SILENT","items_purchased":[],"campfire_rested":0,"item_purchase_floors":[],"current_hp_per_floor":[45,44,44,44,42,42,35,35,35,47,46,46,46,36,36,33,33],"gold":375,"neow_bonus":"ONE_RARE_RELIC","is_prod":false,"is_daily":false,"chose_seed":false,"campfire_upgraded":3,"win_rate":0,"timestamp":1547700743,"path_taken":["M","M","?","?","M","R","M","?","T","M","M","?","R","?","R","BOSS"],"build_version":"2019-01-10","purchased_purges":0,"victory":false,"max_hp_per_floor":[70,70,70,70,70,70,70,70,70,70,70,70,70,70,70,70,70],"card_choices":[{"not_picked":["Flying Knee","Prepared"],"picked":"Backflip","floor":1},{"not_picked":["Underhanded Strike","Masterful Stab"],"picked":"Sucker Punch","floor":2},{"not_picked":["Slice","Underhanded Strike"],"picked":"Backflip","floor":3},{"not_picked":["Outmaneuver","Prepared"],"picked":"Sucker Punch","floor":5},{"not_picked":["Night Terror","Deflect"],"picked":"Blur","floor":7},{"not_picked":["Outmaneuver","Underhanded Strike","Quick Slash"],"picked":"SKIP","floor":10},{"not_picked":["Deflect","Backflip"],"picked":"Glass Knife","floor":11},{"not_picked":["Backflip","Slice"],"picked":"Deadly Poison","floor":14},{"not_picked":["Bullet Time","Grand Finale"],"picked":"Burst","floor":16}],"player_experience":1120834,"relics_obtained":[{"floor":8,"key":"War Paint"},{"floor":9,"key":"Meat on the Bone"}],"event_choices":[{"damage_healed":0,"gold_gain":0,"player_choice":"Ignored","damage_taken":0,"max_hp_gain":0,"max_hp_loss":0,"event_name":"Liars Game","floor":4,"gold_loss":0},{"damage_healed":0,"gold_gain":0,"player_choice":"Upgraded","damage_taken":0,"max_hp_gain":0,"max_hp_loss":0,"event_name":"Upgrade Shrine","floor":12,"gold_loss":0,"cards_upgraded":["Glass Knife"]}],"is_beta":false,"boss_relics":[],"items_purged_floors":[],"is_endless":false,"potions_floor_spawned":[2,7,11,14],"ascension_level":8}