{"gold_per_floor":[119,138,138,12,26,26,59,59,59,73,92,102,116,116,116,213,213,227,80,80,98,197,197,229,25,25,25,52,64,76,76,76,171,171,189,189,289,289,303,333,27,27,27,43,96,175,193,228,228,328,328,346,357,357,367,116,116,143,157,180,180,213,213,213,227,227,357,357,380,400,600,293,316,347,347,347,382,382,66,66,66,78,78,182,182,194,46,96,197,197],"floor_reached":90,"playtime":4670,"items_purged":["PiercingWail","Wraith Form v2","Acrobatics","Distraction+1","Writhe"],"score":2449,"play_id":"3cd892be-fea7-41ef-85b0-e1a173c965cd","local_time":"20180804212237","daily_mods":["Draft","Heirloom","Allstar"],"is_ascension_mode":true,"campfire_choices":[{"data":"Calculated Gamble","floor":6.0,"key":"SMITH"},{"data":"Well Laid Plans","floor":8.0,"key":"SMITH"},{"floor":15.0,"key":"REST"},{"data":"Terror","floor":23.0,"key":"SMITH"},{"data":"Calculated Gamble","floor":32.0,"key":"SMITH"},{"data":"Panache","floor":42.0,"key":"SMITH"},{"data":"Choke","floor":49.0,"key":"SMITH"},{"data":"Panache","floor":57.0,"key":"SMITH"},{"data":"A Thousand Cuts","floor":61.0,"key":"SMITH"},{"data":"Finisher","floor":66.0,"key":"SMITH"},{"data":"A Thousand Cuts","floor":80,"key":"SMITH"},{"data":"Concentrate","floor":83,"key":"SMITH"}],"neow_cost":"","seed_source_timestamp":0,"circlet_count":0,"master_deck":["Slice","Prepared","Deflect","Choke+1","Calculated Gamble+1","Dagger Throw","Dagger Throw+1","Prepared","Well Laid Plans+1","Dagger Throw","Slice","Masterful Stab","Underhanded Strike","Masterful Stab+1","Calculated Gamble+1","Underhanded Strike","Deflect","Terror+1","Unload","Slice+1","Underhanded Strike","Concentrate+1","Concentrate+1","Masterful Stab","Slice","Slice","Adrenaline+1","Underhanded Strike","Concentrate+1","Eviscerate","Calculated Gamble+1","Panache+1","Slice+1","Endless Agony","Eviscerate+1","Slice+1","Setup+1","A Thousand Cuts+1","Slice","Panache+1","Finisher+1","Slice","Underhanded Strike","Dagger Throw","Underhanded Strike","Finisher","A Thousand Cuts+1","Prepared+1","Dagger Throw","Burst+1","Clumsy","Pain","Regret","Deflect+1","Dagger Throw+1"],"special_seed":0,"relics":["Unceasing Top","Mango","Shuriken","Whetstone","Snake Skull","Philosopher\u0027s Stone","Toxic Egg 2","Dodecahedron","Strawberry","Orrery","Nunchaku","Pen Nib","Bottled Lightning","StoneCalendar","Mummified Hand","Pantograph","Bronze Scales","Bloody Idol","Sozu","Tingsha","Pear","SsserpentHead","Dream Catcher","Calling Bell","Omamori","Question Card","The Specimen","Juzu Bracelet","Peace Pipe"],"potions_floor_usage":[86],"damage_taken":[{"damage":0.0,"enemies":"2 Louse","floor":1.0,"turns":2.0},{"damage":0.0,"enemies":"Cultist","floor":2.0,"turns":2.0},{"damage":0.0,"enemies":"Small Slimes","floor":5.0,"turns":2.0},{"damage":6.0,"enemies":"Gremlin Nob","floor":7.0,"turns":3.0},{"damage":8.0,"enemies":"Blue Slaver","floor":10.0,"turns":2.0},{"damage":9.0,"enemies":"2 Fungi Beasts","floor":11.0,"turns":2.0},{"damage":0.0,"enemies":"Looter","floor":12.0,"turns":1.0},{"damage":6.0,"enemies":"Lots of Slimes","floor":13.0,"turns":2.0},{"damage":6.0,"enemies":"Hexaghost","floor":16.0,"turns":5.0},{"damage":4.0,"enemies":"Shell Parasite","floor":18.0,"turns":3.0},{"damage":10.0,"enemies":"Chosen","floor":21.0,"turns":2.0},{"damage":1.0,"enemies":"Slavers","floor":24.0,"turns":2.0},{"damage":12.0,"enemies":"Book of Stabbing","floor":28.0,"turns":2.0},{"damage":0.0,"enemies":"Sentry and Sphere","floor":29.0,"turns":1.0},{"damage":0.0,"enemies":"Snecko","floor":30.0,"turns":2.0},{"damage":0.0,"enemies":"Collector","floor":33.0,"turns":1.0},{"damage":0.0,"enemies":"3 Darklings","floor":35.0,"turns":1.0},{"damage":0.0,"enemies":"Flame Bruiser 1 Orb","floor":39.0,"turns":1.0},{"damage":0.0,"enemies":"Nemesis","floor":40.0,"turns":1.0},{"damage":18.0,"enemies":"4 Shapes","floor":44.0,"turns":1.0},{"damage":8.0,"floor":45.0,"turns":2.0},{"damage":0.0,"enemies":"Spire Growth","floor":47.0,"turns":1.0},{"damage":15.0,"enemies":"Giant Head","floor":48.0,"turns":2.0},{"damage":30.0,"enemies":"Time Eater","floor":50.0,"turns":3.0},{"damage":0.0,"enemies":"Jaw Worm","floor":52.0,"turns":1.0},{"damage":0.0,"enemies":"Small Slimes","floor":53.0,"turns":1.0},{"damage":0.0,"enemies":"Cultist","floor":55.0,"turns":1.0},{"damage":0.0,"enemies":"Lagavulin","floor":58.0,"turns":1.0},{"damage":0.0,"enemies":"Large Slime","floor":59.0,"turns":1.0},{"damage":0.0,"enemies":"Gremlin Nob","floor":62.0,"turns":1.0},{"damage":0.0,"enemies":"Looter","floor":65.0,"turns":1.0},{"damage":0.0,"enemies":"The Guardian","floor":67.0,"turns":1.0},{"damage":0.0,"enemies":"Spheric Guardian","floor":69.0,"turns":1.0},{"damage":0.0,"enemies":"2 Thieves","floor":70.0,"turns":1.0},{"damage":0.0,"enemies":"Centurion and Healer","floor":73.0,"turns":1.0},{"damage":0.0,"enemies":"Gremlin Leader","floor":74.0,"turns":1.0},{"damage":0.0,"enemies":"Slavers","floor":77.0,"turns":1.0},{"damage":0,"enemies":"3 Cultists","floor":82,"turns":1},{"damage":0,"enemies":"Automaton","floor":84,"turns":1},{"damage":52,"enemies":"3 Shapes","floor":86,"turns":2},{"damage":1,"floor":89,"turns":1},{"damage":88,"enemies":"Flame Bruiser 1 Orb","floor":90,"turns":2}],"seed_played":"-4394452595596927999","potions_obtained":[{"floor":1.0,"key":"SpeedPotion"},{"floor":2.0,"key":"Regen Potion"},{"floor":10.0,"key":"LiquidBronze"},{"floor":12.0,"key":"Explosive Potion"},{"floor":13.0,"key":"Swift Potion"},{"floor":16.0,"key":"Strength Potion"},{"floor":29.0,"key":"Swift Potion"},{"floor":30.0,"key":"SteroidPotion"},{"floor":50.0,"key":"Strength Potion"},{"floor":58.0,"key":"SteroidPotion"}],"is_trial":true,"path_per_floor":["M","M","?","$","M","R","E","R","T","M","M","M","M","?","R","B",null,"M","$","?","M","?","R","E","$","T","?","E","M","M","$","R","B",null,"M","?","?","?","M","E","$","R","T","M","?","T","M","E","R","B",null,"M","M","?","M","$","R","E","M","T","R","E","?","?","M","R","B",null,"M","M","?","$","M","E","?","?","E","?","$","R","$","M","R","B",null,"M","$","?","?"],"character_chosen":"THE_SILENT","items_purchased":["Underhanded Strike","Underhanded Strike","Masterful Stab","Pen Nib","Panache","Finisher","Tingsha","Dream Catcher","Prepared+1","Juzu Bracelet"],"campfire_rested":1,"item_purchase_floors":[4,19,25,41,56,56,72,79,79,87],"current_hp_per_floor":[84,84,84,84,84,84,78,78,78,70,61,61,55,22,47,55,84,80,80,80,70,70,70,69,69,69,69,64,64,64,64,64,64,91,91,91,91,91,91,91,91,91,91,73,65,65,65,50,50,45,91,91,91,91,91,91,91,91,91,91,91,91,91,69,69,69,91,91,91,91,91,91,91,91,101,101,101,101,101,101,101,101,101,101,101,54,54,59,68,0],"gold":197,"neow_bonus":"","is_prod":false,"is_daily":false,"chose_seed":false,"campfire_upgraded":11,"win_rate":0,"timestamp":1533442957,"path_taken":["M","M","?","$","M","R","E","R","T","M","M","M","M","?","R","BOSS","M","$","?","M","?","R","E","$","T","?","E","M","?","?","R","BOSS","M","?","?","?","M","E","$","R","T","M","?","?","?","E","R","BOSS","M","M","?","M","?","R","E","?","T","R","E","?","?","M","R","BOSS","M","M","?","$","M","E","?","?","E","?","?","R","$","M","R","BOSS","M","$","?","?","M"],"build_version":"2018-08-02","purchased_purges":5,"victory":false,"max_hp_per_floor":[84,84,84,84,84,84,84,84,84,84,84,84,84,84,84,84,84,84,84,84,84,84,84,84,84,84,84,91,91,91,91,91,91,91,91,91,91,91,91,91,91,91,91,91,91,91,91,91,91,91,91,91,91,91,91,91,91,91,91,91,91,91,91,91,91,91,91,91,91,91,91,91,91,91,101,101,101,101,101,101,101,101,101,101,101,101,101,101,101,101],"card_choices":[{"not_picked":["Bane","Dagger Throw"],"picked":"Slice","floor":0.0},{"not_picked":["Cloak And Dagger","Backstab"],"picked":"Prepared","floor":0.0},{"not_picked":["Caltrops","Blade Dance"],"picked":"PiercingWail","floor":0.0},{"not_picked":["Bane","Bouncing Flask"],"picked":"PiercingWail","floor":0.0},{"not_picked":["Underhanded Strike","PiercingWail"],"picked":"Deflect","floor":0.0},{"not_picked":["Infinite Blades","Distraction"],"picked":"Acrobatics","floor":0.0},{"not_picked":["Poisoned Stab","PiercingWail"],"picked":"Choke","floor":0.0},{"not_picked":["Poisoned Stab","Deflect"],"picked":"Calculated Gamble","floor":0.0},{"not_picked":["Heel Hook","Skewer"],"picked":"Dagger Throw","floor":0.0},{"not_picked":["Bouncing Flask","Dash"],"picked":"Dagger Throw","floor":0.0},{"not_picked":["Riddle With Holes","Dagger Spray"],"picked":"Prepared","floor":0.0},{"not_picked":["Bane","Sucker Punch"],"picked":"Well Laid Plans","floor":0.0},{"not_picked":["Outmaneuver","Dagger Spray"],"picked":"Dagger Throw","floor":0.0},{"not_picked":["Sucker Punch","Riddle With Holes"],"picked":"Slice","floor":0.0},{"not_picked":["Skewer","Outmaneuver"],"picked":"Acrobatics","floor":0.0},{"not_picked":["Poisoned Stab","PiercingWail","Heel Hook"],"picked":"SKIP","floor":1.0},{"not_picked":["Setup","Prepared"],"picked":"Masterful Stab","floor":2.0},{"not_picked":["Dagger Spray","Blade Dance"],"picked":"Acrobatics","floor":5.0},{"not_picked":["Dodge and Roll","Dagger Throw"],"picked":"Masterful Stab","floor":7.0},{"not_picked":["Expertise","Poisoned Stab"],"picked":"Calculated Gamble","floor":10.0},{"not_picked":["Skewer","Prepared"],"picked":"Underhanded Strike","floor":11.0},{"not_picked":["Backflip","PiercingWail"],"picked":"Deflect","floor":12.0},{"not_picked":["Blade Dance","Cloak And Dagger"],"picked":"Terror","floor":13.0},{"not_picked":["Wraith Form v2","Malaise"],"picked":"Unload","floor":16.0},{"not_picked":["Backflip","Acrobatics"],"picked":"Slice+1","floor":18.0},{"not_picked":["Bullet Time","Flying Knee"],"picked":"Concentrate","floor":21.0},{"not_picked":["Quick Slash","Slice"],"picked":"Concentrate","floor":24.0},{"not_picked":["Sucker Punch","Poisoned Stab","Distraction+1"],"picked":"SKIP","floor":28.0},{"not_picked":["Prepared+1","Acrobatics+1"],"picked":"Slice","floor":29.0},{"not_picked":["Leg Sweep+1","Caltrops"],"picked":"Slice","floor":30.0},{"not_picked":["Corpse Explosion+1","Wraith Form v2"],"picked":"Adrenaline+1","floor":33.0},{"not_picked":["Flechettes","Sucker Punch"],"picked":"Underhanded Strike","floor":34.0},{"not_picked":["Prepared+1","Escape Plan+1"],"picked":"Concentrate+1","floor":34.0},{"not_picked":["Dodge and Roll+1","Dagger Spray"],"picked":"Eviscerate","floor":34.0},{"not_picked":["Backstab","Sucker Punch"],"picked":"Calculated Gamble+1","floor":34.0},{"not_picked":["Acrobatics+1","Backflip+1","Crippling Poison+1"],"picked":"SKIP","floor":35.0},{"not_picked":["Dark Shackles+1","Deep Breath+1"],"picked":"Panache","floor":36.0},{"not_picked":["Noxious Fumes+1","Deadly Poison+1"],"picked":"Slice+1","floor":39.0},{"not_picked":["Flechettes+1","Blade Dance+1"],"picked":"Endless Agony","floor":40.0},{"not_picked":["Noxious Fumes+1","Quick Slash"],"picked":"Eviscerate+1","floor":44.0},{"not_picked":["Eviscerate+1","Outmaneuver+1"],"picked":"Slice+1","floor":47.0},{"not_picked":["Sucker Punch","Well Laid Plans+1"],"picked":"Setup+1","floor":48.0},{"not_picked":["Unload","Phantasmal Killer+1"],"picked":"A Thousand Cuts","floor":50.0},{"not_picked":["Catalyst+1","Blur+1"],"picked":"Slice","floor":52.0},{"not_picked":["Flechettes","Flying Knee","Infinite Blades"],"picked":"SKIP","floor":53.0},{"not_picked":["Dagger Throw","Deadly Poison+1","Poisoned Stab"],"picked":"SKIP","floor":55.0},{"not_picked":["Calculated Gamble+1","Dodge and Roll+1"],"picked":"Slice","floor":58.0},{"not_picked":["Accuracy","Blade Dance+1","Backstab"],"picked":"SKIP","floor":59.0},{"not_picked":["Bane","Flechettes"],"picked":"Underhanded Strike","floor":62.0},{"not_picked":["Dash","Cloak And Dagger+1"],"picked":"Dagger Throw","floor":65.0},{"not_picked":["Cloak And Dagger+1","Backflip+1","Deadly Poison+1"],"picked":"SKIP","floor":69.0},{"not_picked":["Slice","Dagger Spray+1"],"picked":"Underhanded Strike","floor":70.0},{"not_picked":["Eviscerate","Reflex+1"],"picked":"Finisher","floor":73.0},{"not_picked":["Accuracy","Cloak And Dagger+1","Noxious Fumes"],"picked":"SKIP","floor":74.0},{"not_picked":["Poisoned Stab+1","Backflip+1"],"picked":"A Thousand Cuts","floor":77.0},{"not_picked":["Dodge and Roll+1","Escape Plan+1"],"picked":"Dagger Throw","floor":82},{"not_picked":["Glass Knife","Night Terror+1"],"picked":"Burst+1","floor":84},{"not_picked":["Backstab+1","Dodge and Roll+1","Outmaneuver+1"],"picked":"Deflect+1","floor":86},{"not_picked":["Caltrops+1","PiercingWail+1","Bane+1"],"picked":"Dagger Throw+1","floor":89}],"player_experience":580154,"relics_obtained":[{"floor":7.0,"key":"Shuriken"},{"floor":9.0,"key":"Whetstone"},{"floor":24.0,"key":"Toxic Egg 2"},{"floor":26.0,"key":"Dodecahedron"},{"floor":28.0,"key":"Strawberry"},{"floor":40.0,"key":"Nunchaku"},{"floor":43.0,"key":"Bottled Lightning"},{"floor":45.0,"key":"StoneCalendar"},{"floor":46.0,"key":"Mummified Hand"},{"floor":48.0,"key":"Pantograph"},{"floor":60.0,"key":"Bronze Scales"},{"floor":85,"key":"Omamori"},{"floor":85,"key":"Question Card"},{"floor":85,"key":"The Specimen"},{"floor":89,"key":"Peace Pipe"}],"event_choices":[{"event_name":"Transmorgrifier","player_choice":"Transform","floor":3.0,"damage_taken":0.0},{"event_name":"Scrap Ooze","player_choice":"success","floor":14.0,"damage_taken":33.0},{"event_name":"Vampires","player_choice":"Ignored","floor":20.0,"damage_taken":0.0},{"event_name":"Nest","player_choice":"Stole From Cult","floor":22.0,"damage_taken":0.0},{"event_name":"Wheel of Change","player_choice":"Card Removal","floor":27.0,"damage_taken":0.0},{"event_name":"SensoryStone","player_choice":"Memory 1","floor":36.0,"damage_taken":0.0},{"event_name":"Golden Shrine","player_choice":"Pray","floor":37.0,"damage_taken":0.0},{"event_name":"Transmorgrifier","player_choice":"Transform","floor":38.0,"damage_taken":0.0},{"event_name":"Mysterious Sphere","player_choice":"Fight","floor":45.0,"damage_taken":0.0},{"event_name":"Liars Game","player_choice":"disagreed","floor":54.0,"damage_taken":0.0},{"event_name":"Accursed Blacksmith","player_choice":"Ignore","floor":63.0,"damage_taken":0.0},{"event_name":"Golden Idol","player_choice":"Take Damage","floor":64.0,"damage_taken":0.0},{"event_name":"Wheel of Change","player_choice":"Gold","floor":71.0,"damage_taken":0.0},{"event_name":"The Mausoleum","player_choice":"Yes","floor":75.0,"damage_taken":0.0},{"event_name":"Forgotten Altar","player_choice":"Gave Idol","floor":76.0,"damage_taken":0.0},{"event_name":"FaceTrader","player_choice":"Trade","floor":78,"damage_taken":0},{"event_name":"Tomb of Lord Red Mask","player_choice":"Ignored","floor":88,"damage_taken":0},{"event_name":"Mysterious Sphere","player_choice":"Fight","floor":89,"damage_taken":0}],"is_beta":false,"boss_relics":[{"not_picked":["Coffee Dripper","Snecko Eye"],"picked":"Philosopher\u0027s Stone"},{"not_picked":["Astrolabe","White Beast Statue"],"picked":"Orrery"},{"not_picked":["Busted Crown","Cursed Key","Fusion Hammer"]},{"not_picked":["Snecko Eye","Runic Pyramid"],"picked":"Sozu"},{"not_picked":["Coffee Dripper","Fusion Hammer"],"picked":"Calling Bell"}],"items_purged_floors":[4,19,25,41,79],"is_endless":true,"potions_floor_spawned":[1,2,10,12,13,16,18,29,30,33,39,40,45,48,50,58,62,65,67,69,74,77,89],"killed_by":"Flame Bruiser 1 Orb","ascension_level":1}