{"gold_per_floor":[112,2,2,2,15,15,35,35,35,35,35,35,35,46,46,46],"floor_reached":16,"playtime":443,"items_purged":["Defend_G"],"score":123,"play_id":"d8871106-ec3a-4f6f-b182-777f3079064f","local_time":"20181114154316","is_ascension_mode":true,"campfire_choices":[{"data":"Dagger Spray","floor":6,"key":"SMITH"},{"data":"Strike_G","floor":8,"key":"SMITH"},{"data":"Defend_G","floor":15,"key":"SMITH"}],"neow_cost":"NONE","seed_source_timestamp":1315915937639,"circlet_count":0,"master_deck":["Defend_G","Defend_G","Defend_G+1","Defend_G+1","Strike_G","Strike_G","Strike_G","Strike_G","Strike_G+1","Survivor","Neutralize+1","Concentrate","Accuracy","Dagger Spray+1","Flying Knee"],"relics":["Coffee Dripper","Regal Pillow","Vajra"],"potions_floor_usage":[],"damage_taken":[{"damage":3,"enemies":"Jaw Worm","floor":1,"turns":7},{"damage":7,"enemies":"2 Louse","floor":5,"turns":3},{"damage":0,"enemies":"Cultist","floor":7,"turns":4},{"damage":9,"enemies":"Red Slaver","floor":14,"turns":2},{"damage":0,"enemies":"The Guardian","floor":16,"turns":1}],"seed_played":"-3703486003231901006","potions_obtained":[{"floor":1,"key":"Energy Potion"},{"floor":14,"key":"Ancient Potion"}],"is_trial":false,"path_per_floor":["M","$","?","?","M","R","M","R","T","$","$","?","$","M","R","B"],"character_chosen":"THE_SILENT","items_purchased":["Accuracy"],"campfire_rested":0,"item_purchase_floors":[2],"current_hp_per_floor":[60,60,65,65,58,58,58,58,58,58,58,43,43,34,34,34],"gold":46,"neow_bonus":"BOSS_RELIC","is_prod":false,"is_daily":false,"chose_seed":false,"campfire_upgraded":3,"win_rate":0,"timestamp":1542238996,"path_taken":["M","$","?","?","M","R","?","R","T","?","$","?","$","M","R","BOSS"],"build_version":"2018-11-08","purchased_purges":1,"victory":false,"max_hp_per_floor":[70,70,75,75,75,75,75,75,75,75,75,75,75,75,75,75],"card_choices":[{"not_picked":["Predator","Acrobatics"],"picked":"Concentrate","floor":1},{"not_picked":["Poisoned Stab","Well Laid Plans"],"picked":"Dagger Spray","floor":5},{"not_picked":["Underhanded Strike","Calculated Gamble","Prepared"],"picked":"SKIP","floor":7},{"not_picked":["Escape Plan","PiercingWail"],"picked":"Flying Knee","floor":14}],"player_experience":981581,"relics_obtained":[{"floor":9,"key":"Vajra"}],"event_choices":[{"damage_healed":0,"gold_gain":0,"player_choice":"Donut","damage_taken":0,"max_hp_gain":5,"max_hp_loss":0,"event_name":"Big Fish","floor":3,"gold_loss":0},{"damage_healed":0,"gold_gain":0,"player_choice":"Gave Potion","damage_taken":0,"relics_obtained":["Regal Pillow"],"max_hp_gain":0,"max_hp_loss":0,"event_name":"WeMeetAgain","floor":4,"gold_loss":0},{"damage_healed":0,"gold_gain":0,"player_choice":"Entered Light","damage_taken":15,"max_hp_gain":0,"max_hp_loss":0,"event_name":"Shining Light","floor":12,"gold_loss":0,"cards_upgraded":["Defend_G","Neutralize"]}],"is_beta":false,"boss_relics":[],"items_purged_floors":[2],"is_endless":false,"potions_floor_spawned":[1,14],"killed_by":"The Guardian","ascension_level":8}