{"gold_per_floor":[116,129,143,163,178,178,213,213,213,184,184],"floor_reached":11,"playtime":371,"items_purged":[],"score":75,"play_id":"4768d5c8-1c92-464d-9d73-1b5f0ada5bc8","local_time":"20190806190735","is_ascension_mode":false,"campfire_choices":[{"data":"Searing Blow","floor":6,"key":"SMITH"}],"neow_cost":"NONE","seed_source_timestamp":592497724416800,"circlet_count":0,"master_deck":["Strike_R","Strike_R+1","Strike_R","Strike_R+1","Strike_R","Defend_R","Defend_R","Defend_R","Defend_R","Bash","Twin Strike","Cleave","Searing Blow+1","Cleave","Shrug It Off"],"relics":["Burning Blood","Dream Catcher","Dodecahedron","Darkstone Periapt"],"potions_floor_usage":[],"damage_taken":[{"damage":0,"enemies":"Cultist","floor":1,"turns":4},{"damage":5,"enemies":"Small Slimes","floor":2,"turns":5},{"damage":0,"enemies":"2 Louse","floor":3,"turns":2},{"damage":22,"enemies":"Gremlin Gang","floor":4,"turns":5},{"damage":20,"enemies":"2 Fungi Beasts","floor":5,"turns":4},{"damage":36,"enemies":"Lagavulin","floor":7,"turns":5},{"damage":6,"enemies":"3 Louse","floor":11,"turns":1}],"seed_played":"-4545516689422556467","potions_obtained":[{"floor":4,"key":"Ancient Potion"},{"floor":7,"key":"Ancient Potion"}],"is_trial":false,"path_per_floor":["M","M","M","M","M","R","E","?","T","?","M"],"character_chosen":"IRONCLAD","items_purchased":[],"campfire_rested":0,"item_purchase_floors":[],"current_hp_per_floor":[80,80,80,64,50,50,20,4,4,4,0],"gold":184,"neow_bonus":"RANDOM_COMMON_RELIC","is_prod":false,"is_daily":false,"chose_seed":false,"campfire_upgraded":1,"win_rate":0.0,"timestamp":1565082455,"path_taken":["M","?","M","M","M","R","E","?","T","?","M"],"build_version":"2019-07-17","purchased_purges":0,"victory":false,"max_hp_per_floor":[80,80,80,80,80,80,80,80,80,80,80],"card_choices":[{"not_picked":["Sword Boomerang","Body Slam"],"picked":"Twin Strike","floor":1},{"not_picked":["Seeing Red","Heavy Blade"],"picked":"Cleave","floor":2},{"not_picked":["Twin Strike","Armaments"],"picked":"Searing Blow","floor":3},{"not_picked":["Combust","Sword Boomerang"],"picked":"Cleave","floor":4},{"not_picked":["Metallicize","Second Wind"],"picked":"Shrug It Off","floor":5},{"not_picked":["Dark Embrace","Combust","Body Slam"],"picked":"SKIP","floor":7}],"player_experience":11596,"relics_obtained":[{"floor":7,"key":"Dodecahedron"},{"floor":9,"key":"Darkstone Periapt"}],"event_choices":[{"damage_healed":0,"gold_gain":0,"player_choice":"Entered Light","damage_taken":16,"max_hp_gain":0,"max_hp_loss":0,"event_name":"Shining Light","floor":8,"gold_loss":0,"cards_upgraded":["Strike_R","Strike_R"]},{"damage_healed":0,"gold_gain":0,"player_choice":"Left Gold","damage_taken":0,"max_hp_gain":0,"max_hp_loss":0,"event_name":"World of Goop","floor":10,"gold_loss":29}],"is_beta":false,"boss_relics":[],"items_purged_floors":[],"is_endless":false,"potions_floor_spawned":[4,7],"killed_by":"3 Louse","ascension_level":0}