{"gold_per_floor":[109,109,109,121,121,147,147,175,247,247,262,106,139,89,89,187,187,197,179,179,198,198,198,48,0,0,0,0,0],"floor_reached":29,"playtime":1203,"items_purged":["Strike_B","Writhe"],"score":419,"play_id":"7fe5b417-a55d-4e7e-91d0-603854c84b4d","local_time":"20181016154434","is_ascension_mode":true,"campfire_choices":[{"data":"Zap","floor":7,"key":"SMITH"},{"floor":10,"key":"REST"},{"floor":15,"key":"REST"},{"floor":23,"key":"REST"},{"floor":28,"key":"REST"}],"neow_cost":"NONE","seed_source_timestamp":1903570734618092,"circlet_count":0,"master_deck":["Defend_B","Defend_B","Zap+1","Dualcast","AscendersBane","Rebound","Conserve Battery","Ball Lightning+1","Ball Lightning","Creative AI","Buffer","Core Surge","Stack+1","Auto Shields","Loop","FTL","Hologram","Barrage"],"relics":["Cracked Core","NeowsBlessing","Happy Flower","Pantograph","Blue Candle","Strawberry","Inserter","Juzu Bracelet","Kunai"],"potions_floor_usage":[8,16],"damage_taken":[{"damage":0,"enemies":"Jaw Worm","floor":1,"turns":1},{"damage":0,"enemies":"Cultist","floor":4,"turns":1},{"damage":0,"enemies":"3 Sentries","floor":6,"turns":1},{"damage":13,"enemies":"Lagavulin","floor":8,"turns":5},{"damage":0,"enemies":"Small Slimes","floor":11,"turns":2},{"damage":30,"enemies":"3 Sentries","floor":13,"turns":5},{"damage":44,"enemies":"Hexaghost","floor":16,"turns":8},{"damage":16,"enemies":"Shell Parasite","floor":18,"turns":6},{"damage":26,"enemies":"2 Thieves","floor":19,"turns":4},{"damage":24,"enemies":"Centurion and Healer","floor":21,"turns":7},{"damage":57,"enemies":"Book of Stabbing","floor":29,"turns":5}],"seed_played":"1008062562687692679","potions_obtained":[{"floor":6,"key":"Weak Potion"},{"floor":8,"key":"FocusPotion"},{"floor":16,"key":"FearPotion"},{"floor":21,"key":"Energy Potion"}],"is_trial":false,"path_per_floor":["M","?","?","M","?","E","R","E","T","R","M","$","E","?","R","B",null,"M","M","?","M","?","R","$","?","T","$","R"],"character_chosen":"DEFECT","items_purchased":["Creative AI","Barrage"],"campfire_rested":4,"item_purchase_floors":[12,24],"current_hp_per_floor":[68,68,61,61,46,46,46,33,33,55,55,55,32,32,56,37,71,55,29,29,5,5,29,29,29,29,29,53,0],"gold":0,"neow_bonus":"THREE_ENEMY_KILL","is_prod":false,"is_daily":false,"chose_seed":false,"campfire_upgraded":1,"win_rate":0,"timestamp":1539729874,"path_taken":["M","?","?","?","?","E","R","E","T","R","M","$","E","?","R","BOSS","M","M","?","M","?","R","$","?","T","$","R","E"],"build_version":"2018-10-11","purchased_purges":2,"victory":false,"max_hp_per_floor":[75,75,75,75,75,75,75,75,75,75,75,75,82,82,82,82,82,82,82,82,82,82,82,82,82,82,82,82,82],"card_choices":[{"not_picked":["Stack","Conserve Battery"],"picked":"Rebound","floor":1},{"not_picked":["Barrage","Hologram"],"picked":"Ball Lightning","floor":4},{"not_picked":["Recycle","Undo","Turbo"],"picked":"SKIP","floor":6},{"not_picked":["Conserve Battery","Darkness"],"picked":"Ball Lightning","floor":8},{"not_picked":["Blizzard","Fusion","Steam Power"],"picked":"SKIP","floor":11},{"not_picked":["Doom and Gloom","Coolheaded"],"picked":"Buffer","floor":13},{"not_picked":["Buffer","Hyperbeam"],"picked":"Core Surge","floor":16},{"not_picked":["Leap","Rebound"],"picked":"Stack+1","floor":18},{"not_picked":["Buffer","Blizzard"],"picked":"Auto Shields","floor":19},{"not_picked":["Steam","Gash"],"picked":"Loop","floor":21}],"player_experience":891498,"relics_obtained":[{"floor":6,"key":"Happy Flower"},{"floor":8,"key":"Pantograph"},{"floor":9,"key":"Blue Candle"},{"floor":13,"key":"Strawberry"},{"floor":26,"key":"Kunai"}],"event_choices":[{"event_name":"Transmorgrifier","player_choice":"Transform","floor":2,"damage_taken":0},{"event_name":"Golden Wing","player_choice":"Card Removal","floor":3,"damage_taken":0},{"event_name":"Shining Light","player_choice":"Entered Light","floor":5,"damage_taken":0},{"event_name":"The Cleric","player_choice":"Card Removal","floor":14,"damage_taken":0},{"event_name":"The Mausoleum","player_choice":"Yes","floor":20,"damage_taken":0},{"event_name":"Drug Dealer","player_choice":"Became Test Subject","floor":22,"damage_taken":0},{"event_name":"Masked Bandits","player_choice":"Paid Fearfully","floor":25,"damage_taken":0}],"is_beta":false,"boss_relics":[{"not_picked":["Empty Cage","Cursed Key"],"picked":"Inserter"}],"items_purged_floors":[12,24],"is_endless":false,"potions_floor_spawned":[6,8,16,21],"killed_by":"Book of Stabbing","ascension_level":12}