{"gold_per_floor":[119,294,308,308,19,19,35,35,84,84,9,24,52,67,67,67],"floor_reached":16,"playtime":1065,"items_purged":["Doubt"],"score":140,"play_id":"ee10352a-e831-4833-b6a4-393decb2eba4","local_time":"20181114153535","is_ascension_mode":true,"campfire_choices":[{"data":"Trip","floor":6,"key":"SMITH"},{"data":"Caltrops","floor":8,"key":"SMITH"},{"data":"Deadly Poison","floor":10,"key":"SMITH"},{"data":"Malaise","floor":15,"key":"SMITH"}],"neow_cost":"PERCENT_DAMAGE","seed_source_timestamp":231830740747,"circlet_count":0,"master_deck":["Defend_G","Defend_G","Defend_G","Defend_G","Defend_G","Strike_G","Strike_G","Strike_G","Strike_G","Strike_G","Survivor","Neutralize","Trip+1","Flash of Steel","Caltrops+1","Escape Plan","Dash","Deadly Poison+1","Dash","Bane","Malaise+1","Bane"],"relics":["Ring of the Snake","Prayer Wheel","Art of War","Boot"],"potions_floor_usage":[7,16],"damage_taken":[{"damage":1,"enemies":"Small Slimes","floor":1,"turns":4},{"damage":4,"enemies":"Jaw Worm","floor":3,"turns":3},{"damage":1,"enemies":"Cultist","floor":7,"turns":5},{"damage":1,"enemies":"Exordium Wildlife","floor":12,"turns":4},{"damage":13,"enemies":"Gremlin Nob","floor":13,"turns":3},{"damage":1,"enemies":"Looter","floor":14,"turns":2},{"damage":51,"enemies":"Slime Boss","floor":16,"turns":8}],"seed_played":"-3671089951133657839","potions_obtained":[{"floor":3,"key":"Regen Potion"},{"floor":12,"key":"FearPotion"},{"floor":14,"key":"Dexterity Potion"}],"is_trial":false,"path_per_floor":["M","?","M","?","$","R","M","R","T","R","$","M","E","M","R","B"],"character_chosen":"THE_SILENT","items_purchased":["Prayer Wheel"],"campfire_rested":0,"item_purchase_floors":[5],"current_hp_per_floor":[44,44,40,45,45,45,58,58,58,58,58,57,44,43,43,0],"gold":67,"neow_bonus":"RANDOM_COLORLESS_2","is_prod":false,"is_daily":false,"chose_seed":false,"campfire_upgraded":4,"win_rate":0,"timestamp":1542238535,"path_taken":["M","?","M","?","$","R","M","R","T","R","$","M","E","M","R","BOSS"],"build_version":"2018-11-08","purchased_purges":1,"victory":false,"max_hp_per_floor":[70,70,70,75,75,75,75,75,75,75,75,75,75,75,75,75],"card_choices":[{"not_picked":["Sucker Punch","Dodge and Roll"],"picked":"Caltrops","floor":1},{"not_picked":["Tactician","Concentrate"],"picked":"Escape Plan","floor":3},{"not_picked":["Slice","Dagger Spray"],"picked":"Dash","floor":7},{"not_picked":["Underhanded Strike","Bane"],"picked":"Deadly Poison","floor":7},{"not_picked":["Riddle With Holes","Cloak And Dagger"],"picked":"Dash","floor":12},{"not_picked":["Acrobatics","Outmaneuver"],"picked":"Bane","floor":12},{"not_picked":["Bane","Deadly Poison"],"picked":"Malaise","floor":13},{"not_picked":["Poisoned Stab","All Out Attack"],"picked":"Bane","floor":14},{"not_picked":["Riddle With Holes","Concentrate","Quick Slash"],"picked":"SKIP","floor":14}],"player_experience":980516,"relics_obtained":[{"floor":9,"key":"Art of War"},{"floor":13,"key":"Boot"}],"event_choices":[{"damage_healed":0,"gold_gain":175,"player_choice":"AGREE","damage_taken":0,"max_hp_gain":0,"max_hp_loss":0,"event_name":"Liars Game","floor":2,"gold_loss":0,"cards_obtained":["Doubt"]},{"damage_healed":0,"gold_gain":0,"player_choice":"Donut","damage_taken":0,"max_hp_gain":5,"max_hp_loss":0,"event_name":"Big Fish","floor":4,"gold_loss":0}],"is_beta":false,"boss_relics":[],"items_purged_floors":[11],"is_endless":false,"potions_floor_spawned":[3,12,14],"killed_by":"Slime Boss","ascension_level":8}