{"gold_per_floor":[119,119,44,63,63,63,63,63,63,77,28,63,82,82,82,205,205,229,242,142,57,57,101,101,116,166,166,181,11,11],"floor_reached":30,"playtime":2218,"items_purged":["The Bomb","Bash","Writhe"],"score":346,"play_id":"e2245cc8-0437-4acc-870f-3b1b3565916f","local_time":"20181105105358","daily_mods":["Allstar","Colorless Cards"],"is_ascension_mode":false,"campfire_choices":[{"data":"Panache","floor":6.0,"key":"SMITH"},{"data":"Impatience","floor":8.0,"key":"SMITH"},{"floor":15.0,"key":"REST"},{"data":"Thinking Ahead","floor":24,"key":"SMITH"}],"neow_cost":"","seed_source_timestamp":0,"circlet_count":0,"master_deck":["Defend_R","Defend_R","Defend_R","Defend_R+1","Impatience","Dramatic Entrance","Impatience+1","Panache+1","Dark Shackles+1","Evolve","Impatience","Flex","Flex","Burning Pact","Thinking Ahead+1","Rage","Flex","Bite","Bite","Bite","Bite","Bite","Bandage Up","Flex"],"special_seed":0,"relics":["Unceasing Top","Golden Idol","Potion Belt","Art of War","Champion Belt","Sozu","Omamori","Red Skull","Strawberry"],"potions_floor_usage":[16,28],"damage_taken":[{"damage":0.0,"enemies":"Cultist","floor":1.0,"turns":2.0},{"damage":0.0,"enemies":"2 Louse","floor":4.0,"turns":2.0},{"damage":10.0,"enemies":"Jaw Worm","floor":10.0,"turns":4.0},{"damage":5.0,"enemies":"3 Sentries","floor":12.0,"turns":5.0},{"damage":12.0,"enemies":"Blue Slaver","floor":13.0,"turns":3.0},{"damage":0,"enemies":"Slime Boss","floor":16,"turns":7},{"damage":0,"enemies":"Chosen","floor":18,"turns":4},{"damage":24,"enemies":"Spheric Guardian","floor":19,"turns":4},{"damage":31,"enemies":"Gremlin Leader","floor":23,"turns":6},{"damage":21,"enemies":"3 Cultists","floor":25,"turns":5},{"damage":28,"enemies":"Snake Plant","floor":28,"turns":4},{"damage":16,"enemies":"Shelled Parasite and Fungi","floor":30,"turns":2}],"seed_played":"513650424322683633","potions_obtained":[{"floor":4.0,"key":"SteroidPotion"},{"floor":16,"key":"SpeedPotion"}],"is_trial":true,"path_per_floor":["M","?","$","M","?","R","?","R","T","M","$","E","M","?","R","B",null,"M","M","$","?","?","E","R","M","T","?","M","$","M"],"character_chosen":"IRONCLAD","items_purchased":["Flex","Flex"],"campfire_rested":1,"item_purchase_floors":[11,29],"current_hp_per_floor":[80,60,60,60,44,44,49,49,49,39,39,34,22,10,35,35,85,85,61,61,61,61,32,32,13,20,20,4,4,0],"gold":11,"neow_bonus":"","is_prod":false,"is_daily":false,"chose_seed":false,"campfire_upgraded":3,"win_rate":0,"timestamp":1541444038,"path_taken":["M","?","$","M","?","R","?","R","T","M","?","E","M","?","R","BOSS","M","M","$","?","?","E","R","M","T","?","M","?","?"],"build_version":"2018-11-01","purchased_purges":3,"victory":false,"max_hp_per_floor":[80,80,80,80,80,80,85,85,85,85,85,85,85,85,85,85,85,85,85,85,85,85,85,85,85,92,92,92,92,92],"card_choices":[{"not_picked":["Clothesline","Flame Barrier"],"picked":"Dark Shackles","floor":1.0},{"not_picked":["Armaments","Evolve","Body Slam"],"picked":"SKIP","floor":4.0},{"not_picked":["Armaments","Evolve","Body Slam"],"picked":"SKIP","floor":4.0},{"not_picked":["Armaments","Body Slam"],"picked":"Evolve","floor":4.0},{"not_picked":["Cleave","Combust"],"picked":"Impatience","floor":10.0},{"not_picked":["Dark Shackles","Heavy Blade"],"picked":"Flex","floor":12.0},{"not_picked":["Uppercut","Whirlwind"],"picked":"Burning Pact","floor":13.0},{"not_picked":["Sadistic Nature","The Bomb"],"picked":"Thinking Ahead","floor":16},{"not_picked":["Fire Breathing","Sword Boomerang+1"],"picked":"Rage","floor":18},{"not_picked":["Perfected Strike","Hemokinesis","Armaments"],"picked":"SKIP","floor":19},{"not_picked":["Sword Boomerang","Carnage"],"picked":"Flex","floor":23},{"not_picked":["Wild Strike","Clothesline","Sever Soul"],"picked":"SKIP","floor":25},{"not_picked":["Sword Boomerang","Twin Strike+1"],"picked":"Bandage Up","floor":28}],"player_experience":934038,"relics_obtained":[{"floor":9.0,"key":"Potion Belt"},{"floor":12.0,"key":"Art of War"},{"floor":23,"key":"Red Skull"},{"floor":26,"key":"Strawberry"}],"event_choices":[{"damage_healed":0.0,"max_hp_gain":0.0,"max_hp_loss":0.0,"gold_gain":0.0,"event_name":"Golden Idol","player_choice":"Take Damage","floor":2.0,"gold_loss":0.0,"damage_taken":20.0,"relics_obtained":["Golden Idol"]},{"damage_healed":0.0,"max_hp_gain":0.0,"max_hp_loss":0.0,"gold_gain":0.0,"event_name":"Shining Light","player_choice":"Entered Light","floor":5.0,"gold_loss":0.0,"damage_taken":16.0,"cards_upgraded":["Dark Shackles","Defend_R"]},{"damage_healed":0.0,"max_hp_gain":5.0,"max_hp_loss":0.0,"gold_gain":0.0,"event_name":"Big Fish","player_choice":"Donut","floor":7.0,"gold_loss":0.0,"damage_taken":0.0},{"damage_healed":0.0,"max_hp_gain":0.0,"max_hp_loss":0.0,"gold_gain":0.0,"event_name":"Scrap Ooze","player_choice":"Success","floor":14.0,"gold_loss":0.0,"damage_taken":12.0,"relics_obtained":["Champion Belt"]},{"damage_healed":0,"gold_gain":0,"player_choice":"Obtained Relic","damage_taken":0,"relics_obtained":["Blood Vial"],"max_hp_gain":0,"max_hp_loss":0,"event_name":"Addict","floor":21,"gold_loss":85},{"damage_healed":0,"gold_gain":0,"player_choice":"Opened","damage_taken":0,"relics_obtained":["Omamori"],"max_hp_gain":0,"max_hp_loss":0,"event_name":"The Mausoleum","floor":22,"gold_loss":0,"cards_obtained":["Writhe"]},{"damage_healed":0,"gold_gain":0,"player_choice":"Became a vampire (Vial)","damage_taken":0,"max_hp_gain":0,"max_hp_loss":0,"event_name":"Vampires","floor":27,"relics_lost":["Blood Vial"],"gold_loss":0,"cards_obtained":["Bite","Bite","Bite","Bite","Bite"]}],"is_beta":false,"boss_relics":[{"not_picked":["Pandora\u0027s Box","Cursed Key"],"picked":"Sozu"}],"items_purged_floors":[3,20,29],"is_endless":false,"potions_floor_spawned":[4,16,18],"killed_by":"Shelled Parasite and Fungi","ascension_level":0}