{"gold_per_floor":[113,113,113,132,57,88,103,120,147,147],"floor_reached":10,"playtime":309,"items_purged":["Strike_R"],"score":93,"play_id":"ccac4e9f-6be5-4812-8f48-31811ec94df8","local_time":"20190810222344","is_ascension_mode":false,"campfire_choices":[],"neow_cost":"NONE","seed_source_timestamp":339176491456200,"circlet_count":0,"master_deck":["Strike_R","Strike_R","Strike_R","Defend_R","Defend_R","Defend_R","Defend_R","Bash","Entrench"],"relics":["Burning Blood","NeowsBlessing","Anchor","Blood Vial"],"potions_floor_usage":[],"damage_taken":[{"damage":0,"enemies":"2 Louse","floor":1,"turns":1},{"damage":0,"enemies":"Small Slimes","floor":4,"turns":1},{"damage":0,"enemies":"Lagavulin","floor":6,"turns":3},{"damage":1,"enemies":"Cultist","floor":7,"turns":3},{"damage":3,"enemies":"3 Louse","floor":8,"turns":6},{"damage":21,"enemies":"The Mushroom Lair","floor":10,"turns":4}],"seed_played":"5329967082021556435","potions_obtained":[{"floor":1,"key":"EssenceOfSteel"},{"floor":6,"key":"EssenceOfSteel"}],"is_trial":false,"path_per_floor":["M","?","?","M","$","E","M","M","T","?"],"character_chosen":"IRONCLAD","items_purchased":[],"campfire_rested":0,"item_purchase_floors":[],"current_hp_per_floor":[80,80,80,80,80,80,80,80,80,59],"gold":147,"neow_bonus":"THREE_ENEMY_KILL","is_prod":false,"is_daily":false,"chose_seed":false,"campfire_upgraded":0,"win_rate":0.0,"timestamp":1565439824,"path_taken":["M","?","?","M","$","E","?","M","T","?"],"build_version":"2019-07-17","purchased_purges":1,"victory":false,"max_hp_per_floor":[80,80,80,80,80,80,80,80,80,80],"card_choices":[{"not_picked":["Disarm","Thunderclap","Heavy Blade"],"picked":"SKIP","floor":1},{"not_picked":["Blood for Blood","Anger"],"picked":"Entrench","floor":4},{"not_picked":["Havoc","Anger","Wild Strike"],"picked":"SKIP","floor":6},{"not_picked":["Entrench","Warcry","Cleave"],"picked":"SKIP","floor":7},{"not_picked":["Spot Weakness","Flex","Cleave"],"picked":"SKIP","floor":8}],"player_experience":20079,"relics_obtained":[{"floor":6,"key":"Anchor"},{"floor":9,"key":"Blood Vial"}],"event_choices":[{"damage_healed":0,"gold_gain":0,"player_choice":"Ignored","damage_taken":0,"max_hp_gain":0,"max_hp_loss":0,"event_name":"Golden Idol","floor":2,"gold_loss":0},{"cards_removed":["Strike_R"],"damage_healed":0,"gold_gain":0,"player_choice":"Offered Basic","damage_taken":0,"max_hp_gain":0,"max_hp_loss":0,"event_name":"Bonfire Elementals","floor":3,"gold_loss":0},{"damage_healed":0,"gold_gain":0,"player_choice":"Fought Mushrooms","damage_taken":0,"max_hp_gain":0,"max_hp_loss":0,"event_name":"Mushrooms","floor":10,"gold_loss":0}],"is_beta":false,"boss_relics":[],"items_purged_floors":[5],"is_endless":false,"potions_floor_spawned":[1,6],"killed_by":"The Mushroom Lair","ascension_level":0}