{"gold_per_floor":[117,117,47,47,47,74,74,101,101,119,119,133,146,45,45,119,169,179,197,197,216,216,216,245,264,317,317,29,29,56,73,73,149,149,162,52,105,118,118,118,118,118,142,142,142,157,185,20,20,20],"floor_reached":51,"playtime":3724,"items_purged":["Strike_B","Redo","Writhe"],"score":1308,"play_id":"a1ba187c-b9ba-49d2-9477-913d9bc94586","local_time":"20190808012248","is_ascension_mode":true,"campfire_choices":[{"data":"Zap","floor":7.0,"key":"SMITH"},{"data":"Dualcast","floor":15.0,"key":"SMITH"},{"data":"Capacitor","floor":23.0,"key":"SMITH"},{"floor":29.0,"key":"REST"},{"floor":32.0,"key":"REST"},{"data":"Auto Shields","floor":40.0,"key":"SMITH"},{"floor":45.0,"key":"RECALL"},{"data":"Steam Power","floor":49,"key":"SMITH"}],"neow_cost":"NONE","seed_source_timestamp":783161072002381,"circlet_count":0,"master_deck":["AscendersBane","Defend_B+1","Defend_B+1","Defend_B+1","Zap+1","Dualcast+1","Conserve Battery+1","Ball Lightning+1","Compile Driver+1","Undo+1","Undo+1","Rebound+1","Gash+1","All For One+1","Rebound+1","Cold Snap+1","Capacitor+1","RitualDagger+1","Gash+1","Hyperbeam+1","Undo+1","Gash+1","Auto Shields+1","Hologram+1","Gash+1","All For One+1","Sunder+1","Beam Cell+1","Scrape+1","Compile Driver+1","Buffer+1","Gash+1","PanicButton","Steam Power+1"],"special_seed":0,"relics":["Cracked Core","NeowsBlessing","Symbiotic Virus","Art of War","Molten Egg 2","Tiny House","Strawberry","Regal Pillow","Membership Card","Sundial","Coffee Dripper","Anchor","Gambling Chip","Frozen Egg 2","Bag of Preparation","Mark of the Bloom","Boot"],"potions_floor_usage":[50,50],"damage_taken":[{"damage":0.0,"enemies":"Cultist","floor":1.0,"turns":1.0},{"damage":0.0,"enemies":"Gremlin Nob","floor":6.0,"turns":1.0},{"damage":0.0,"enemies":"Lagavulin","floor":8.0,"turns":1.0},{"damage":2.0,"enemies":"Jaw Worm","floor":10.0,"turns":2.0},{"damage":0.0,"enemies":"Small Slimes","floor":12.0,"turns":2.0},{"damage":0.0,"enemies":"2 Fungi Beasts","floor":13.0,"turns":3.0},{"damage":14.0,"enemies":"The Guardian","floor":16.0,"turns":9.0},{"damage":0.0,"enemies":"Spheric Guardian","floor":18.0,"turns":3.0},{"damage":2.0,"enemies":"Shell Parasite","floor":19.0,"turns":3.0},{"damage":15.0,"enemies":"Snecko","floor":21.0,"turns":5.0},{"damage":19.0,"enemies":"Gremlin Leader","floor":24.0,"turns":7.0},{"damage":24.0,"enemies":"Centurion and Healer","floor":25.0,"turns":3.0},{"damage":21.0,"enemies":"Slavers","floor":30.0,"turns":4.0},{"damage":7.0,"enemies":"Snake Plant","floor":31.0,"turns":4.0},{"damage":20.0,"enemies":"Collector","floor":33.0,"turns":6.0},{"damage":11.0,"enemies":"3 Darklings","floor":35.0,"turns":4.0},{"damage":43.0,"enemies":"2 Orb Walkers","floor":37.0,"turns":3.0},{"damage":0.0,"enemies":"3 Shapes","floor":38.0,"turns":6.0},{"damage":0.0,"enemies":"Sphere and 2 Shapes","floor":46.0,"turns":3.0},{"damage":29.0,"enemies":"Nemesis","floor":47.0,"turns":3.0},{"damage":14,"enemies":"Donu and Deca","floor":50,"turns":6}],"seed_played":"5274439382285876094","potions_obtained":[{"floor":6.0,"key":"Fire Potion"},{"floor":12.0,"key":"Energy Potion"},{"floor":13.0,"key":"Fire Potion"},{"floor":17.0,"key":"Fire Potion"},{"floor":24.0,"key":"Strength Potion"},{"floor":25.0,"key":"Poison Potion"},{"floor":30.0,"key":"Ancient Potion"},{"floor":33.0,"key":"LiquidBronze"},{"floor":35.0,"key":"Weak Potion"},{"floor":38.0,"key":"Strength Potion"},{"floor":47.0,"key":"Regen Potion"}],"is_trial":false,"path_per_floor":["M","T","$","?","?","E","R","E","T","M","?","M","M","$","R","B",null,"M","M","?","M","?","R","E","M","T","?","$","R","E","M","R","B",null,"M","$","?","M","?","R","T","?","T","?","R","M","E","$","R","B",null],"character_chosen":"DEFECT","items_purchased":["Ball Lightning","Compile Driver","Gash+1","Membership Card","Gash+1","Auto Shields","Anchor","Sunder+1","Gash+1","PanicButton","Steam Power"],"campfire_rested":2,"item_purchase_floors":[3,3,14,28,28,28,36,36,48,48,48],"current_hp_per_floor":[64,64,64,64,57,57,57,57,57,55,55,55,55,55,55,41,69,69,67,67,52,46,46,34,10,10,10,10,49,28,21,60,40,72,61,61,18,18,35,35,35,68,68,68,68,68,39,39,39,25],"gold":20,"neow_bonus":"THREE_ENEMY_KILL","is_prod":false,"is_daily":false,"chose_seed":false,"campfire_upgraded":5,"win_rate":0,"timestamp":1565241768,"path_taken":["M","?","$","?","?","E","R","E","T","M","?","M","?","?","R","BOSS","M","M","?","?","?","R","E","M","T","?","$","R","E","M","R","BOSS","M","$","?","M","?","R","?","?","T","?","R","?","E","?","R","BOSS"],"build_version":"2019-07-17","purchased_purges":3,"victory":true,"max_hp_per_floor":[71,71,71,71,71,71,71,71,71,71,71,71,71,71,71,71,76,76,76,76,76,76,76,83,83,83,83,83,83,83,83,83,83,83,83,83,83,83,83,83,83,68,68,68,68,68,68,68,68,68],"card_choices":[{"not_picked":["Stack","Barrage"],"picked":"Conserve Battery","floor":1.0},{"not_picked":["Steam","Beam Cell","Force Field"],"picked":"SKIP","floor":6.0},{"not_picked":["Turbo","Stack"],"picked":"Undo","floor":8.0},{"not_picked":["Turbo","Force Field","Aggregate"],"picked":"SKIP","floor":10.0},{"not_picked":["Recycle","Barrage+1"],"picked":"Rebound+1","floor":12.0},{"not_picked":["Leap","Stack","Redo"],"picked":"SKIP","floor":13.0},{"not_picked":["Buffer","Thunder Strike+1"],"picked":"All For One+1","floor":16.0},{"not_picked":["Stack","Darkness"],"picked":"Rebound+1","floor":17.0},{"not_picked":["Loop","Stack+1"],"picked":"Cold Snap+1","floor":18.0},{"not_picked":["Ball Lightning+1","Sweeping Beam+1"],"picked":"Capacitor","floor":19.0},{"not_picked":["Stack","Streamline+1","Rebound+1"],"picked":"SKIP","floor":21.0},{"not_picked":["Redo","Steam Power"],"picked":"Gash+1","floor":24.0},{"not_picked":["Reprogram","Hologram"],"picked":"Hyperbeam+1","floor":25.0},{"not_picked":["Recycle","Stack"],"picked":"Hologram+1","floor":30.0},{"not_picked":["Storm","Steam Power"],"picked":"Gash+1","floor":31.0},{"not_picked":["Core Surge+1","Hyperbeam+1"],"picked":"All For One+1","floor":33.0},{"not_picked":["Stack","Hologram","Cold Snap+1"],"picked":"SKIP","floor":35.0},{"not_picked":["Sunder+1","Capacitor"],"picked":"Beam Cell+1","floor":37.0},{"not_picked":["Static Discharge+1","Redo"],"picked":"Scrape+1","floor":38.0},{"not_picked":["Doom and Gloom+1","Genetic Algorithm"],"picked":"Compile Driver+1","floor":46.0},{"not_picked":["Go for the Eyes+1","Steam"],"picked":"Buffer+1","floor":47.0}],"player_experience":407779,"relics_obtained":[{"floor":2.0,"key":"Symbiotic Virus"},{"floor":6.0,"key":"Art of War"},{"floor":8.0,"key":"Molten Egg 2"},{"floor":24.0,"key":"Strawberry"},{"floor":26.0,"key":"Regal Pillow"},{"floor":30.0,"key":"Sundial"},{"floor":37.0,"key":"Gambling Chip"},{"floor":41.0,"key":"Frozen Egg 2"},{"floor":43.0,"key":"Bag of Preparation"},{"floor":47.0,"key":"Boot"}],"event_choices":[{"damage_healed":0.0,"max_hp_gain":0.0,"max_hp_loss":0.0,"gold_gain":0.0,"event_name":"Liars Game","player_choice":"Ignored","floor":4.0,"gold_loss":0.0,"damage_taken":0.0},{"cards_removed":["Strike_B"],"damage_healed":0.0,"max_hp_gain":0.0,"max_hp_loss":0.0,"gold_gain":0.0,"event_name":"Golden Wing","player_choice":"Card Removal","floor":5.0,"gold_loss":0.0,"damage_taken":7.0},{"damage_healed":0.0,"max_hp_gain":0.0,"max_hp_loss":0.0,"gold_gain":0.0,"event_name":"Match and Keep!","player_choice":"1 cards matched","floor":11.0,"gold_loss":0.0,"damage_taken":0.0,"cards_obtained":["Undo"]},{"damage_healed":0.0,"max_hp_gain":0.0,"max_hp_loss":0.0,"gold_gain":0.0,"event_name":"Match and Keep!","player_choice":"1 cards matched","floor":11.0,"gold_loss":0.0,"damage_taken":0.0,"cards_obtained":["Undo"]},{"cards_removed":["Strike_B"],"damage_healed":0.0,"max_hp_gain":0.0,"max_hp_loss":0.0,"gold_gain":0.0,"event_name":"Purifier","player_choice":"Purged","floor":20.0,"gold_loss":0.0,"damage_taken":0.0},{"damage_healed":0.0,"max_hp_gain":0.0,"max_hp_loss":0.0,"gold_gain":0.0,"event_name":"Nest","player_choice":"Joined the Cult","floor":22.0,"gold_loss":0.0,"damage_taken":6.0,"cards_obtained":["RitualDagger"]},{"damage_healed":0.0,"max_hp_gain":0.0,"max_hp_loss":0.0,"gold_gain":0.0,"cards_transformed":["Strike_B","Defend_B"],"event_name":"Drug Dealer","player_choice":"Became Test Subject","floor":27.0,"gold_loss":0.0,"damage_taken":0.0,"cards_obtained":["Redo","Undo"]},{"damage_healed":0.0,"max_hp_gain":0.0,"max_hp_loss":0.0,"gold_gain":0.0,"event_name":"Mysterious Sphere","player_choice":"Fight","floor":37.0,"gold_loss":0.0,"damage_taken":0.0},{"damage_healed":17.0,"max_hp_gain":0.0,"max_hp_loss":0.0,"gold_gain":0.0,"event_name":"Winding Halls","player_choice":"Writhe","floor":39.0,"gold_loss":0.0,"damage_taken":0.0,"cards_obtained":["Writhe"]},{"damage_healed":68.0,"max_hp_gain":0.0,"max_hp_loss":15.0,"gold_gain":0.0,"event_name":"The Moai Head","player_choice":"Heal","floor":42.0,"gold_loss":0.0,"damage_taken":0.0},{"damage_healed":0.0,"max_hp_gain":0.0,"max_hp_loss":0.0,"gold_gain":0.0,"event_name":"MindBloom","player_choice":"Upgrade","floor":44.0,"gold_loss":0.0,"damage_taken":0.0,"cards_upgraded":["Defend_B","Defend_B","Conserve Battery","Ball Lightning","Compile Driver","Undo","Undo","Undo"],"relics_obtained":["Mark of the Bloom"]}],"is_beta":false,"boss_relics":[{"not_picked":["Eternal Feather","Velvet Choker"],"picked":"Tiny House"},{"not_picked":["Black Star","FrozenCore"],"picked":"Coffee Dripper"}],"items_purged_floors":[14,28,48],"is_endless":false,"potions_floor_spawned":[6,12,13,24,25,30,33,35,38,47],"ascension_level":15}