{"gold_per_floor":[112,37,47,47,62,97,97,97,97,128,148,172,185,199,199,297,297,314,68,100,190,201,226,226,246,246,169,169,183,214,239,239,340,340,359,374,392,614,209,209,243,256,256,14,14,33,33,62,62,62],"floor_reached":51,"playtime":3244,"items_purged":["Doubt","Defend_R","Strike_R","Defend_R"],"score":855,"play_id":"5d5bb6ed-3766-4adb-8e6c-9a8cb6a55c50","local_time":"20180720193625","is_ascension_mode":false,"campfire_choices":[{"data":"Bash","floor":7.0,"key":"SMITH"},{"data":"Rampage","floor":15.0,"key":"SMITH"},{"data":"Anger","floor":24,"key":"SMITH"},{"data":"Anger","floor":28,"key":"SMITH"},{"data":"Clash","floor":32,"key":"SMITH"},{"data":"Anger","floor":40,"key":"SMITH"},{"data":"Fire Breathing","floor":45,"key":"SMITH"},{"data":"Anger","floor":47,"key":"SMITH"},{"floor":49,"key":"REST"}],"neow_cost":"CURSE","seed_source_timestamp":0,"circlet_count":0,"master_deck":["Strike_R","Strike_R","Defend_R","Bash+1","Clash+1","Flex+1","Rampage+1","Flex+1","Feed","Clash+1","Anger+1","Anger+1","J.A.X.+1","Anger+1","Brutality","Dark Embrace+1","Brutality+1","Double Tap+1","Anger+1","Intimidate+1","Trip+1","Fire Breathing+1","Anger+1","Offering+1"],"special_seed":0,"relics":["Burning Blood","Unceasing Top","Toxic Egg 2","Lantern","Bronze Scales","Odd Mushroom","Black Star","Pen Nib","Red Mask","Singing Bowl","Letter Opener","Juzu Bracelet","Anchor","Happy Flower","Art of War","Astrolabe","HandDrill","Dodecahedron","Smiling Mask","Bottled Tornado","Medical Kit","Regal Pillow","Oddly Smooth Stone"],"potions_floor_usage":[50,50],"damage_taken":[{"damage":15.0,"enemies":"Jaw Worm","floor":1.0,"turns":5.0},{"damage":0.0,"enemies":"Cultist","floor":3.0,"turns":2.0},{"damage":2.0,"enemies":"2 Louse","floor":5.0,"turns":3.0},{"damage":31.0,"enemies":"Lagavulin","floor":6.0,"turns":7.0},{"damage":19.0,"enemies":"3 Sentries","floor":10.0,"turns":8.0},{"damage":4.0,"enemies":"Blue Slaver","floor":11.0,"turns":3.0},{"damage":8.0,"floor":12.0,"turns":3.0},{"damage":2.0,"enemies":"2 Fungi Beasts","floor":13.0,"turns":1.0},{"damage":0.0,"enemies":"Looter","floor":14.0,"turns":1.0},{"damage":31.0,"enemies":"The Guardian","floor":16.0,"turns":7.0},{"damage":5,"enemies":"Chosen","floor":18,"turns":3},{"damage":19,"floor":20,"turns":3},{"damage":0,"enemies":"3 Byrds","floor":22,"turns":3},{"damage":9,"enemies":"Slavers","floor":23,"turns":4},{"damage":0,"enemies":"Sentry and Sphere","floor":25,"turns":1},{"damage":7,"enemies":"Centurion and Healer","floor":29,"turns":2},{"damage":8,"enemies":"Book of Stabbing","floor":30,"turns":2},{"damage":43,"enemies":"Collector","floor":33,"turns":5},{"damage":9,"enemies":"3 Darklings","floor":35,"turns":2},{"damage":1,"enemies":"Orb Walker","floor":36,"turns":2},{"damage":6,"enemies":"Maw","floor":37,"turns":3},{"damage":38,"enemies":"2 Orb Walkers","floor":41,"turns":4},{"damage":12,"enemies":"3 Darklings","floor":42,"turns":3},{"damage":10,"enemies":"Transient","floor":46,"turns":5},{"damage":8,"enemies":"Nemesis","floor":48,"turns":1},{"damage":52,"enemies":"Awakened One","floor":50,"turns":3}],"seed_played":"-6369813182045038198","potions_obtained":[{"floor":5.0,"key":"Energy Potion"},{"floor":6.0,"key":"Weak Potion"},{"floor":10.0,"key":"Block Potion"},{"floor":12.0,"key":"Energy Potion"},{"floor":16.0,"key":"Fire Potion"}],"is_trial":false,"path_per_floor":["M","$","M","?","M","E","R","?","T","E","M","?","M","M","R","B",null,"M","$","?","?","M","E","R","M","T","?","R","M","E","T","R","B",null,"M","M","M","?","$","R","E","M","T","$","R","M","R","E","R","B"],"character_chosen":"IRONCLAD","items_purchased":["Pen Nib","HandDrill","Trip+1","Medical Kit"],"campfire_rested":1,"item_purchase_floors":[19,39,39,44],"current_hp_per_floor":[71,71,77,77,80,55,55,55,55,42,44,42,46,52,52,27,80,83,83,73,57,66,65,65,71,71,71,71,72,70,70,70,33,93,92,98,98,98,98,98,66,60,60,60,60,56,56,56,100,54],"gold":62,"neow_bonus":"ONE_RARE_RELIC","is_prod":false,"is_daily":false,"chose_seed":false,"campfire_upgraded":8,"win_rate":0,"timestamp":1532140585,"path_taken":["M","$","M","?","M","E","R","?","T","E","M","?","M","?","R","BOSS","M","$","?","?","M","E","R","M","T","?","R","M","E","?","R","BOSS","M","M","M","?","?","R","E","M","T","$","R","M","R","E","R","BOSS"],"build_version":"2018-07-19v2","purchased_purges":4,"victory":true,"max_hp_per_floor":[80,80,80,80,80,80,80,80,80,80,80,80,80,80,80,80,80,83,83,86,86,89,91,91,91,91,91,91,93,93,93,93,93,93,95,98,98,98,98,98,98,98,98,98,98,98,98,100,100,100],"card_choices":[{"not_picked":["Body Slam","Bloodletting"],"picked":"Clash","floor":1.0},{"not_picked":["Iron Wave","Burning Pact","Clothesline"],"picked":"SKIP","floor":3.0},{"not_picked":["Twin Strike","Headbutt","Uppercut"],"picked":"SKIP","floor":5.0},{"not_picked":["Spot Weakness","Thunderclap"],"picked":"Flex","floor":6.0},{"not_picked":["Pommel Strike","Juggernaut","Twin Strike"],"picked":"SKIP","floor":10.0},{"not_picked":["Body Slam","Pommel Strike"],"picked":"Rampage","floor":11.0},{"not_picked":["Infernal Blade+1","Armaments+1"],"picked":"Flex+1","floor":12.0},{"not_picked":["Twin Strike","Dropkick","Perfected Strike"],"picked":"SKIP","floor":13.0},{"not_picked":["Warcry+1","Wild Strike","Armaments+1"],"picked":"SKIP","floor":14.0},{"not_picked":["Brutality","Berserk"],"picked":"Feed","floor":16.0},{"not_picked":["Searing Blow","Corruption"],"picked":"Clash","floor":18},{"not_picked":["Uppercut","Dual Wield+1"],"picked":"Anger","floor":22},{"not_picked":["Iron Wave+1","Berserk","Burning Pact+1"],"picked":"Singing Bowl","floor":23},{"not_picked":["Burning Pact+1","Whirlwind"],"picked":"Anger","floor":25},{"not_picked":["Pummel","Flame Barrier+1","Body Slam"],"picked":"Singing Bowl","floor":29},{"not_picked":["Pommel Strike+1","Reckless Charge"],"picked":"Anger+1","floor":30},{"not_picked":["Demon Form","Feed"],"picked":"Brutality","floor":33},{"not_picked":["Entrench+1","Warcry+1","Headbutt"],"picked":"Singing Bowl","floor":35},{"not_picked":["Wild Strike","Inflame+1"],"picked":"Anger","floor":36},{"not_picked":["Hemokinesis","Twin Strike"],"picked":"Intimidate+1","floor":37},{"not_picked":["Ghostly Armor+1","Wild Strike+1"],"picked":"Fire Breathing","floor":41},{"not_picked":["Carnage","Clothesline"],"picked":"Anger","floor":42},{"not_picked":["Flame Barrier+1","Headbutt+1"],"picked":"Offering+1","floor":46},{"not_picked":["Clothesline+1","Cleave","True Grit+1"],"picked":"Singing Bowl","floor":48}],"player_experience":497279,"relics_obtained":[{"floor":6.0,"key":"Toxic Egg 2"},{"floor":9.0,"key":"Lantern"},{"floor":10.0,"key":"Bronze Scales"},{"floor":12.0,"key":"Odd Mushroom"},{"floor":20,"key":"Red Mask"},{"floor":23,"key":"Singing Bowl"},{"floor":23,"key":"Letter Opener"},{"floor":26,"key":"Juzu Bracelet"},{"floor":30,"key":"Anchor"},{"floor":30,"key":"Happy Flower"},{"floor":31,"key":"Art of War"},{"floor":41,"key":"Dodecahedron"},{"floor":41,"key":"Smiling Mask"},{"floor":43,"key":"Bottled Tornado"},{"floor":48,"key":"Regal Pillow"},{"floor":48,"key":"Oddly Smooth Stone"}],"event_choices":[{"event_name":"Accursed Blacksmith","player_choice":"Forge","floor":4.0,"damage_taken":0.0},{"event_name":"Living Wall","player_choice":"Forget","floor":8.0,"damage_taken":0.0},{"event_name":"Mushrooms","player_choice":"Fought Mushrooms","floor":12.0,"damage_taken":0.0},{"event_name":"Masked Bandits","player_choice":"Fought over 68 gold","floor":20,"damage_taken":0},{"event_name":"Knowing Skull","player_choice":"GOLD ","floor":21,"damage_taken":0},{"event_name":"Drug Dealer","player_choice":"Got JAXXED","floor":27,"damage_taken":0},{"event_name":"Tomb of Lord Red Mask","player_choice":"Wore Mask","floor":38,"damage_taken":0}],"is_beta":false,"boss_relics":[{"not_picked":["Pandora\u0027s Box","Mark of Pain"],"picked":"Black Star"},{"not_picked":["White Beast Statue","Calling Bell"],"picked":"Astrolabe"}],"items_purged_floors":[2,19,39,44],"is_endless":false,"potions_floor_spawned":[5,6,10,12,16,18,20,29,37,41],"ascension_level":0}