{"gold_per_floor":[114,129,129,149,160,160,195,195,266,283,309,321,344,372,384,499,511,539,551,21,21,21,50,50,77,104,104,120,146,146,173,173,273,273,289,289,305,527,527,527,558,141,166,191,209,209,226,251,251,251,251,251,8,43,43],"floor_reached":56,"playtime":6063,"items_purged":["Writhe","Strike_B"],"score":2177,"play_id":"a9c918d0-8156-4444-8cf3-813eb5eae860","local_time":"20190806112754","is_ascension_mode":true,"campfire_choices":[{"data":"Zap","floor":6.0,"key":"SMITH"},{"data":"Tempest","floor":8.0,"key":"SMITH"},{"data":"Loop","floor":15.0,"key":"SMITH"},{"data":"Genetic Algorithm","floor":24,"key":"SMITH"},{"data":"Hyperbeam","floor":27,"key":"SMITH"},{"data":"Beam Cell","floor":32,"key":"SMITH"},{"data":"Seek","floor":40,"key":"SMITH"},{"floor":49,"key":"RECALL"},{"data":"Seek","floor":52,"key":"SMITH"}],"neow_cost":"PERCENT_DAMAGE","seed_source_timestamp":644255303019078,"circlet_count":0,"master_deck":["AscendersBane","Strike_B+1","Defend_B","Defend_B","Defend_B+1","Defend_B+1","Zap+1","Dualcast+1","Ball Lightning","Tempest+1","Cold Snap","Gash","Loop+1","Glacier","Conserve Battery","Ball Lightning","Seek+1","Go for the Eyes+1","Hyperbeam+1","Streamline","Genetic Algorithm+1","Ghostly","Ghostly","Ghostly","Ghostly","Ghostly","Beam Cell+1","Seek+1","Machine Learning","Hologram+1","Madness","Madness","Defragment+1","Echo Form+1","Conserve Battery+1"],"special_seed":0,"relics":["Cracked Core","Gambling Chip","Unceasing Top","Cables","MawBank","Black Star","War Paint","DataDisk","Singing Bowl","Oddly Smooth Stone","PreservedInsect","Art of War","Dead Branch","Dream Catcher","Red Mask","Ornamental Fan","Letter Opener","Sozu","Frozen Egg 2","Happy Flower","Symbiotic Virus","Strawberry","Boot","Centennial Puzzle","Regal Pillow","Orichalcum","Bag of Preparation","Mercury Hourglass","Bag of Marbles","Bottled Flame"],"potions_floor_usage":[25,25,30,31],"damage_taken":[{"damage":2.0,"enemies":"Jaw Worm","floor":1.0,"turns":3.0},{"damage":0.0,"enemies":"Small Slimes","floor":2.0,"turns":3.0},{"damage":0.0,"enemies":"2 Louse","floor":4.0,"turns":2.0},{"damage":5.0,"enemies":"2 Fungi Beasts","floor":5.0,"turns":3.0},{"damage":8.0,"enemies":"3 Sentries","floor":7.0,"turns":7.0},{"damage":0.0,"enemies":"3 Louse","floor":10.0,"turns":2.0},{"damage":14.0,"enemies":"Gremlin Nob","floor":11.0,"turns":3.0},{"damage":11.0,"enemies":"Exordium Thugs","floor":13.0,"turns":3.0},{"damage":0.0,"enemies":"Blue Slaver","floor":14.0,"turns":3.0},{"damage":0.0,"enemies":"Slime Boss","floor":16.0,"turns":9.0},{"damage":30.0,"enemies":"3 Byrds","floor":18.0,"turns":4.0},{"damage":5,"enemies":"Book of Stabbing","floor":23,"turns":7},{"damage":3,"enemies":"Gremlin Leader","floor":25,"turns":7},{"damage":0,"enemies":"Chosen","floor":28,"turns":4},{"damage":0,"enemies":"Masked Bandits","floor":29,"turns":1},{"damage":0,"enemies":"Slavers","floor":31,"turns":3},{"damage":2,"enemies":"Automaton","floor":33,"turns":8},{"damage":0,"enemies":"Orb Walker","floor":35,"turns":3},{"damage":0,"enemies":"3 Darklings","floor":37,"turns":3},{"damage":0,"enemies":"Reptomancer","floor":41,"turns":3},{"damage":0,"enemies":"Giant Head","floor":44,"turns":4},{"damage":0,"enemies":"4 Shapes","floor":45,"turns":1},{"damage":0,"enemies":"Writhing Mass","floor":47,"turns":4},{"damage":0,"enemies":"Reptomancer","floor":48,"turns":3},{"damage":0,"enemies":"Donu and Deca","floor":50,"turns":9},{"damage":0,"enemies":"Shield and Spear","floor":54,"turns":4},{"damage":27,"enemies":"The Heart","floor":55,"turns":10}],"seed_played":"-802909203085350424","potions_obtained":[{"floor":4.0,"key":"Regen Potion"},{"floor":5.0,"key":"SkillPotion"},{"floor":11.0,"key":"Swift Potion"},{"floor":13.0,"key":"Explosive Potion"},{"floor":14.0,"key":"FearPotion"},{"floor":18.0,"key":"PowerPotion"},{"floor":23,"key":"Block Potion"},{"floor":29,"key":"SkillPotion"},{"floor":30,"key":"Fruit Juice"},{"floor":30,"key":"FairyPotion"},{"floor":30,"key":"SkillPotion"}],"is_trial":false,"path_per_floor":["M","M","?","M","M","R","E","R","T","M","E","T","M","M","R","B",null,"M","?","$","?","?","E","R","E","T","R","M","?","?","E","R","B",null,"M","?","M","?","?","R","E","$","T","E","M","?","M","E","R","B",null,"R","$","E","B",null],"character_chosen":"DEFECT","items_purchased":["DataDisk","Hyperbeam","Singing Bowl","Defragment+1","Symbiotic Virus","Mercury Hourglass"],"campfire_rested":0,"item_purchase_floors":[20,20,20,42,42,53],"current_hp_per_floor":[48,48,33,33,28,28,35,35,35,35,21,21,10,10,10,10,59,29,29,29,29,29,26,26,25,25,25,25,27,32,32,32,30,44,46,48,48,48,41,41,43,43,50,50,52,52,54,54,54,54,62,62,62,64,37],"gold":43,"neow_bonus":"ONE_RARE_RELIC","is_prod":false,"is_daily":false,"chose_seed":false,"campfire_upgraded":8,"win_rate":0,"timestamp":1565105274,"path_taken":["M","M","?","M","M","R","E","R","T","M","E","?","M","M","R","BOSS","M","?","$","?","?","E","R","E","T","R","M","?","?","E","R","BOSS","M","?","M","?","?","R","E","$","T","E","M","?","M","E","R","BOSS","R","$","E","BOSS"],"build_version":"2019-07-17","purchased_purges":2,"victory":true,"max_hp_per_floor":[75,75,75,75,75,75,75,75,75,75,75,75,75,75,75,75,75,75,75,75,75,37,39,39,41,41,41,41,43,48,48,48,48,48,50,52,52,52,52,52,54,54,61,61,63,63,65,65,65,65,65,65,65,67,67],"card_choices":[{"not_picked":["Cold Snap","Leap"],"picked":"Ball Lightning","floor":1.0},{"not_picked":["Double Energy","Streamline","Sweeping Beam"],"picked":"SKIP","floor":2.0},{"not_picked":["Amplify","Beam Cell"],"picked":"Tempest","floor":4.0},{"not_picked":["Hello World","Gash"],"picked":"Cold Snap","floor":5.0},{"not_picked":["Undo","Scrape"],"picked":"Gash","floor":7.0},{"not_picked":["Hello World","Buffer"],"picked":"Loop","floor":10.0},{"not_picked":["Blizzard","Go for the Eyes"],"picked":"Glacier","floor":11.0},{"not_picked":["Fusion","Compile Driver"],"picked":"Conserve Battery","floor":13.0},{"not_picked":["Turbo","FTL"],"picked":"Ball Lightning","floor":14.0},{"not_picked":["Core Surge","Rainbow"],"picked":"Seek","floor":16.0},{"not_picked":["Ball Lightning","Turbo+1"],"picked":"Go for the Eyes+1","floor":18.0},{"not_picked":["Stack","Doom and Gloom","Streamline"],"picked":"Singing Bowl","floor":23},{"not_picked":["Fusion","Streamline","Force Field"],"picked":"Singing Bowl","floor":25},{"not_picked":["Cold Snap","Stack"],"picked":"Beam Cell","floor":28},{"not_picked":["Compile Driver","Storm+1","Streamline"],"picked":"Singing Bowl","floor":29},{"not_picked":["Steam","Fusion"],"picked":"Seek","floor":31},{"not_picked":["Hyperbeam","Creative AI"],"picked":"Machine Learning","floor":33},{"not_picked":["Barrage+1","Ball Lightning","Rebound"],"picked":"Singing Bowl","floor":35},{"not_picked":["Impatience","Enlightenment","Magnetism"],"picked":"Singing Bowl","floor":36},{"not_picked":["Ball Lightning","Darkness+1"],"picked":"Hologram+1","floor":37},{"not_picked":["Self Repair+1","Melter","Blizzard+1"],"picked":"Singing Bowl","floor":41},{"not_picked":["Cold Snap+1","Coolheaded+1"],"picked":"Echo Form+1","floor":44},{"not_picked":["Leap+1","Consume","Lockon"],"picked":"Singing Bowl","floor":45},{"not_picked":["Steam+1","Double Energy","Conserve Battery"],"picked":"Singing Bowl","floor":47},{"not_picked":["Rebound","Chaos"],"picked":"Conserve Battery+1","floor":48},{"not_picked":["Steam+1","Storm+1","Rip and Tear"],"picked":"Singing Bowl","floor":54}],"player_experience":368826,"relics_obtained":[{"floor":7.0,"key":"Unceasing Top"},{"floor":9.0,"key":"Cables"},{"floor":11.0,"key":"MawBank"},{"floor":23,"key":"Oddly Smooth Stone"},{"floor":23,"key":"PreservedInsect"},{"floor":25,"key":"Art of War"},{"floor":25,"key":"Dead Branch"},{"floor":26,"key":"Dream Catcher"},{"floor":29,"key":"Red Mask"},{"floor":31,"key":"Ornamental Fan"},{"floor":31,"key":"Letter Opener"},{"floor":41,"key":"Frozen Egg 2"},{"floor":41,"key":"Happy Flower"},{"floor":43,"key":"Strawberry"},{"floor":44,"key":"Boot"},{"floor":44,"key":"Centennial Puzzle"},{"floor":48,"key":"Orichalcum"},{"floor":48,"key":"Bag of Preparation"},{"floor":54,"key":"Bag of Marbles"},{"floor":54,"key":"Bottled Flame"}],"event_choices":[{"damage_healed":0.0,"max_hp_gain":0.0,"max_hp_loss":0.0,"gold_gain":0.0,"event_name":"Shining Light","player_choice":"Entered Light","floor":3.0,"gold_loss":0.0,"damage_taken":15.0,"cards_upgraded":["Dualcast","Strike_B"]},{"damage_healed":0.0,"max_hp_gain":0.0,"max_hp_loss":0.0,"gold_gain":0.0,"event_name":"The Mausoleum","player_choice":"Opened","floor":19.0,"gold_loss":0.0,"damage_taken":0.0,"relics_obtained":["War Paint"],"cards_obtained":["Writhe"]},{"damage_healed":0.0,"max_hp_gain":0.0,"max_hp_loss":0.0,"gold_gain":0.0,"cards_transformed":["Strike_B","Strike_B"],"event_name":"Drug Dealer","player_choice":"Became Test Subject","floor":21.0,"gold_loss":0.0,"damage_taken":0.0,"cards_obtained":["Streamline","Genetic Algorithm"]},{"damage_healed":0.0,"max_hp_gain":0.0,"max_hp_loss":38.0,"gold_gain":0.0,"event_name":"Ghosts","player_choice":"Became a Ghost","floor":22.0,"gold_loss":0.0,"damage_taken":0.0,"cards_obtained":["Ghostly","Ghostly","Ghostly","Ghostly","Ghostly"]},{"damage_healed":0,"gold_gain":0,"player_choice":"Fought Bandits","damage_taken":0,"max_hp_gain":0,"max_hp_loss":0,"event_name":"Masked Bandits","floor":29,"gold_loss":0},{"damage_healed":0,"gold_gain":0,"player_choice":"Got Potions","damage_taken":0,"max_hp_gain":0,"max_hp_loss":0,"event_name":"Lab","floor":30,"gold_loss":0},{"damage_healed":0,"gold_gain":0,"player_choice":"Memory 1","damage_taken":0,"max_hp_gain":0,"max_hp_loss":0,"event_name":"SensoryStone","floor":36,"gold_loss":0},{"damage_healed":0,"gold_gain":222,"player_choice":"Wore Mask","damage_taken":0,"max_hp_gain":0,"max_hp_loss":0,"event_name":"Tomb of Lord Red Mask","floor":38,"gold_loss":0},{"damage_healed":0,"gold_gain":0,"player_choice":"Embrace Madness","damage_taken":7,"max_hp_gain":0,"max_hp_loss":0,"event_name":"Winding Halls","floor":39,"gold_loss":0,"cards_obtained":["Madness","Madness"]},{"damage_healed":0,"gold_gain":0,"player_choice":"Gave Potion","damage_taken":0,"relics_obtained":["Regal Pillow"],"max_hp_gain":0,"max_hp_loss":0,"event_name":"WeMeetAgain","floor":46,"gold_loss":0}],"is_beta":false,"boss_relics":[{"not_picked":["Fusion Hammer","Calling Bell"],"picked":"Black Star"},{"not_picked":["Busted Crown","Runic Dome"],"picked":"Sozu"}],"items_purged_floors":[20,42],"is_endless":false,"potions_floor_spawned":[4,5,11,13,14,18,23,29,35,37,44,54],"ascension_level":10}