{"gold_per_floor":[115,133,148,159,173,173,204,204,228,238,50,50,79,79,79,181,231,245,245,265,190,204,204,204],"floor_reached":24,"playtime":1972,"items_purged":["Strike_R"],"score":208,"play_id":"c4473fed-bd52-45fd-8196-4fa51b727322","local_time":"20190810181412","is_ascension_mode":false,"campfire_choices":[{"data":"Searing Blow","floor":6,"key":"SMITH"},{"floor":8,"key":"REST"},{"data":"Searing Blow+1","floor":12,"key":"SMITH"},{"floor":15,"key":"REST"},{"floor":23,"key":"REST"}],"neow_cost":"NONE","seed_source_timestamp":15919607812600,"circlet_count":0,"master_deck":["Strike_R","Strike_R","Strike_R+1","Defend_R","Defend_R","Defend_R","Defend_R","Bash","Bludgeon+1","Searing Blow+2","Inflame","Armaments+1","Second Wind","Metallicize","Corruption","Decay","Flex","Bloodletting","Intimidate","Flex"],"relics":["Burning Blood","Whetstone","Bag of Marbles","Centennial Puzzle","Tiny House"],"potions_floor_usage":[7,16,16,22,22],"damage_taken":[{"damage":0,"enemies":"Cultist","floor":1,"turns":2},{"damage":8,"enemies":"2 Louse","floor":2,"turns":3},{"damage":11,"enemies":"Jaw Worm","floor":3,"turns":2},{"damage":16,"enemies":"Blue Slaver","floor":4,"turns":4},{"damage":24,"enemies":"Exordium Wildlife","floor":5,"turns":4},{"damage":41,"enemies":"Lagavulin","floor":7,"turns":8},{"damage":13,"enemies":"Large Slime","floor":10,"turns":5},{"damage":21,"enemies":"3 Sentries","floor":13,"turns":6},{"damage":24,"enemies":"Hexaghost","floor":16,"turns":10},{"damage":17,"enemies":"2 Thieves","floor":18,"turns":4},{"damage":49,"enemies":"3 Byrds","floor":20,"turns":9},{"damage":27,"enemies":"Centurion and Healer","floor":22,"turns":7},{"damage":42,"enemies":"Gremlin Leader","floor":24,"turns":4}],"seed_played":"-2591339104305108711","potions_obtained":[{"floor":1,"key":"GamblersBrew"},{"floor":7,"key":"Swift Potion"},{"floor":13,"key":"Regen Potion"},{"floor":16,"key":"EntropicBrew"},{"floor":17,"key":"SpeedPotion"},{"floor":18,"key":"Dexterity Potion"},{"floor":20,"key":"Fire Potion"}],"is_trial":false,"path_per_floor":["M","M","M","M","M","R","E","R","T","M","$","R","E","?","R","B",null,"M","?","M","?","M","R","E"],"character_chosen":"IRONCLAD","items_purchased":["Second Wind","Metallicize"],"campfire_rested":3,"item_purchase_floors":[11,11],"current_hp_per_floor":[80,78,73,63,45,45,10,34,34,27,27,27,12,12,36,33,85,74,74,31,31,10,35,0],"gold":204,"neow_bonus":"ONE_RANDOM_RARE_CARD","is_prod":false,"is_daily":false,"chose_seed":false,"campfire_upgraded":2,"win_rate":0.0,"timestamp":1565432052,"path_taken":["M","?","?","M","M","R","E","R","T","M","$","R","E","?","R","BOSS","M","?","M","?","M","R","E"],"build_version":"2019-07-17","purchased_purges":1,"victory":false,"max_hp_per_floor":[80,80,80,80,80,80,80,80,80,80,80,80,80,80,80,80,85,85,85,85,85,85,85,85],"card_choices":[{"not_picked":["Bloodletting","Thunderclap","Iron Wave"],"picked":"SKIP","floor":1},{"not_picked":["Ghostly Armor","Heavy Blade"],"picked":"Searing Blow","floor":2},{"not_picked":["Twin Strike","Thunderclap","Iron Wave"],"picked":"SKIP","floor":3},{"not_picked":["Evolve","Pommel Strike","Shrug It Off"],"picked":"SKIP","floor":4},{"not_picked":["Shrug It Off","Battle Trance","Sword Boomerang"],"picked":"SKIP","floor":5},{"not_picked":["Evolve","Thunderclap"],"picked":"Inflame","floor":7},{"not_picked":["Body Slam","Dropkick"],"picked":"Armaments","floor":10},{"not_picked":["Anger","Immolate"],"picked":"Corruption","floor":13},{"not_picked":["Sword Boomerang","True Grit"],"picked":"Flex","floor":17},{"not_picked":["Shrug It Off","Armaments"],"picked":"Bloodletting","floor":18},{"not_picked":["Feel No Pain","Corruption"],"picked":"Intimidate","floor":20},{"not_picked":["Bludgeon","Shockwave"],"picked":"Flex","floor":22}],"player_experience":31009,"relics_obtained":[{"floor":7,"key":"Whetstone"},{"floor":9,"key":"Bag of Marbles"},{"floor":13,"key":"Centennial Puzzle"}],"event_choices":[{"damage_healed":0,"gold_gain":0,"player_choice":"Cursed","damage_taken":0,"max_hp_gain":0,"max_hp_loss":0,"event_name":"Wheel of Change","floor":14,"gold_loss":0,"cards_obtained":["Decay"]},{"damage_healed":0,"gold_gain":0,"player_choice":"Ignored","damage_taken":0,"max_hp_gain":0,"max_hp_loss":0,"event_name":"Ghosts","floor":19,"gold_loss":0},{"cards_removed":["Strike_R"],"damage_healed":0,"gold_gain":0,"player_choice":"Gave Gold","damage_taken":0,"max_hp_gain":0,"max_hp_loss":0,"event_name":"Beggar","floor":21,"gold_loss":75}],"is_beta":false,"boss_relics":[{"not_picked":["Orrery","Ectoplasm"],"picked":"Tiny House"}],"items_purged_floors":[11],"is_endless":false,"potions_floor_spawned":[1,7,13,16,18,20],"killed_by":"Gremlin Leader","ascension_level":0}