{"gold_per_floor":[109,184,200,10,26,57,57,57,57,57,92,142,156,156],"floor_reached":14,"playtime":666,"items_purged":["Defend_R"],"score":147,"play_id":"226c685a-5d3d-44f8-82ae-3fa50a018a78","local_time":"20180925091258","is_ascension_mode":true,"campfire_choices":[{"data":"Rampage","floor":7,"key":"SMITH"},{"floor":10,"key":"REST"}],"neow_cost":"NONE","seed_source_timestamp":543335776939261,"circlet_count":0,"master_deck":["Strike_R","Strike_R","Strike_R","Strike_R","Defend_R","Defend_R","Defend_R","Bash","AscendersBane","Rage","Rampage+1","Bloodletting","Dark Embrace+1"],"relics":["Burning Blood","The Courier","Molten Egg 2","Art of War","Dream Catcher"],"potions_floor_usage":[11],"damage_taken":[{"damage":12,"enemies":"Jaw Worm","floor":1,"turns":4},{"damage":0,"enemies":"2 Louse","floor":3,"turns":3},{"damage":0,"enemies":"Cultist","floor":5,"turns":3},{"damage":37,"enemies":"3 Sentries","floor":6,"turns":10},{"damage":19,"enemies":"Lagavulin","floor":11,"turns":7},{"damage":43,"enemies":"Exordium Wildlife","floor":13,"turns":6},{"damage":15,"enemies":"Blue Slaver","floor":14,"turns":2}],"seed_played":"-5478756654560212577","potions_obtained":[{"floor":5,"key":"Weak Potion"},{"floor":6,"key":"LiquidBronze"}],"is_trial":false,"path_per_floor":["M","?","M","$","M","E","R","?","T","R","E","T","M"],"character_chosen":"IRONCLAD","items_purchased":["Rampage","Bloodletting"],"campfire_rested":1,"item_purchase_floors":[4,4],"current_hp_per_floor":[66,55,61,61,67,36,36,36,36,60,47,47,10,0],"gold":156,"neow_bonus":"TRANSFORM_CARD","is_prod":false,"is_daily":false,"chose_seed":false,"campfire_upgraded":1,"win_rate":0,"timestamp":1537891978,"path_taken":["M","?","M","$","M","E","R","?","T","R","E","?","?","M"],"build_version":"2018-09-20","purchased_purges":1,"victory":false,"max_hp_per_floor":[80,80,80,80,80,80,80,80,80,80,80,80,80,80],"card_choices":[{"not_picked":["Iron Wave","Entrench","Hemokinesis"],"picked":"SKIP","floor":1},{"not_picked":["Perfected Strike","Battle Trance","Entrench"],"picked":"SKIP","floor":3},{"not_picked":["Pommel Strike","Heavy Blade","Thunderclap"],"picked":"SKIP","floor":5},{"not_picked":["True Grit","Power Through"],"picked":"Dark Embrace","floor":6},{"not_picked":["Body Slam+1","Juggernaut","Anger+1"],"picked":"SKIP","floor":11},{"not_picked":["Rampage+1","Thunderclap+1","Battle Trance"],"picked":"SKIP","floor":13}],"player_experience":840611,"relics_obtained":[{"floor":6,"key":"The Courier"},{"floor":9,"key":"Molten Egg 2"},{"floor":11,"key":"Art of War"},{"floor":12,"key":"Dream Catcher"}],"event_choices":[{"event_name":"World of Goop","player_choice":"Gather Gold","floor":2,"damage_taken":0},{"event_name":"Accursed Blacksmith","player_choice":"Forge","floor":8,"damage_taken":0}],"is_beta":false,"boss_relics":[],"items_purged_floors":[4],"is_endless":false,"potions_floor_spawned":[5,6],"killed_by":"Blue Slaver","ascension_level":10}