{"gold_per_floor":[119,137,287,287,47,47,59,59,59,93,93,123,123,142,142,221,221,232,17,34,34,34,34,65,65,65,85,85,85,85,103,103,103],"floor_reached":33,"playtime":1215,"items_purged":["Normality"],"score":542,"play_id":"05a29d8a-a2bf-4369-ab46-b8a534287d66","local_time":"20190611165543","is_ascension_mode":true,"campfire_choices":[{"data":"Bash","floor":6.0,"key":"SMITH"},{"floor":11,"key":"REST"},{"floor":13,"key":"REST"},{"data":"Limit Break","floor":15,"key":"SMITH"},{"floor":23,"key":"REST"},{"floor":28,"key":"REST"},{"data":"Sword Boomerang","floor":30,"key":"SMITH"},{"data":"Shrug It Off","floor":32,"key":"SMITH"}],"neow_cost":"CURSE","seed_source_timestamp":0,"circlet_count":0,"master_deck":["AscendersBane","Strike_R","Strike_R","Strike_R","Strike_R","Strike_R","Defend_R","Defend_R","Defend_R","Defend_R","Bash+1","Limit Break+1","Shrug It Off+1","Headbutt","Second Wind+1","Warcry+1","Limit Break+1","Warcry+1","Flex+1","Sword Boomerang+1","Decay","Flex+1","Writhe","Offering+1"],"special_seed":0,"relics":["Burning Blood","Bag of Preparation","Toxic Egg 2","Red Skull","Dodecahedron","Sozu","Regal Pillow","Dream Catcher","Vajra","Orichalcum"],"potions_floor_usage":[10,16],"damage_taken":[{"damage":9.0,"enemies":"Jaw Worm","floor":1.0,"turns":4.0},{"damage":4.0,"enemies":"Small Slimes","floor":2.0,"turns":4.0},{"damage":9.0,"enemies":"2 Louse","floor":7.0,"turns":4.0},{"damage":38,"enemies":"Gremlin Nob","floor":10,"turns":5},{"damage":44,"enemies":"3 Sentries","floor":12,"turns":10},{"damage":1,"enemies":"2 Fungi Beasts","floor":14,"turns":3},{"damage":10,"enemies":"Slime Boss","floor":16,"turns":6},{"damage":54,"enemies":"Shell Parasite","floor":18,"turns":8},{"damage":4,"enemies":"Spheric Guardian","floor":20,"turns":3},{"damage":8,"enemies":"Colosseum Slavers","floor":21,"turns":2},{"damage":45,"enemies":"Book of Stabbing","floor":24,"turns":4},{"damage":0,"enemies":"Shelled Parasite and Fungi","floor":27,"turns":3},{"damage":8,"enemies":"Centurion and Healer","floor":31,"turns":4},{"damage":69,"enemies":"Champ","floor":33,"turns":6}],"seed_played":"-6723188582465110552","potions_obtained":[{"floor":2.0,"key":"Ancient Potion"},{"floor":12,"key":"Swift Potion"}],"is_trial":false,"path_per_floor":["M","M","?","?","$","R","M","?","T","E","R","E","R","M","R","B",null,"M","$","M","?","$","R","E","?","T","M","R","?","R","M","R","B"],"character_chosen":"IRONCLAD","items_purchased":["Bag of Preparation","Flex+1","Regal Pillow"],"campfire_rested":4,"item_purchase_floors":[5,19,19],"current_hp_per_floor":[65,67,67,60,60,60,57,57,57,25,47,9,31,36,36,32,64,16,16,18,16,16,53,14,14,14,20,57,57,57,55,55,0],"gold":103,"neow_bonus":"THREE_RARE_CARDS","is_prod":false,"is_daily":false,"chose_seed":false,"campfire_upgraded":4,"win_rate":0,"timestamp":1560297343,"path_taken":["M","M","?","?","$","R","M","?","T","E","R","E","R","M","R","BOSS","M","$","M","?","$","R","E","?","T","M","R","?","R","M","R","BOSS"],"build_version":"2019-01-23","purchased_purges":1,"victory":false,"max_hp_per_floor":[75,75,75,75,75,75,75,75,75,75,75,75,75,75,75,75,75,75,75,75,75,75,75,75,75,75,75,75,75,75,75,75,75],"card_choices":[{"not_picked":["Fiend Fire","Impervious"],"picked":"Limit Break","floor":0.0},{"not_picked":["True Grit","Pommel Strike","Combust"],"picked":"SKIP","floor":1.0},{"not_picked":["Searing Blow","Perfected Strike","Blood for Blood"],"picked":"SKIP","floor":2.0},{"not_picked":["Shockwave","Havoc"],"picked":"Shrug It Off","floor":7.0},{"not_picked":["Wild Strike","Searing Blow"],"picked":"Headbutt","floor":10},{"not_picked":["Fire Breathing","Cleave"],"picked":"Second Wind+1","floor":12},{"not_picked":["Dropkick","Searing Blow"],"picked":"Warcry+1","floor":14},{"not_picked":["Offering+1","Impervious+1"],"picked":"Limit Break+1","floor":16},{"not_picked":["Headbutt","Rupture"],"picked":"Warcry+1","floor":18},{"not_picked":["Intimidate+1","Wild Strike","Thunderclap"],"picked":"SKIP","floor":20},{"not_picked":["Twin Strike+1","Searing Blow"],"picked":"Sword Boomerang","floor":24},{"not_picked":["Pommel Strike","Perfected Strike"],"picked":"Flex+1","floor":27},{"not_picked":["Flame Barrier+1","Bloodletting+1"],"picked":"Offering+1","floor":31}],"player_experience":1391885,"relics_obtained":[{"floor":9.0,"key":"Toxic Egg 2"},{"floor":10,"key":"Red Skull"},{"floor":12,"key":"Dodecahedron"},{"floor":24,"key":"Dream Catcher"},{"floor":26,"key":"Vajra"}],"event_choices":[{"damage_healed":0.0,"max_hp_gain":0.0,"max_hp_loss":0.0,"gold_gain":150.0,"event_name":"Liars Game","player_choice":"AGREE","floor":3.0,"gold_loss":0.0,"damage_taken":0.0,"cards_obtained":["Doubt"]},{"cards_removed":["Doubt"],"damage_healed":0.0,"max_hp_gain":0.0,"max_hp_loss":0.0,"gold_gain":0.0,"event_name":"Golden Wing","player_choice":"Card Removal","floor":4.0,"gold_loss":0.0,"damage_taken":7.0},{"damage_healed":0.0,"max_hp_gain":0.0,"max_hp_loss":0.0,"gold_gain":0.0,"event_name":"Dead Adventurer","player_choice":"Searched \u00270\u0027 times","floor":8.0,"gold_loss":0.0,"damage_taken":0.0},{"damage_healed":0,"gold_gain":0,"player_choice":"Fight","damage_taken":0,"max_hp_gain":0,"max_hp_loss":0,"event_name":"Colosseum","floor":21,"gold_loss":0},{"damage_healed":0,"gold_gain":0,"player_choice":"Fled From Nobs","damage_taken":0,"max_hp_gain":0,"max_hp_loss":0,"event_name":"Colosseum","floor":21,"gold_loss":0},{"damage_healed":0,"gold_gain":0,"player_choice":"Smashed Altar","damage_taken":0,"max_hp_gain":0,"max_hp_loss":0,"event_name":"Forgotten Altar","floor":25,"gold_loss":0,"cards_obtained":["Decay"]},{"damage_healed":0,"gold_gain":0,"player_choice":"Opened","damage_taken":0,"relics_obtained":["Orichalcum"],"max_hp_gain":0,"max_hp_loss":0,"event_name":"The Mausoleum","floor":29,"gold_loss":0,"cards_obtained":["Writhe"]}],"is_beta":false,"boss_relics":[{"not_picked":["Empty Cage","Astrolabe"],"picked":"Sozu"}],"items_purged_floors":[5],"is_endless":false,"potions_floor_spawned":[2,12,21,27,31],"killed_by":"Champ","ascension_level":20}