{"gold_per_floor":[109,184,109,121,141,174,184,184,208,208,208,208,228,256,256,356,356,372,387,287,287,287,319,319,351,377,390,404,437,451,464,464,569,569,589,255,255,268,368,397,409,437,437,437,437,467,478,527,527,527],"floor_reached":51,"playtime":2200,"items_purged":["Compile Driver","Barrage","Leap"],"score":1210,"play_id":"e9de18e7-c726-42e3-8dc5-5e065af79244","local_time":"20190811220048","daily_mods":["Draft"],"is_ascension_mode":false,"campfire_choices":[{"data":"Gash","floor":8,"key":"SMITH"},{"data":"Beam Cell","floor":10,"key":"SMITH"},{"data":"BootSequence","floor":15,"key":"SMITH"},{"data":"Regret","floor":32,"key":"PURGE"},{"data":"Parasite","floor":45,"key":"PURGE"},{"data":"Ball Lightning","floor":49,"key":"PURGE"}],"neow_cost":"","seed_source_timestamp":0,"circlet_count":0,"master_deck":["Hologram","Gash+1","BootSequence+1","Gash","Go for the Eyes","Go for the Eyes","FTL","Beam Cell+1","Gash","Gash","Gash","Gash","Beam Cell","Seek","Beam Cell","Gash","Go for the Eyes+1","Gash+1","Core Surge","FTL+1","Rage","FTL"],"relics":["Unceasing Top","Centennial Puzzle","Happy Flower","Dodecahedron","Boot","Cursed Key","MutagenicStrength","DataDisk","Red Mask","Regal Pillow","Peace Pipe","Eternal Feather","PrismaticShard","Calipers","Matryoshka","StoneCalendar","Art of War","Potion Belt","Darkstone Periapt","Du-Vu Doll"],"potions_floor_usage":[28,28,28,50],"damage_taken":[{"damage":0,"enemies":"2 Louse","floor":1,"turns":1},{"damage":0,"enemies":"Jaw Worm","floor":4,"turns":1},{"damage":0,"enemies":"Small Slimes","floor":5,"turns":1},{"damage":0,"enemies":"Lagavulin","floor":6,"turns":3},{"damage":0,"enemies":"Looter","floor":7,"turns":1},{"damage":0,"enemies":"Large Slime","floor":13,"turns":1},{"damage":0,"enemies":"3 Sentries","floor":14,"turns":2},{"damage":0,"enemies":"Slime Boss","floor":16,"turns":2},{"damage":0,"enemies":"3 Byrds","floor":18,"turns":1},{"damage":0,"enemies":"2 Thieves","floor":19,"turns":1},{"damage":0,"enemies":"Slavers","floor":23,"turns":1},{"damage":0,"enemies":"Masked Bandits","floor":25,"turns":1},{"damage":1,"enemies":"3 Cultists","floor":27,"turns":2},{"damage":12,"enemies":"Snecko","floor":28,"turns":3},{"damage":1,"enemies":"Book of Stabbing","floor":29,"turns":2},{"damage":1,"enemies":"Shelled Parasite and Fungi","floor":30,"turns":2},{"damage":1,"enemies":"3 Cultists","floor":31,"turns":2},{"damage":0,"enemies":"Champ","floor":33,"turns":2},{"damage":0,"enemies":"3 Darklings","floor":35,"turns":1},{"damage":0,"enemies":"Orb Walker","floor":38,"turns":2},{"damage":0,"enemies":"Mind Bloom Boss Battle","floor":39,"turns":1},{"damage":0,"enemies":"Nemesis","floor":40,"turns":1},{"damage":0,"enemies":"Writhing Mass","floor":41,"turns":1},{"damage":0,"enemies":"Reptomancer","floor":42,"turns":1},{"damage":0,"enemies":"Giant Head","floor":46,"turns":1},{"damage":0,"enemies":"Transient","floor":47,"turns":1},{"damage":0,"enemies":"2 Orb Walkers","floor":48,"turns":1},{"damage":0,"enemies":"Time Eater","floor":50,"turns":3}],"seed_played":"5681967249548647023","potions_obtained":[{"floor":6,"key":"Energy Potion"},{"floor":7,"key":"AttackPotion"},{"floor":13,"key":"Dexterity Potion"},{"floor":16,"key":"FearPotion"},{"floor":30,"key":"Dexterity Potion"},{"floor":33,"key":"SpeedPotion"},{"floor":40,"key":"Dexterity Potion"},{"floor":46,"key":"AttackPotion"},{"floor":47,"key":"Explosive Potion"}],"is_trial":true,"path_per_floor":["M","?","$","M","M","E","M","R","T","R","?","T","M","E","R","B",null,"M","M","$","?","?","E","?","?","T","M","M","E","M","M","R","B",null,"M","$","?","M","?","E","M","E","T","?","R","E","M","?","R","B",null],"character_chosen":"DEFECT","items_purchased":["PrismaticShard"],"campfire_rested":0,"item_purchase_floors":[36],"current_hp_per_floor":[75,64,64,64,64,64,64,64,64,64,64,64,64,64,64,64,75,75,75,75,75,75,75,75,75,75,74,62,61,60,59,59,59,75,75,75,75,75,75,75,75,75,75,71,68,68,68,68,68,68],"gold":527,"neow_bonus":"","is_prod":false,"is_daily":false,"chose_seed":false,"campfire_upgraded":3,"win_rate":0,"timestamp":1565553648,"path_taken":["M","?","$","M","M","E","M","R","T","R","?","?","M","E","R","BOSS","M","M","$","?","?","E","?","?","T","M","M","E","?","M","R","BOSS","M","$","?","M","?","E","M","E","T","?","R","E","M","?","R","BOSS"],"build_version":"2019-07-18","purchased_purges":3,"victory":true,"max_hp_per_floor":[75,75,75,75,75,75,75,75,75,75,75,75,75,75,75,75,75,75,75,75,75,75,75,75,75,75,75,75,75,75,75,75,75,75,75,75,75,75,75,75,75,75,75,71,68,68,68,68,68,68],"card_choices":[{"not_picked":["Ball Lightning","Self Repair"],"picked":"Hologram","floor":0},{"not_picked":["Go for the Eyes","Loop"],"picked":"Gash","floor":0},{"not_picked":["Hello World","Streamline"],"picked":"BootSequence","floor":0},{"not_picked":["Sweeping Beam","Stack"],"picked":"Gash","floor":0},{"not_picked":["Streamline","Turbo"],"picked":"Compile Driver","floor":0},{"not_picked":["Streamline","Darkness"],"picked":"Barrage","floor":0},{"not_picked":["Glacier","Recycle"],"picked":"Go for the Eyes","floor":0},{"not_picked":["Rebound","Compile Driver"],"picked":"Go for the Eyes","floor":0},{"not_picked":["Static Discharge","Reprogram"],"picked":"FTL","floor":0},{"not_picked":["Barrage","Cold Snap"],"picked":"Beam Cell","floor":0},{"not_picked":["Go for the Eyes","Chaos"],"picked":"Gash","floor":0},{"not_picked":["Lockon","Beam Cell"],"picked":"Gash","floor":0},{"not_picked":["Go for the Eyes","White Noise"],"picked":"Hologram","floor":0},{"not_picked":["Turbo","Hello World"],"picked":"Gash","floor":0},{"not_picked":["Fusion","Turbo"],"picked":"Leap","floor":0},{"not_picked":["Barrage","Go for the Eyes"],"picked":"Ball Lightning","floor":1},{"not_picked":["Sweeping Beam","Static Discharge","Rebound"],"picked":"SKIP","floor":4},{"not_picked":["Coolheaded","Redo","Fission"],"picked":"SKIP","floor":5},{"not_picked":["BootSequence","Auto Shields"],"picked":"Gash","floor":6},{"not_picked":["Barrage","Ball Lightning","Turbo"],"picked":"SKIP","floor":7},{"not_picked":["Turbo","Stack","Redo"],"picked":"SKIP","floor":13},{"not_picked":["Defragment","Cold Snap"],"picked":"Beam Cell","floor":14},{"not_picked":["Amplify","Biased Cognition"],"picked":"Seek","floor":16},{"not_picked":["Conserve Battery+1","Sweeping Beam","Leap"],"picked":"SKIP","floor":18},{"not_picked":["Reinforced Body","Cold Snap"],"picked":"Beam Cell","floor":19},{"not_picked":["White Noise","All For One","Rip and Tear"],"picked":"SKIP","floor":23},{"not_picked":["Undo+1","Conserve Battery"],"picked":"Go for the Eyes+1","floor":27},{"not_picked":["Leap","Conserve Battery","Ball Lightning"],"picked":"SKIP","floor":28},{"not_picked":["Undo","Ball Lightning","Barrage+1"],"picked":"SKIP","floor":29},{"not_picked":["Leap","Double Energy"],"picked":"Gash+1","floor":30},{"not_picked":["Barrage+1","White Noise","Static Discharge"],"picked":"SKIP","floor":31},{"not_picked":["Electrodynamics","Seek"],"picked":"Core Surge","floor":33},{"not_picked":["Double Energy","Hello World+1","Compile Driver+1"],"picked":"SKIP","floor":35},{"not_picked":["Redo+1","Whirlwind"],"picked":"FTL+1","floor":38},{"not_picked":["BootSequence","True Grit"],"picked":"Rage","floor":39},{"not_picked":["Power Through","Choke","Pummel+1"],"picked":"SKIP","floor":40},{"not_picked":["Cold Snap","Reinforced Body","Bane"],"picked":"SKIP","floor":41},{"not_picked":["Perfected Strike","Predator","After Image"],"picked":"SKIP","floor":42},{"not_picked":["Redo+1","Shrug It Off+1"],"picked":"FTL","floor":46},{"not_picked":["Deadly Poison+1","Multi-Cast","Bloodletting"],"picked":"SKIP","floor":47}],"player_experience":539932,"relics_obtained":[{"floor":6,"key":"Centennial Puzzle"},{"floor":9,"key":"Happy Flower"},{"floor":12,"key":"Dodecahedron"},{"floor":14,"key":"Boot"},{"floor":23,"key":"DataDisk"},{"floor":25,"key":"Red Mask"},{"floor":26,"key":"Regal Pillow"},{"floor":29,"key":"Peace Pipe"},{"floor":39,"key":"Calipers"},{"floor":40,"key":"Matryoshka"},{"floor":42,"key":"StoneCalendar"},{"floor":43,"key":"Art of War"},{"floor":43,"key":"Potion Belt"},{"floor":46,"key":"Darkstone Periapt"},{"floor":48,"key":"Du-Vu Doll"}],"event_choices":[{"damage_healed":0,"gold_gain":75,"player_choice":"Gather Gold","damage_taken":11,"max_hp_gain":0,"max_hp_loss":0,"event_name":"World of Goop","floor":2,"gold_loss":0},{"damage_healed":0,"gold_gain":0,"player_choice":"Ignored","damage_taken":0,"max_hp_gain":0,"max_hp_loss":0,"event_name":"Liars Game","floor":11,"gold_loss":0},{"damage_healed":0,"gold_gain":0,"player_choice":"Ignored","damage_taken":0,"max_hp_gain":0,"max_hp_loss":0,"event_name":"The Mausoleum","floor":21,"gold_loss":0},{"damage_healed":0,"gold_gain":0,"player_choice":"Inject Mutagens","damage_taken":0,"relics_obtained":["MutagenicStrength"],"max_hp_gain":0,"max_hp_loss":0,"event_name":"Drug Dealer","floor":22,"gold_loss":0},{"damage_healed":0,"gold_gain":0,"player_choice":"Read","damage_taken":0,"max_hp_gain":0,"max_hp_loss":0,"event_name":"The Library","floor":24,"gold_loss":0,"cards_obtained":["Gash"]},{"damage_healed":0,"gold_gain":0,"player_choice":"Fought Bandits","damage_taken":0,"max_hp_gain":0,"max_hp_loss":0,"event_name":"Masked Bandits","floor":25,"gold_loss":0},{"cards_removed":["Hologram"],"damage_healed":0,"gold_gain":0,"player_choice":"Removed Skill","damage_taken":0,"max_hp_gain":0,"max_hp_loss":0,"event_name":"Falling","floor":37,"gold_loss":0},{"damage_healed":0,"gold_gain":0,"player_choice":"Fight","damage_taken":0,"max_hp_gain":0,"max_hp_loss":0,"event_name":"MindBloom","floor":39,"gold_loss":0},{"damage_healed":0,"gold_gain":0,"player_choice":"Max HP","damage_taken":0,"max_hp_gain":0,"max_hp_loss":4,"event_name":"Winding Halls","floor":44,"gold_loss":0},{"damage_healed":0,"gold_gain":0,"player_choice":"Fight","damage_taken":0,"max_hp_gain":0,"max_hp_loss":0,"event_name":"Mysterious Sphere","floor":48,"gold_loss":0}],"is_beta":true,"boss_relics":[{"not_picked":["Runic Dome","Velvet Choker"],"picked":"Cursed Key"},{"not_picked":["Inserter","Snecko Eye"],"picked":"Eternal Feather"}],"items_purged_floors":[3,20,36],"is_endless":false,"potions_floor_spawned":[6,7,13,16,25,27,30,33,40,41,46,47,48],"ascension_level":0}