{"gold_per_floor":[109,124,124,144,156,156,175,175,217,254,0,0,16,32,32,32],"floor_reached":16,"playtime":902,"items_purged":["Strike_G"],"score":182,"play_id":"f815ba3c-edcd-4036-a201-a7c048188b34","local_time":"20190616175351","is_ascension_mode":true,"campfire_choices":[{"data":"Dagger Spray","floor":6,"key":"SMITH"},{"floor":12,"key":"REST"},{"floor":15,"key":"REST"}],"neow_cost":"NONE","seed_source_timestamp":23360545082978,"circlet_count":0,"master_deck":["AscendersBane","Defend_G","Defend_G","Defend_G","Defend_G","Strike_G","Strike_G","Strike_G","Strike_G","Survivor","Neutralize","Quick Slash","Backflip","Dagger Spray+1","Slice","Escape Plan","Footwork","PiercingWail","Escape Plan"],"relics":["Ring of the Snake","Omamori","MawBank","Tiny Chest","Bottled Flame","OrangePellets"],"potions_floor_usage":[10,10],"damage_taken":[{"damage":0,"enemies":"2 Louse","floor":1,"turns":3},{"damage":0,"enemies":"Cultist","floor":2,"turns":4},{"damage":0,"enemies":"Small Slimes","floor":4,"turns":3},{"damage":4,"enemies":"Exordium Wildlife","floor":5,"turns":6},{"damage":0,"enemies":"Lots of Slimes","floor":7,"turns":1},{"damage":25,"enemies":"Lagavulin","floor":10,"turns":6},{"damage":0,"enemies":"3 Louse","floor":13,"turns":2},{"damage":5,"enemies":"Large Slime","floor":14,"turns":5},{"damage":31,"enemies":"Slime Boss","floor":16,"turns":4}],"seed_played":"881458907407255625","potions_obtained":[{"floor":2,"key":"SteroidPotion"},{"floor":5,"key":"Block Potion"}],"is_trial":false,"path_per_floor":["M","M","?","M","M","R","M","?","T","E","$","R","M","M","R","B"],"character_chosen":"THE_SILENT","items_purchased":["OrangePellets"],"campfire_rested":2,"item_purchase_floors":[11],"current_hp_per_floor":[59,59,59,59,55,55,55,29,29,4,4,23,23,18,37,6],"gold":32,"neow_bonus":"RANDOM_COMMON_RELIC","is_prod":false,"is_daily":false,"chose_seed":false,"campfire_upgraded":1,"win_rate":0,"timestamp":1560732831,"path_taken":["M","M","?","M","?","R","M","?","T","E","?","R","?","M","R","BOSS"],"build_version":"2019-01-23","purchased_purges":1,"victory":false,"max_hp_per_floor":[66,66,66,66,66,66,66,66,66,66,66,66,66,66,66,66],"card_choices":[{"not_picked":["Poisoned Stab","Dodge and Roll"],"picked":"Quick Slash","floor":1},{"not_picked":["Outmaneuver","Endless Agony"],"picked":"Backflip","floor":2},{"not_picked":["PiercingWail","Quick Slash"],"picked":"Dagger Spray","floor":4},{"not_picked":["Dagger Spray","Prepared"],"picked":"Slice","floor":5},{"not_picked":["Deflect","Expertise"],"picked":"Escape Plan","floor":7},{"not_picked":["Sucker Punch","Deadly Poison"],"picked":"Footwork","floor":10},{"not_picked":["Calculated Gamble","Deadly Poison"],"picked":"PiercingWail","floor":13},{"not_picked":["All Out Attack","Choke"],"picked":"Escape Plan","floor":14}],"player_experience":1403702,"relics_obtained":[{"floor":9,"key":"Tiny Chest"},{"floor":10,"key":"Bottled Flame"}],"event_choices":[{"cards_removed":["Defend_G"],"damage_healed":0,"gold_gain":0,"player_choice":"Card Removal","damage_taken":0,"max_hp_gain":0,"max_hp_loss":0,"event_name":"Wheel of Change","floor":3,"gold_loss":0},{"damage_healed":0,"gold_gain":0,"player_choice":"Success","damage_taken":26,"relics_obtained":["MawBank"],"max_hp_gain":0,"max_hp_loss":0,"event_name":"Scrap Ooze","floor":8,"gold_loss":0}],"is_beta":false,"boss_relics":[],"items_purged_floors":[11],"is_endless":false,"potions_floor_spawned":[2,5,7],"killed_by":"Slime Boss","ascension_level":15}