{"gold_per_floor":[112,125,125,155,176,176,216,216,266,279,29,29,63,63,63,184,184,198,198,398,373,108,108],"floor_reached":23,"playtime":1135,"items_purged":["Strike_R"],"score":197,"play_id":"9b3621ad-f0e6-489f-9dca-4c6135d70ca7","local_time":"20190814224029","is_ascension_mode":false,"campfire_choices":[{"data":"Bash","floor":6,"key":"SMITH"},{"data":"Clothesline","floor":8,"key":"SMITH"},{"floor":15,"key":"REST"}],"neow_cost":"NONE","seed_source_timestamp":6125067064500,"circlet_count":0,"master_deck":["Strike_R","Strike_R","Strike_R","Defend_R","Defend_R","Defend_R","Defend_R","Bash+1","Second Wind","Inflame","Shockwave","Clothesline+1","Warcry","Body Slam","Combust","Double Tap","Dual Wield","Sadistic Nature"],"relics":["Burning Blood","Golden Idol","Tiny Chest","Happy Flower","Regal Pillow","Bottled Tornado","Gremlin Horn","Sozu","Toxic Egg 2"],"potions_floor_usage":[16,16],"damage_taken":[{"damage":0,"enemies":"Small Slimes","floor":1,"turns":3},{"damage":15,"enemies":"Jaw Worm","floor":2,"turns":5},{"damage":0,"enemies":"2 Louse","floor":5,"turns":4},{"damage":12,"enemies":"Gremlin Nob","floor":7,"turns":4},{"damage":17,"enemies":"Large Slime","floor":10,"turns":5},{"damage":38,"enemies":"3 Sentries","floor":13,"turns":8},{"damage":64,"enemies":"The Guardian","floor":16,"turns":14},{"damage":21,"enemies":"3 Byrds","floor":18,"turns":6},{"damage":24,"enemies":"2 Thieves","floor":21,"turns":5},{"damage":53,"enemies":"Book of Stabbing","floor":23,"turns":6}],"seed_played":"-8358546381879037342","potions_obtained":[{"floor":1,"key":"Regen Potion"},{"floor":7,"key":"AttackPotion"}],"is_trial":false,"path_per_floor":["M","M","?","T","M","R","E","R","T","M","$","?","E","?","R","B",null,"M","T","?","M","$","E"],"character_chosen":"IRONCLAD","items_purchased":["Bottled Tornado","Sadistic Nature"],"campfire_rested":1,"item_purchase_floors":[11,22],"current_hp_per_floor":[88,79,79,79,81,81,75,75,75,64,64,69,37,37,77,34,86,71,71,71,53,53,0],"gold":108,"neow_bonus":"TEN_PERCENT_HP_BONUS","is_prod":false,"is_daily":false,"chose_seed":false,"campfire_upgraded":2,"win_rate":0,"timestamp":1565793629,"path_taken":["M","M","?","?","M","R","E","R","T","M","?","?","E","?","R","BOSS","M","?","?","?","$","E"],"build_version":"2019-07-17","purchased_purges":1,"victory":false,"max_hp_per_floor":[88,88,81,81,81,81,81,81,81,81,81,86,86,86,86,86,86,86,86,86,86,86,86],"card_choices":[{"not_picked":["Hemokinesis","Sword Boomerang"],"picked":"Second Wind","floor":1},{"not_picked":["Fire Breathing","Warcry"],"picked":"Inflame","floor":2},{"not_picked":["Anger","Intimidate"],"picked":"Shockwave","floor":5},{"not_picked":["Cleave","Spot Weakness"],"picked":"Clothesline","floor":7},{"not_picked":["Body Slam","Rampage"],"picked":"Warcry","floor":10},{"not_picked":["True Grit","Clothesline"],"picked":"Body Slam","floor":13},{"not_picked":["Feed","Exhume"],"picked":"Double Tap","floor":16},{"not_picked":["Carnage","Cleave"],"picked":"Dual Wield","floor":18},{"not_picked":["Clothesline","Heavy Blade","Sever Soul"],"picked":"SKIP","floor":21}],"player_experience":145875,"relics_obtained":[{"floor":4,"key":"Tiny Chest"},{"floor":7,"key":"Happy Flower"},{"floor":9,"key":"Regal Pillow"},{"floor":13,"key":"Gremlin Horn"},{"floor":19,"key":"Toxic Egg 2"}],"event_choices":[{"damage_healed":0,"gold_gain":0,"player_choice":"Lose Max HP","damage_taken":0,"relics_obtained":["Golden Idol"],"max_hp_gain":0,"max_hp_loss":7,"event_name":"Golden Idol","floor":3,"gold_loss":0},{"damage_healed":0,"gold_gain":0,"player_choice":"Donut","damage_taken":0,"max_hp_gain":5,"max_hp_loss":0,"event_name":"Big Fish","floor":12,"gold_loss":0},{"damage_healed":0,"gold_gain":0,"cards_transformed":["Strike_R"],"player_choice":"Transformed","damage_taken":0,"max_hp_gain":0,"max_hp_loss":0,"event_name":"Transmorgrifier","floor":14,"gold_loss":0,"cards_obtained":["Combust"]},{"damage_healed":0,"gold_gain":250,"player_choice":"Bet on Owner","damage_taken":0,"max_hp_gain":0,"max_hp_loss":0,"event_name":"The Joust","floor":20,"gold_loss":50}],"is_beta":false,"boss_relics":[{"not_picked":["Snecko Eye","Runic Pyramid"],"picked":"Sozu"}],"items_purged_floors":[22],"is_endless":false,"potions_floor_spawned":[1,7,21],"killed_by":"Book of Stabbing","ascension_level":0}