{"gold_per_floor":[114,39,54,74,88,88,108,108,108,136,96,109,109,109,109,182,182,193,210,210,224,124,124,158,208,208,243,255,0,13,13,13,91,91,108,108,82,94,94,123,123,140,167,167,187,197,197,247,247,247],"floor_reached":51,"playtime":3084,"items_purged":["Strike_R","Defend_R"],"score":1217,"play_id":"756a6393-82b6-4360-b122-c1cc1beea955","local_time":"20190205145817","is_ascension_mode":true,"campfire_choices":[{"data":"Flex","floor":6,"key":"SMITH"},{"data":"Double Tap","floor":8,"key":"SMITH"},{"data":"Whirlwind","floor":13,"key":"SMITH"},{"data":"Bash","floor":15,"key":"SMITH"},{"floor":23,"key":"REST"},{"floor":32,"key":"REST"},{"floor":41,"key":"REST"},{"floor":47,"key":"REST"},{"data":"Heavy Blade","floor":49,"key":"SMITH"}],"neow_cost":"TEN_PERCENT_HP_LOSS","seed_source_timestamp":291575091684206,"circlet_count":0,"master_deck":["AscendersBane","Defend_R","Bash+1","Double Tap+1","Pummel","Twin Strike","Flex+1","Brutality","Sword Boomerang","Whirlwind+1","Feed","Offering+1","Heavy Blade","Limit Break+1","Heavy Blade+1","Shrug It Off+1","Flex+1","Limit Break+1","Bloodletting+1","Writhe","Warcry+1","Double Tap+1","Impervious+1","Power Through+1","Searing Blow+1","Heavy Blade","Flex+1","Bloodletting+1","Enlightenment+1","Battle Trance+1","Offering+1","Flex+1","Whirlwind","Whirlwind"],"relics":["Burning Blood","Dream Catcher","Regal Pillow","Runic Cube","Toxic Egg 2","Kunai","Centennial Puzzle","DollysMirror","Oddly Smooth Stone","Astrolabe","Darkstone Periapt","Lantern"],"potions_floor_usage":[10,12,16,16,16,24,27,33,40,40,50],"damage_taken":[{"damage":0,"enemies":"Small Slimes","floor":1,"turns":3},{"damage":6,"enemies":"Cultist","floor":3,"turns":3},{"damage":7,"enemies":"Jaw Worm","floor":4,"turns":3},{"damage":12,"enemies":"Looter","floor":5,"turns":3},{"damage":8,"enemies":"Blue Slaver","floor":7,"turns":2},{"damage":17,"enemies":"Lagavulin","floor":10,"turns":3},{"damage":12,"enemies":"Exordium Thugs","floor":12,"turns":2},{"damage":32,"enemies":"Slime Boss","floor":16,"turns":8},{"damage":13,"enemies":"Chosen","floor":18,"turns":2},{"damage":2,"enemies":"3 Byrds","floor":19,"turns":3},{"damage":34,"enemies":"Sentry and Sphere","floor":21,"turns":4},{"damage":31,"enemies":"Slavers","floor":24,"turns":2},{"damage":24,"enemies":"Gremlin Leader","floor":27,"turns":2},{"damage":15,"enemies":"Cultist and Chosen","floor":28,"turns":4},{"damage":6,"enemies":"Shelled Parasite and Fungi","floor":30,"turns":1},{"damage":25,"enemies":"Automaton","floor":33,"turns":4},{"damage":29,"enemies":"3 Shapes","floor":35,"turns":2},{"damage":3,"enemies":"Orb Walker","floor":38,"turns":2},{"damage":21,"enemies":"Nemesis","floor":40,"turns":3},{"damage":25,"enemies":"Sphere and 2 Shapes","floor":42,"turns":2},{"damage":9,"enemies":"Writhing Mass","floor":45,"turns":1},{"damage":28,"enemies":"3 Darklings","floor":46,"turns":3},{"damage":42,"enemies":"Donu and Deca","floor":50,"turns":2}],"seed_played":"840600775129963685","potions_obtained":[{"floor":1,"key":"EntropicBrew"},{"floor":4,"key":"AttackPotion"},{"floor":10,"key":"Swift Potion"},{"floor":12,"key":"SpeedPotion"},{"floor":19,"key":"Weak Potion"},{"floor":24,"key":"GamblersBrew"},{"floor":30,"key":"Regen Potion"},{"floor":35,"key":"AttackPotion"},{"floor":38,"key":"SteroidPotion"},{"floor":45,"key":"Ancient Potion"}],"is_trial":false,"path_per_floor":["M","$","M","M","M","R","M","R","T","E","$","M","R","?","R","B",null,"M","M","?","M","$","R","E","?","T","E","M","$","M","?","R","B",null,"M","?","$","M","?","E","R","M","T","?","M","M","R","?","R","B",null],"character_chosen":"IRONCLAD","items_purchased":["Whirlwind","Flex+1","DollysMirror","Flex+1"],"campfire_rested":4,"item_purchase_floors":[11,29,29,37],"current_hp_per_floor":[68,68,68,67,61,61,59,59,59,48,48,42,42,42,42,16,55,51,58,58,33,33,71,46,46,46,28,22,22,22,22,61,54,74,54,54,54,57,57,42,81,62,62,62,59,37,76,76,76,40],"gold":247,"neow_bonus":"TRANSFORM_TWO_CARDS","is_prod":false,"is_daily":false,"chose_seed":false,"campfire_upgraded":5,"win_rate":0,"timestamp":1549407497,"path_taken":["M","$","M","M","M","R","M","R","T","E","$","M","R","?","R","BOSS","M","M","?","M","$","R","E","?","T","E","M","$","M","?","R","BOSS","M","?","?","M","?","E","R","M","T","?","M","M","R","?","R","BOSS"],"build_version":"2019-01-23","purchased_purges":2,"victory":true,"max_hp_per_floor":[68,68,68,68,68,68,68,68,68,68,68,68,68,68,68,68,68,71,74,74,77,77,77,77,77,77,77,80,80,80,80,80,80,80,83,83,83,83,83,83,83,83,83,83,83,83,83,83,83,83],"card_choices":[{"not_picked":["Power Through","Body Slam","Anger"],"picked":"SKIP","floor":1},{"not_picked":["Clash","Perfected Strike"],"picked":"Twin Strike","floor":3},{"not_picked":["Ghostly Armor","Seeing Red"],"picked":"Flex","floor":4},{"not_picked":["Havoc","Clothesline","Thunderclap"],"picked":"SKIP","floor":5},{"not_picked":["Rage","Searing Blow"],"picked":"Brutality","floor":7},{"not_picked":["Disarm","True Grit"],"picked":"Sword Boomerang","floor":10},{"not_picked":["Feel No Pain","Sever Soul","Havoc"],"picked":"SKIP","floor":12},{"not_picked":["Bludgeon","Barricade"],"picked":"Offering","floor":16},{"not_picked":["Searing Blow","Sword Boomerang"],"picked":"Heavy Blade","floor":18},{"not_picked":["Body Slam","Intimidate+1","True Grit"],"picked":"SKIP","floor":19},{"not_picked":["Evolve","Pommel Strike","Warcry+1"],"picked":"SKIP","floor":21},{"not_picked":["Dual Wield","Armaments+1"],"picked":"Pummel","floor":23},{"not_picked":["True Grit+1","Sentinel"],"picked":"Limit Break","floor":24},{"not_picked":["Shockwave+1","Perfected Strike"],"picked":"Heavy Blade","floor":27},{"not_picked":["Body Slam","Sword Boomerang"],"picked":"Shrug It Off+1","floor":28},{"not_picked":["Hemokinesis","Havoc+1"],"picked":"Bloodletting+1","floor":30},{"not_picked":["Anger","Iron Wave"],"picked":"Warcry+1","floor":32},{"not_picked":["Barricade","Impervious+1"],"picked":"Double Tap+1","floor":33},{"not_picked":["Warcry+1","Body Slam"],"picked":"Heavy Blade","floor":35},{"not_picked":["Shockwave+1","Cleave"],"picked":"Bloodletting+1","floor":38},{"not_picked":["Panacea+1","Good Instincts+1"],"picked":"Enlightenment+1","floor":39},{"not_picked":["Iron Wave","Twin Strike"],"picked":"Battle Trance+1","floor":40},{"not_picked":["Warcry+1","Headbutt"],"picked":"Offering+1","floor":42},{"not_picked":["Havoc+1","Body Slam"],"picked":"Flex+1","floor":45},{"not_picked":["Body Slam+1","Cleave+1"],"picked":"Whirlwind","floor":46},{"not_picked":["Twin Strike","Infernal Blade+1"],"picked":"Whirlwind","floor":47}],"player_experience":1158823,"relics_obtained":[{"floor":9,"key":"Dream Catcher"},{"floor":10,"key":"Regal Pillow"},{"floor":24,"key":"Toxic Egg 2"},{"floor":26,"key":"Kunai"},{"floor":27,"key":"Centennial Puzzle"},{"floor":40,"key":"Darkstone Periapt"},{"floor":43,"key":"Lantern"}],"event_choices":[{"damage_healed":0,"gold_gain":0,"player_choice":"1 cards matched","damage_taken":0,"max_hp_gain":0,"max_hp_loss":0,"event_name":"Match and Keep!","floor":14,"gold_loss":0,"cards_obtained":["Feed"]},{"cards_removed":["Strike_R"],"damage_healed":0,"gold_gain":0,"player_choice":"Elegance","damage_taken":0,"max_hp_gain":0,"max_hp_loss":0,"event_name":"Back to Basics","floor":20,"gold_loss":0},{"damage_healed":0,"gold_gain":50,"player_choice":"Stole From Cult","damage_taken":0,"max_hp_gain":0,"max_hp_loss":0,"event_name":"Nest","floor":25,"gold_loss":0},{"damage_healed":0,"gold_gain":0,"player_choice":"Opened","damage_taken":0,"relics_obtained":["Oddly Smooth Stone"],"max_hp_gain":0,"max_hp_loss":0,"event_name":"The Mausoleum","floor":31,"gold_loss":0,"cards_obtained":["Writhe"]},{"damage_healed":0,"gold_gain":0,"player_choice":"Upgraded","damage_taken":0,"max_hp_gain":0,"max_hp_loss":0,"event_name":"Upgrade Shrine","floor":36,"gold_loss":0,"cards_upgraded":["Offering"]},{"damage_healed":0,"gold_gain":0,"player_choice":"Memory 1","damage_taken":0,"max_hp_gain":0,"max_hp_loss":0,"event_name":"SensoryStone","floor":39,"gold_loss":0},{"cards_removed":["Pummel"],"damage_healed":0,"gold_gain":0,"player_choice":"Removed Attack","damage_taken":0,"max_hp_gain":0,"max_hp_loss":0,"event_name":"Falling","floor":44,"gold_loss":0},{"damage_healed":0,"gold_gain":50,"player_choice":"Pray","damage_taken":0,"max_hp_gain":0,"max_hp_loss":0,"event_name":"Golden Shrine","floor":48,"gold_loss":0}],"is_beta":false,"boss_relics":[{"not_picked":["Black Star","Tiny House"],"picked":"Runic Cube"},{"not_picked":["Runic Pyramid","Calling Bell"],"picked":"Astrolabe"}],"items_purged_floors":[2,22],"is_endless":false,"potions_floor_spawned":[1,4,10,12,19,21,24,30,35,38,45],"ascension_level":15}