{"gold_per_floor":[11,86,86,86,97,97,132,132,132,132,150,213,225,259,259,361,361,375,475,390,402,414,426,464,476,488,531,275,308,319,333,333,429,429,443,461,461,478,478,478,30,30,30,81,111,122,122,135,135,135],"floor_reached":51,"playtime":6752,"items_purged":["Strike_R+1","Strike_R+1"],"score":966,"play_id":"e1308151-3c32-4dcf-9022-fc04cfad95ae","local_time":"20190606232804","is_ascension_mode":true,"campfire_choices":[{"data":"Pommel Strike","floor":6.0,"key":"SMITH"},{"data":"Flex","floor":8.0,"key":"SMITH"},{"floor":10.0,"key":"REST"},{"floor":15.0,"key":"REST"},{"floor":23.0,"key":"REST"},{"floor":25.0,"key":"REST"},{"data":"Demon Form","floor":32.0,"key":"SMITH"},{"data":"Demon Form","floor":40.0,"key":"SMITH"},{"floor":42.0,"key":"REST"},{"data":"Impervious","floor":47,"key":"SMITH"},{"floor":49,"key":"REST"}],"neow_cost":"NO_GOLD","seed_source_timestamp":1036093803224045,"circlet_count":0,"master_deck":["Defend_R+1","Defend_R+1","Defend_R+1","Defend_R+1","Bash","Pommel Strike+1","Thunderclap","Flex+1","Pommel Strike","Pommel Strike","Shrug It Off","Offering","Demon Form+1","Spot Weakness+1","Immolate","Heavy Blade+1","Havoc+1","Disarm","Shrug It Off","Shrug It Off","Inflame+1","Demon Form+1","Havoc+1","Flex+1","Battle Trance+1","Shrug It Off+1","Metallicize+1","Madness","Madness","Impervious+1","Shrug It Off+1","Spot Weakness+1","Flame Barrier"],"special_seed":0,"relics":["Burning Blood","Oddly Smooth Stone","Art of War","Tiny Chest","Ginger","Velvet Choker","Incense Burner","Darkstone Periapt","MawBank","Nilry\u0027s Codex","Centennial Puzzle","Torii","Calipers","Regal Pillow","Prayer Wheel","Mark of Pain","Anchor","Boot","Blue Candle","Shovel","Pocketwatch"],"potions_floor_usage":[46,46,50],"damage_taken":[{"damage":1.0,"enemies":"Cultist","floor":1.0,"turns":3.0},{"damage":7.0,"enemies":"2 Louse","floor":5.0,"turns":3.0},{"damage":22.0,"enemies":"Lagavulin","floor":7.0,"turns":6.0},{"damage":0.0,"enemies":"Small Slimes","floor":11.0,"turns":2.0},{"damage":21.0,"enemies":"3 Sentries","floor":12.0,"turns":5.0},{"damage":5.0,"enemies":"Blue Slaver","floor":13.0,"turns":3.0},{"damage":16.0,"enemies":"Lagavulin","floor":14.0,"turns":5.0},{"damage":59.0,"enemies":"The Guardian","floor":16.0,"turns":9.0},{"damage":11.0,"enemies":"Spheric Guardian","floor":18.0,"turns":3.0},{"damage":11.0,"enemies":"Colosseum Slavers","floor":19.0,"turns":3.0},{"damage":21.0,"enemies":"Colosseum Nobs","floor":19.0,"turns":4.0},{"damage":21.0,"enemies":"Slavers","floor":24.0,"turns":4.0},{"damage":11.0,"enemies":"Book of Stabbing","floor":27.0,"turns":5.0},{"damage":8.0,"enemies":"Gremlin Leader","floor":29.0,"turns":4.0},{"damage":1.0,"enemies":"2 Thieves","floor":30.0,"turns":2.0},{"damage":1.0,"enemies":"Cultist and Chosen","floor":31.0,"turns":2.0},{"damage":46.0,"enemies":"Champ","floor":33.0,"turns":7.0},{"damage":5.0,"enemies":"3 Shapes","floor":35.0,"turns":3.0},{"damage":13.0,"enemies":"Orb Walker","floor":36.0,"turns":3.0},{"damage":14.0,"enemies":"Sphere and 2 Shapes","floor":38.0,"turns":4.0},{"damage":9.0,"enemies":"2 Orb Walkers","floor":44.0,"turns":3.0},{"damage":30,"enemies":"Reptomancer","floor":45,"turns":6},{"damage":2,"enemies":"Transient","floor":46,"turns":5},{"damage":0,"enemies":"4 Shapes","floor":48,"turns":4},{"damage":24,"enemies":"Donu and Deca","floor":50,"turns":44}],"seed_played":"3314719905912185656","potions_obtained":[{"floor":5.0,"key":"AttackPotion"},{"floor":11.0,"key":"FearPotion"},{"floor":24.0,"key":"Weak Potion"},{"floor":29.0,"key":"Explosive Potion"},{"floor":30.0,"key":"Fire Potion"},{"floor":45,"key":"AttackPotion"},{"floor":48,"key":"Regen Potion"}],"is_trial":false,"path_per_floor":["M","?","?","?","M","R","E","R","T","R","M","E","M","E","R","B",null,"M","?","?","?","?","R","E","R","T","E","$","E","M","M","R","B",null,"M","M","?","M","?","R","$","R","T","?","E","M","R","M","R","B",null],"character_chosen":"IRONCLAD","items_purchased":["Disarm","Regal Pillow","Anchor","Boot","Block Potion"],"campfire_rested":6,"item_purchase_floors":[28,28,41,41,41],"current_hp_per_floor":[77,66,66,50,49,49,33,33,33,57,63,48,49,39,63,10,63,58,38,38,22,22,46,31,55,55,50,50,48,53,58,58,18,65,66,59,59,51,41,41,41,80,80,77,53,57,57,63,80,77],"gold":135,"neow_bonus":"REMOVE_TWO","is_prod":false,"is_daily":false,"chose_seed":false,"campfire_upgraded":5,"win_rate":0,"timestamp":1559878084,"path_taken":["M","?","?","?","M","R","E","R","T","R","M","E","M","E","R","BOSS","M","?","?","?","?","R","E","R","T","E","$","E","M","M","R","BOSS","M","M","?","M","?","R","$","R","T","?","E","M","R","M","R","BOSS"],"build_version":"2019-01-23","purchased_purges":2,"victory":true,"max_hp_per_floor":[80,80,80,80,80,80,80,80,80,80,80,80,80,80,80,80,80,80,80,80,80,80,80,80,80,80,80,80,80,80,80,80,80,80,80,80,80,80,80,80,80,80,80,80,80,80,80,80,80,80],"card_choices":[{"not_picked":["Iron Wave","Flex"],"picked":"Pommel Strike","floor":1.0},{"not_picked":["Infernal Blade","Clash"],"picked":"Thunderclap","floor":5.0},{"not_picked":["Power Through","Sentinel"],"picked":"Flex","floor":7.0},{"not_picked":["Wild Strike","Reckless Charge"],"picked":"Pommel Strike","floor":11.0},{"not_picked":["Feel No Pain","Seeing Red"],"picked":"Pommel Strike","floor":12.0},{"not_picked":["Clothesline","Anger"],"picked":"Shrug It Off","floor":13.0},{"not_picked":["Body Slam","Sword Boomerang"],"picked":"Offering","floor":14.0},{"not_picked":["Barricade","Limit Break"],"picked":"Demon Form","floor":16.0},{"not_picked":["Clash+1","Wild Strike"],"picked":"Spot Weakness+1","floor":18.0},{"not_picked":["Perfected Strike","Thunderclap"],"picked":"Immolate","floor":19.0},{"not_picked":["Twin Strike+1","Feed"],"picked":"Heavy Blade+1","floor":24.0},{"not_picked":["True Grit","Rupture"],"picked":"Havoc+1","floor":27.0},{"not_picked":["Searing Blow","Clothesline","Brutality"],"picked":"SKIP","floor":29.0},{"not_picked":["Clothesline+1","Anger"],"picked":"Shrug It Off","floor":30.0},{"not_picked":["Warcry","Thunderclap+1"],"picked":"Shrug It Off","floor":30.0},{"not_picked":["Armaments","Combust+1"],"picked":"Inflame+1","floor":31.0},{"not_picked":["Wild Strike+1","Armaments","Iron Wave"],"picked":"SKIP","floor":31.0},{"not_picked":["Dark Embrace","Juggernaut"],"picked":"Demon Form","floor":33.0},{"not_picked":["Metallicize","Infernal Blade"],"picked":"Havoc+1","floor":35.0},{"not_picked":["Combust","Iron Wave+1","Twin Strike"],"picked":"SKIP","floor":35.0},{"not_picked":["Power Through","Rupture"],"picked":"Flex+1","floor":36.0},{"not_picked":["Body Slam","Havoc"],"picked":"Battle Trance+1","floor":36.0},{"not_picked":["Heavy Blade","Feel No Pain+1"],"picked":"Shrug It Off+1","floor":38.0},{"not_picked":["Battle Trance","Pommel Strike+1"],"picked":"Metallicize+1","floor":38.0},{"not_picked":["Shockwave","Heavy Blade"],"picked":"Impervious","floor":44.0},{"not_picked":["Iron Wave+1","Searing Blow+1"],"picked":"Shrug It Off+1","floor":45},{"not_picked":["Disarm","Rupture"],"picked":"Spot Weakness+1","floor":46},{"not_picked":["Wild Strike+1","Clash","Bloodletting"],"picked":"SKIP","floor":46},{"not_picked":["Burning Pact","Wild Strike+1"],"picked":"Flame Barrier","floor":48},{"not_picked":["Iron Wave","Cleave","Thunderclap+1"],"picked":"SKIP","floor":48}],"player_experience":107792,"relics_obtained":[{"floor":7.0,"key":"Oddly Smooth Stone"},{"floor":9.0,"key":"Art of War"},{"floor":12.0,"key":"Tiny Chest"},{"floor":14.0,"key":"Ginger"},{"floor":19.0,"key":"Incense Burner"},{"floor":19.0,"key":"Darkstone Periapt"},{"floor":21.0,"key":"Nilry\u0027s Codex"},{"floor":24.0,"key":"Centennial Puzzle"},{"floor":26.0,"key":"Torii"},{"floor":27.0,"key":"Calipers"},{"floor":29.0,"key":"Prayer Wheel"},{"floor":43.0,"key":"Blue Candle"},{"floor":44.0,"key":"Shovel"},{"floor":45,"key":"Pocketwatch"}],"event_choices":[{"damage_healed":0.0,"max_hp_gain":0.0,"max_hp_loss":0.0,"gold_gain":75.0,"event_name":"World of Goop","player_choice":"Gather Gold","floor":2.0,"gold_loss":0.0,"damage_taken":11.0},{"damage_healed":0.0,"max_hp_gain":0.0,"max_hp_loss":0.0,"gold_gain":0.0,"event_name":"Liars Game","player_choice":"Ignored","floor":3.0,"gold_loss":0.0,"damage_taken":0.0},{"damage_healed":0.0,"max_hp_gain":0.0,"max_hp_loss":0.0,"gold_gain":0.0,"event_name":"Shining Light","player_choice":"Entered Light","floor":4.0,"gold_loss":0.0,"damage_taken":16.0,"cards_upgraded":["Defend_R","Strike_R"]},{"damage_healed":0.0,"max_hp_gain":0.0,"max_hp_loss":0.0,"gold_gain":0.0,"event_name":"Colosseum","player_choice":"Fight","floor":19.0,"gold_loss":0.0,"damage_taken":0.0},{"damage_healed":0.0,"max_hp_gain":0.0,"max_hp_loss":0.0,"gold_gain":0.0,"event_name":"Colosseum","player_choice":"Fought Nobs","floor":19.0,"gold_loss":0.0,"damage_taken":0.0},{"damage_healed":0.0,"max_hp_gain":0.0,"max_hp_loss":0.0,"gold_gain":0.0,"event_name":"Addict","player_choice":"Obtained Relic","floor":20.0,"gold_loss":85.0,"damage_taken":0.0,"relics_obtained":["MawBank"]},{"damage_healed":0.0,"max_hp_gain":0.0,"max_hp_loss":0.0,"gold_gain":0.0,"event_name":"Cursed Tome","player_choice":"Obtained Book","floor":21.0,"gold_loss":0.0,"damage_taken":16.0},{"damage_healed":0.0,"max_hp_gain":0.0,"max_hp_loss":0.0,"gold_gain":0.0,"event_name":"Back to Basics","player_choice":"Simplicity","floor":22.0,"gold_loss":0.0,"damage_taken":0.0,"cards_upgraded":["Strike_R","Strike_R","Defend_R","Defend_R","Defend_R"]},{"cards_removed":["Strike_R"],"damage_healed":0.0,"max_hp_gain":0.0,"max_hp_loss":0.0,"gold_gain":0.0,"event_name":"Falling","player_choice":"Removed Attack","floor":37.0,"gold_loss":0.0,"damage_taken":0.0},{"damage_healed":0.0,"max_hp_gain":0.0,"max_hp_loss":0.0,"gold_gain":0.0,"event_name":"Winding Halls","player_choice":"Embrace Madness","floor":39.0,"gold_loss":0.0,"damage_taken":10.0,"cards_obtained":["Madness","Madness"]},{"damage_healed":0.0,"max_hp_gain":0.0,"max_hp_loss":0.0,"gold_gain":0.0,"event_name":"Mysterious Sphere","player_choice":"Fight","floor":44.0,"gold_loss":0.0,"damage_taken":0.0}],"is_beta":false,"boss_relics":[{"not_picked":["White Beast Statue","Philosopher\u0027s Stone"],"picked":"Velvet Choker"},{"not_picked":["Tiny House","Coffee Dripper"],"picked":"Mark of Pain"}],"items_purged_floors":[28,41],"is_endless":false,"potions_floor_spawned":[5,11,19,24,29,30,45,48],"ascension_level":6}