{"gold_per_floor":[115,115,130,145,145,145,169,207,231,247,247,247,268,307,307,426,426,410,433,448,481,501,501,501],"floor_reached":24,"playtime":1745,"items_purged":[],"score":315,"play_id":"45d293fd-12e4-4740-8340-860306dd10fc","local_time":"20190812124701","is_ascension_mode":true,"campfire_choices":[{"data":"Dash","floor":6.0,"key":"SMITH"},{"floor":11.0,"key":"REST"},{"data":"Noxious Fumes","floor":15.0,"key":"SMITH"},{"floor":23.0,"key":"REST"}],"neow_cost":"NONE","seed_source_timestamp":1171733252993607,"circlet_count":0,"master_deck":["AscendersBane","Strike_G","Strike_G","Strike_G","Strike_G","Strike_G","Defend_G","Defend_G","Defend_G","Defend_G","Defend_G","Survivor","Neutralize+1","Dash+1","Flying Knee","Noxious Fumes+1","Cloak And Dagger","Poisoned Stab","Acrobatics","Adrenaline","Catalyst","Noxious Fumes","Skewer+1","Predator+1"],"special_seed":0,"relics":["Ring of the Snake","Regal Pillow","Golden Idol","Art of War","Anchor","Bronze Scales","Snecko Eye","Red Mask"],"potions_floor_usage":[24],"damage_taken":[{"damage":1.0,"enemies":"Jaw Worm","floor":1.0,"turns":5.0},{"damage":0.0,"enemies":"2 Louse","floor":3.0,"turns":2.0},{"damage":0.0,"enemies":"Cultist","floor":4.0,"turns":4.0},{"damage":15.0,"enemies":"Exordium Wildlife","floor":7.0,"turns":6.0},{"damage":16.0,"enemies":"Gremlin Nob","floor":8.0,"turns":5.0},{"damage":1.0,"enemies":"Blue Slaver","floor":10.0,"turns":4.0},{"damage":5.0,"enemies":"Lots of Slimes","floor":13.0,"turns":5.0},{"damage":19.0,"enemies":"3 Sentries","floor":14.0,"turns":8.0},{"damage":14.0,"enemies":"The Guardian","floor":16.0,"turns":11.0},{"damage":0.0,"enemies":"2 Thieves","floor":18.0,"turns":4.0},{"damage":0.0,"enemies":"Chosen","floor":19.0,"turns":4.0},{"damage":20.0,"enemies":"3 Cultists","floor":20.0,"turns":6.0},{"damage":27.0,"enemies":"Masked Bandits","floor":21.0,"turns":4.0},{"damage":9.0,"enemies":"Shelled Parasite and Fungi","floor":22.0,"turns":5.0},{"damage":44,"enemies":"Gremlin Leader","floor":24,"turns":2}],"seed_played":"2022526468388800577","potions_obtained":[{"floor":1.0,"key":"GhostInAJar"},{"floor":3.0,"key":"AttackPotion"},{"floor":14.0,"key":"Weak Potion"},{"floor":16.0,"key":"EssenceOfSteel"},{"floor":21.0,"key":"Dexterity Potion"}],"is_trial":false,"path_per_floor":["M","?","M","M","?","R","M","E","T","M","R","?","M","E","R","B",null,"M","M","M","?","M","R","E"],"character_chosen":"THE_SILENT","items_purchased":[],"campfire_rested":2,"item_purchase_floors":[],"current_hp_per_floor":[62,62,62,62,45,45,30,14,14,13,49,54,49,30,30,16,60,60,60,40,13,4,41,0],"gold":501,"neow_bonus":"RANDOM_COMMON_RELIC","is_prod":false,"is_daily":false,"chose_seed":false,"campfire_upgraded":2,"win_rate":0,"timestamp":1565628421,"path_taken":["M","?","M","M","?","R","M","E","T","M","R","?","M","E","R","BOSS","M","M","M","?","M","R","E"],"build_version":"2019-07-17","purchased_purges":0,"victory":false,"max_hp_per_floor":[70,70,70,70,70,70,70,70,70,70,70,75,75,75,75,75,75,75,75,75,75,75,75,75],"card_choices":[{"not_picked":["Terror","Prepared"],"picked":"Dash","floor":1.0},{"not_picked":["Deadly Poison","Accuracy"],"picked":"Flying Knee","floor":3.0},{"not_picked":["Dagger Spray","Prepared"],"picked":"Noxious Fumes","floor":4.0},{"not_picked":["Deflect","Setup","Predator"],"picked":"SKIP","floor":7.0},{"not_picked":["Endless Agony","Bane"],"picked":"Cloak And Dagger","floor":8.0},{"not_picked":["Quick Slash","Underhanded Strike"],"picked":"Poisoned Stab","floor":10.0},{"not_picked":["Bane","Accuracy","Endless Agony"],"picked":"SKIP","floor":13.0},{"not_picked":["Skewer","Underhanded Strike"],"picked":"Acrobatics","floor":14.0},{"not_picked":["Die Die Die","Envenom"],"picked":"Adrenaline","floor":16.0},{"not_picked":["Riddle With Holes","Dagger Throw"],"picked":"Catalyst","floor":18.0},{"not_picked":["Escape Plan","Deadly Poison"],"picked":"Noxious Fumes","floor":19.0},{"not_picked":["Dagger Throw","Acrobatics"],"picked":"Skewer+1","floor":20.0},{"not_picked":["Skewer","Deflect"],"picked":"Predator+1","floor":21.0},{"not_picked":["Heel Hook","Skewer+1","Setup+1"],"picked":"SKIP","floor":22.0}],"player_experience":458543,"relics_obtained":[{"floor":8.0,"key":"Art of War"},{"floor":9.0,"key":"Anchor"},{"floor":14.0,"key":"Bronze Scales"},{"floor":21.0,"key":"Red Mask"}],"event_choices":[{"damage_healed":0.0,"max_hp_gain":0.0,"max_hp_loss":0.0,"gold_gain":0.0,"event_name":"Living Wall","player_choice":"Grow","floor":2.0,"gold_loss":0.0,"damage_taken":0.0,"cards_upgraded":["Neutralize"]},{"damage_healed":0.0,"max_hp_gain":0.0,"max_hp_loss":0.0,"gold_gain":0.0,"event_name":"Golden Idol","player_choice":"Take Damage","floor":5.0,"gold_loss":0.0,"damage_taken":17.0,"relics_obtained":["Golden Idol"]},{"damage_healed":0.0,"max_hp_gain":5.0,"max_hp_loss":0.0,"gold_gain":0.0,"event_name":"Big Fish","player_choice":"Donut","floor":12.0,"gold_loss":0.0,"damage_taken":0.0},{"damage_healed":0.0,"max_hp_gain":0.0,"max_hp_loss":0.0,"gold_gain":0.0,"event_name":"Masked Bandits","player_choice":"Fought Bandits","floor":21.0,"gold_loss":0.0,"damage_taken":0.0}],"is_beta":false,"boss_relics":[{"not_picked":["Busted Crown","Fusion Hammer"],"picked":"Snecko Eye"}],"items_purged_floors":[],"is_endless":false,"potions_floor_spawned":[1,3,14,16,21],"killed_by":"Gremlin Leader","ascension_level":10}