{"gold_per_floor":[113,188,63,63,75,87,101,101,101,117,117,17,17,35,35,35],"floor_reached":16,"playtime":370,"items_purged":["Defend_R","Defend_R"],"score":92,"play_id":"2225f9d4-9cca-45ee-adc0-c6f55ecc537f","local_time":"20180925112345","is_ascension_mode":false,"campfire_choices":[{"data":"Spot Weakness","floor":8,"key":"SMITH"},{"data":"Sword Boomerang","floor":11,"key":"SMITH"},{"data":"Sever Soul","floor":13,"key":"SMITH"},{"floor":15,"key":"REST"}],"neow_cost":"","seed_source_timestamp":544738707283991,"circlet_count":0,"master_deck":["Strike_R","Strike_R","Strike_R","Strike_R","Strike_R","Defend_R","Defend_R","Bash","Spot Weakness+1","Sever Soul+1","Cleave","Sword Boomerang+1"],"relics":["Burning Blood","Self Forming Clay"],"potions_floor_usage":[],"damage_taken":[{"damage":1,"enemies":"2 Louse","floor":1,"turns":2},{"damage":1,"enemies":"Jaw Worm","floor":5,"turns":3},{"damage":1,"enemies":"Cultist","floor":6,"turns":3},{"damage":13,"enemies":"Red Slaver","floor":7,"turns":2},{"damage":17,"enemies":"Exordium Wildlife","floor":10,"turns":5},{"damage":0,"enemies":"Lots of Slimes","floor":14,"turns":1},{"damage":0,"enemies":"Slime Boss","floor":16,"turns":1}],"seed_played":"2207997907942856867","potions_obtained":[{"floor":5,"key":"BloodPotion"},{"floor":6,"key":"Weak Potion"},{"floor":7,"key":"SkillPotion"}],"is_trial":false,"path_per_floor":["M","?","$","?","M","M","M","R","T","M","R","$","R","M","R"],"character_chosen":"IRONCLAD","items_purchased":["Clash"],"campfire_rested":1,"item_purchase_floors":[3],"current_hp_per_floor":[80,69,69,69,74,79,72,72,72,61,61,61,61,67,80,80],"gold":35,"neow_bonus":"","is_prod":false,"is_daily":false,"chose_seed":false,"campfire_upgraded":3,"win_rate":0,"timestamp":1537899825,"path_taken":["M","?","$","?","M","M","M","R","T","M","R","$","R","?","R","BOSS"],"build_version":"2018-09-20","purchased_purges":2,"victory":false,"max_hp_per_floor":[80,80,80,80,80,80,80,80,80,80,80,80,80,80,80,80],"card_choices":[{"not_picked":["Heavy Blade","Dual Wield"],"picked":"Spot Weakness","floor":1},{"not_picked":["Shrug It Off","True Grit"],"picked":"Sever Soul","floor":5},{"not_picked":["Body Slam","Combust","Iron Wave"],"picked":"SKIP","floor":6},{"not_picked":["Rampage","Body Slam"],"picked":"Cleave","floor":7},{"not_picked":["Power Through","Bludgeon"],"picked":"Sword Boomerang","floor":10},{"not_picked":["Fire Breathing","Clothesline","Sentinel"],"picked":"SKIP","floor":14}],"player_experience":841277,"relics_obtained":[{"floor":9,"key":"Self Forming Clay"}],"event_choices":[{"event_name":"World of Goop","player_choice":"Gather Gold","floor":2,"damage_taken":0},{"event_name":"Purifier","player_choice":"One Purge","floor":4,"damage_taken":0}],"is_beta":false,"boss_relics":[],"items_purged_floors":[3,12],"is_endless":false,"potions_floor_spawned":[5,6,7],"killed_by":"Slime Boss","ascension_level":0}