{"gold_per_floor":[116,191,207,43,53,83,83,258,258,258,286,296,308,308,308,407,407,425,442,455,455,230,230,260,260],"floor_reached":25,"playtime":2059,"items_purged":["Strike_G"],"score":323,"play_id":"d13ba822-4fef-45c1-a869-e0ce80447fa3","local_time":"20181216155138","is_ascension_mode":true,"campfire_choices":[{"floor":7,"key":"REST"},{"floor":15,"key":"REST"},{"data":"Panache","floor":23,"key":"SMITH"}],"neow_cost":"NONE","seed_source_timestamp":247161861543876,"circlet_count":0,"master_deck":["Defend_G","Defend_G","Defend_G","Defend_G+1","Strike_G","Strike_G","Strike_G","Survivor","Neutralize","Quick Slash","Masterful Stab+1","Choke","Panache+1","Distraction","Blade Dance","Terror+1","Phantasmal Killer+1","Blade Dance+1","Finisher","Backstab","Die Die Die"],"relics":["Ring of the Snake","Anchor","Toxic Egg 2","Singing Bowl","Empty Cage","Nloth\u0027s Gift","PreservedInsect","Shovel"],"potions_floor_usage":[11,16,25],"damage_taken":[{"damage":0,"enemies":"Small Slimes","floor":1,"turns":3},{"damage":0,"enemies":"2 Louse","floor":3,"turns":2},{"damage":0,"enemies":"Cultist","floor":5,"turns":2},{"damage":22,"enemies":"3 Sentries","floor":6,"turns":10},{"damage":2,"enemies":"Gremlin Nob","floor":11,"turns":3},{"damage":0,"enemies":"Blue Slaver","floor":12,"turns":3},{"damage":0,"enemies":"Lots of Slimes","floor":13,"turns":2},{"damage":48,"enemies":"Hexaghost","floor":16,"turns":10},{"damage":1,"enemies":"3 Byrds","floor":18,"turns":3},{"damage":0,"enemies":"Chosen","floor":19,"turns":4},{"damage":12,"enemies":"Snake Plant","floor":20,"turns":3},{"damage":24,"enemies":"Slavers","floor":24,"turns":4},{"damage":27,"enemies":"Shelled Parasite and Fungi","floor":25,"turns":3}],"seed_played":"5004786439843588673","potions_obtained":[{"floor":6,"key":"FearPotion"},{"floor":11,"key":"SpeedPotion"},{"floor":13,"key":"AttackPotion"},{"floor":16,"key":"Energy Potion"},{"floor":19,"key":"SteroidPotion"}],"is_trial":false,"path_per_floor":["M","?","M","$","M","E","R","?","T","?","E","M","M","?","R","B",null,"M","M","M","?","$","R","E","M"],"character_chosen":"THE_SILENT","items_purchased":["Panache","PreservedInsect"],"campfire_rested":2,"item_purchase_floors":[4,22],"current_hp_per_floor":[63,52,52,52,52,30,51,51,51,37,37,39,39,39,61,13,59,58,58,46,46,46,46,22,0],"gold":260,"neow_bonus":"TRANSFORM_CARD","is_prod":false,"is_daily":false,"chose_seed":false,"campfire_upgraded":1,"win_rate":0,"timestamp":1545004298,"path_taken":["M","?","M","$","M","E","R","?","T","?","E","M","M","?","R","BOSS","M","M","?","?","$","R","E","M"],"build_version":"2018-12-13","purchased_purges":1,"victory":false,"max_hp_per_floor":[70,70,70,70,70,70,70,70,70,70,72,74,74,74,74,74,74,74,74,74,74,74,74,74,74],"card_choices":[{"not_picked":["Bane","Deadly Poison"],"picked":"Masterful Stab","floor":1},{"not_picked":["Underhanded Strike","Heel Hook"],"picked":"Choke","floor":3},{"not_picked":["Blur","Catalyst"],"picked":"Distraction","floor":5},{"not_picked":["Deflect","Masterful Stab"],"picked":"Blade Dance","floor":6},{"not_picked":["Riddle With Holes","Reflex+1","Acrobatics+1"],"picked":"Singing Bowl","floor":11},{"not_picked":["Dagger Throw","Slice","Poisoned Stab"],"picked":"Singing Bowl","floor":12},{"not_picked":["PiercingWail+1","Distraction+1"],"picked":"Terror+1","floor":13},{"not_picked":["Wraith Form v2","Envenom"],"picked":"Phantasmal Killer+1","floor":16},{"not_picked":["Dagger Spray","Deflect+1"],"picked":"Blade Dance+1","floor":18},{"not_picked":["Dagger Throw+1","Quick Slash"],"picked":"Finisher","floor":19},{"not_picked":["Dagger Spray","Sucker Punch+1"],"picked":"Backstab","floor":20},{"not_picked":["Underhanded Strike","Bane"],"picked":"Die Die Die","floor":24}],"player_experience":1052088,"relics_obtained":[{"floor":6,"key":"Anchor"},{"floor":9,"key":"Toxic Egg 2"},{"floor":11,"key":"Singing Bowl"},{"floor":24,"key":"Shovel"}],"event_choices":[{"damage_healed":0,"gold_gain":75,"player_choice":"Gather Gold","damage_taken":11,"max_hp_gain":0,"max_hp_loss":0,"event_name":"World of Goop","floor":2,"gold_loss":0},{"damage_healed":0,"gold_gain":175,"player_choice":"AGREE","damage_taken":0,"max_hp_gain":0,"max_hp_loss":0,"event_name":"Liars Game","floor":8,"gold_loss":0,"cards_obtained":["Doubt"]},{"damage_healed":0,"gold_gain":0,"player_choice":"Entered Light","damage_taken":14,"max_hp_gain":0,"max_hp_loss":0,"event_name":"Shining Light","floor":10,"gold_loss":0,"cards_upgraded":["Masterful Stab","Defend_G"]},{"damage_healed":0,"gold_gain":0,"player_choice":"Gave Potion","damage_taken":0,"relics_obtained":["Sundial"],"max_hp_gain":0,"max_hp_loss":0,"event_name":"WeMeetAgain","floor":14,"gold_loss":0},{"damage_healed":0,"gold_gain":0,"player_choice":"Traded Relic","damage_taken":0,"relics_obtained":["Nloth\u0027s Gift"],"max_hp_gain":0,"max_hp_loss":0,"event_name":"N\u0027loth","floor":21,"relics_lost":["Sundial"],"gold_loss":0}],"is_beta":false,"boss_relics":[{"not_picked":["Tiny House","Calling Bell"],"picked":"Empty Cage"}],"items_purged_floors":[22],"is_endless":false,"potions_floor_spawned":[6,11,13,16,19],"killed_by":"Shelled Parasite and Fungi","ascension_level":8}