{"gold_per_floor":[117,131,131,131,150,150,150,150,205,205,217,217,228,248,248,343],"floor_reached":16,"playtime":390,"items_purged":[],"score":142,"play_id":"02f53d58-8ec0-43d5-aee4-f9332ecd2f9c","local_time":"20180921130210","is_ascension_mode":false,"campfire_choices":[{"data":"Clash","floor":6,"key":"SMITH"},{"data":"Bash","floor":10,"key":"SMITH"},{"data":"Headbutt","floor":12,"key":"SMITH"},{"data":"Flex","floor":15,"key":"SMITH"}],"neow_cost":"","seed_source_timestamp":226615551905499,"circlet_count":0,"master_deck":["Strike_R","Strike_R","Strike_R","Strike_R","Strike_R","Defend_R","Bash+1","Headbutt+1","Clash+1","Pummel","Flex+1"],"relics":["Burning Blood","Oddly Smooth Stone"],"potions_floor_usage":[],"damage_taken":[{"damage":1,"enemies":"Jaw Worm","floor":1,"turns":3},{"damage":1,"enemies":"Cultist","floor":2,"turns":4},{"damage":0,"enemies":"Small Slimes","floor":5,"turns":3},{"damage":22,"enemies":"Exordium Thugs","floor":11,"turns":3},{"damage":0,"enemies":"2 Fungi Beasts","floor":13,"turns":2},{"damage":0,"enemies":"Exordium Wildlife","floor":14,"turns":2},{"damage":19,"enemies":"Slime Boss","floor":16,"turns":6}],"seed_played":"-7642716401149624776","potions_obtained":[{"floor":1,"key":"GamblersBrew"},{"floor":5,"key":"Dexterity Potion"},{"floor":13,"key":"AttackPotion"}],"is_trial":false,"path_per_floor":["M","M","?","?","M","R","?","?","T","R","M","R","M","M","R"],"character_chosen":"IRONCLAD","items_purchased":[],"campfire_rested":0,"item_purchase_floors":[],"current_hp_per_floor":[80,80,80,73,79,79,79,79,79,79,63,63,69,75,75,62],"gold":343,"neow_bonus":"","is_prod":false,"is_daily":false,"chose_seed":false,"campfire_upgraded":4,"win_rate":0,"timestamp":1537560130,"path_taken":["M","M","?","?","?","R","?","?","T","R","M","R","M","M","R","BOSS"],"build_version":"2018-09-20","purchased_purges":0,"victory":false,"max_hp_per_floor":[80,80,80,80,80,80,80,80,80,80,80,80,80,80,80,80],"card_choices":[{"not_picked":["Evolve","Seeing Red","Dual Wield"],"picked":"SKIP","floor":1},{"not_picked":["Havoc","True Grit"],"picked":"Headbutt","floor":2},{"not_picked":["Dual Wield","Dropkick"],"picked":"Clash","floor":5},{"not_picked":["Shockwave","Reckless Charge","Evolve"],"picked":"SKIP","floor":11},{"not_picked":["Infernal Blade","Pommel Strike"],"picked":"Pummel","floor":13},{"not_picked":["True Grit","Entrench"],"picked":"Flex","floor":14}],"player_experience":832993,"relics_obtained":[{"floor":9,"key":"Oddly Smooth Stone"}],"event_choices":[{"event_name":"Bonfire Elementals","player_choice":"BASIC","floor":3,"damage_taken":0},{"event_name":"Golden Wing","player_choice":"Card Removal","floor":4,"damage_taken":0},{"event_name":"Liars Game","player_choice":"disagreed","floor":7,"damage_taken":0},{"event_name":"Living Wall","player_choice":"Forget","floor":8,"damage_taken":0}],"is_beta":false,"boss_relics":[],"items_purged_floors":[],"is_endless":false,"potions_floor_spawned":[1,5,13],"killed_by":"Slime Boss","ascension_level":0}