{"gold_per_floor":[116,116,135,155,82,111,111,123,198,198,218,218,232,245,245,348,348,362,362,372,390,407,407,425,425,425,460,58,58,58],"floor_reached":30,"playtime":3128,"items_purged":[],"score":264,"play_id":"6968761f-3a18-46af-8b83-44514e6915c4","local_time":"20190212140657","is_ascension_mode":false,"campfire_choices":[{"data":"Genetic Algorithm","floor":7,"key":"SMITH"},{"floor":12,"key":"REST"},{"floor":15,"key":"REST"},{"data":"Zap","floor":23,"key":"SMITH"},{"data":"Multi-Cast","floor":25,"key":"SMITH"}],"neow_cost":"NONE","seed_source_timestamp":225858521237299,"circlet_count":0,"master_deck":["Strike_B","Strike_B","Strike_B","Strike_B","Defend_B","Defend_B+1","Defend_B","Defend_B","Zap+1","Dualcast","Steam Power","Gash","Leap","Genetic Algorithm+1","BootSequence+1","Rebound","Tempest","Skim","Multi-Cast+1","Go for the Eyes+1","Defragment+1","Sunder+1","Regret","Thunder Strike+1","Pain"],"relics":["Cracked Core","NeowsBlessing","Nunchaku","Molten Egg 2","War Paint","Cursed Key","Orichalcum","Gambling Chip","Letter Opener","Darkstone Periapt","Juzu Bracelet","Pen Nib"],"potions_floor_usage":[6,10,10,27,27,27],"damage_taken":[{"damage":0,"enemies":"Cultist","floor":1,"turns":1},{"damage":0,"enemies":"Jaw Worm","floor":3,"turns":1},{"damage":0,"enemies":"2 Louse","floor":4,"turns":1},{"damage":22,"enemies":"Gremlin Nob","floor":6,"turns":4},{"damage":11,"enemies":"Lots of Slimes","floor":8,"turns":5},{"damage":30,"enemies":"3 Sentries","floor":10,"turns":7},{"damage":0,"enemies":"3 Louse","floor":11,"turns":3},{"damage":8,"enemies":"Exordium Wildlife","floor":13,"turns":5},{"damage":1,"enemies":"2 Fungi Beasts","floor":14,"turns":3},{"damage":35,"enemies":"The Guardian","floor":16,"turns":14},{"damage":25,"enemies":"2 Thieves","floor":18,"turns":4},{"damage":5,"enemies":"Spheric Guardian","floor":20,"turns":4},{"damage":2,"enemies":"Chosen and Byrds","floor":21,"turns":6},{"damage":3,"enemies":"Snecko","floor":22,"turns":6},{"damage":4,"enemies":"Centurion and Healer","floor":24,"turns":6},{"damage":25,"enemies":"Slavers","floor":27,"turns":5},{"damage":18,"enemies":"Gremlin Leader","floor":30,"turns":3}],"seed_played":"9172339728547247403","potions_obtained":[{"floor":1,"key":"AttackPotion"},{"floor":4,"key":"SkillPotion"},{"floor":6,"key":"Weak Potion"},{"floor":10,"key":"Swift Potion"},{"floor":14,"key":"Block Potion"},{"floor":20,"key":"GamblersBrew"},{"floor":24,"key":"Dexterity Potion"},{"floor":27,"key":"SteroidPotion"}],"is_trial":false,"path_per_floor":["M","$","M","M","$","E","R","M","T","E","M","R","M","M","R","B",null,"M","?","M","M","M","R","M","R","T","E","$","T","E"],"character_chosen":"DEFECT","items_purchased":["Genetic Algorithm","Darkstone Periapt","Juzu Bracelet"],"campfire_rested":2,"item_purchase_floors":[5,28,28],"current_hp_per_floor":[75,75,75,75,75,53,53,42,42,12,12,34,26,25,47,12,75,50,50,45,43,40,40,36,36,36,11,11,17,0],"gold":58,"neow_bonus":"THREE_ENEMY_KILL","is_prod":false,"is_daily":false,"chose_seed":false,"campfire_upgraded":3,"win_rate":0.0,"timestamp":1549976817,"path_taken":["M","?","?","M","$","E","R","M","T","E","M","R","M","M","R","BOSS","M","?","M","M","M","R","?","R","T","E","?","?","E"],"build_version":"2019-02-06","purchased_purges":0,"victory":false,"max_hp_per_floor":[75,75,75,75,75,75,75,75,75,75,75,75,75,75,75,75,75,75,75,75,75,75,75,75,75,75,75,75,81,81],"card_choices":[{"not_picked":["Hologram","Steam"],"picked":"Steam Power","floor":1},{"not_picked":["Tempest","Self Repair"],"picked":"Gash","floor":3},{"not_picked":["Beam Cell","Steam"],"picked":"Leap","floor":4},{"not_picked":["Lockon","Steam Power"],"picked":"BootSequence","floor":6},{"not_picked":["Aggregate","Cold Snap"],"picked":"Rebound","floor":8},{"not_picked":["Thunder Strike+1","Auto Shields"],"picked":"Tempest","floor":10},{"not_picked":["Barrage+1","Self Repair"],"picked":"Skim","floor":11},{"not_picked":["Reinforced Body","Conserve Battery","Self Repair"],"picked":"SKIP","floor":13},{"not_picked":["Steam","White Noise","Coolheaded"],"picked":"SKIP","floor":14},{"not_picked":["Meteor Strike+1","Rainbow"],"picked":"Multi-Cast","floor":16},{"not_picked":["Barrage+1","Coolheaded+1","Glacier"],"picked":"SKIP","floor":18},{"not_picked":["Storm+1","Hologram"],"picked":"Go for the Eyes+1","floor":20},{"not_picked":["Rebound+1","Auto Shields+1"],"picked":"Defragment+1","floor":21},{"not_picked":["Steam","Streamline+1"],"picked":"Sunder+1","floor":22},{"not_picked":["Skim","Buffer","Rebound+1"],"picked":"SKIP","floor":24},{"not_picked":["Heatsinks","Reprogram"],"picked":"Thunder Strike+1","floor":27}],"player_experience":102900,"relics_obtained":[{"floor":6,"key":"Nunchaku"},{"floor":9,"key":"Molten Egg 2"},{"floor":10,"key":"War Paint"},{"floor":26,"key":"Gambling Chip"},{"floor":27,"key":"Letter Opener"},{"floor":29,"key":"Pen Nib"}],"event_choices":[{"damage_healed":0,"gold_gain":0,"player_choice":"Gave Potion","damage_taken":0,"relics_obtained":["Orichalcum"],"max_hp_gain":0,"max_hp_loss":0,"event_name":"WeMeetAgain","floor":19,"gold_loss":0}],"is_beta":true,"boss_relics":[{"not_picked":["Runic Pyramid","Astrolabe"],"picked":"Cursed Key"}],"items_purged_floors":[],"is_endless":false,"potions_floor_spawned":[1,4,6,10,14,20,24,27],"killed_by":"Gremlin Leader","ascension_level":0}