{"gold_per_floor":[109,59,59,19,19,19,94,94,94,127,140,155,155,167,167,265,265,275,275,275,275,275,275,290,290,317,333,333,333,333,346,346,346],"floor_reached":33,"playtime":1600,"items_purged":[],"score":291,"play_id":"11e6de7f-e887-402a-aed4-a690f3f66394","local_time":"20190810210520","is_ascension_mode":false,"campfire_choices":[{"data":"Whirlwind","floor":6.0,"key":"SMITH"},{"data":"Seeing Red","floor":13.0,"key":"SMITH"},{"data":"Armaments","floor":15.0,"key":"SMITH"},{"data":"J.A.X.","floor":23,"key":"SMITH"},{"data":"Berserk","floor":25,"key":"SMITH"},{"data":"Pommel Strike","floor":29,"key":"SMITH"},{"data":"Second Wind","floor":32,"key":"SMITH"}],"neow_cost":"NONE","seed_source_timestamp":0,"circlet_count":0,"master_deck":["Strike_R","Strike_R","Strike_R","Defend_R","Defend_R","Defend_R","Defend_R","Bash","Pommel Strike+1","Whirlwind+1","Armaments+1","Seeing Red+1","Berserk+1","Pommel Strike+1","Juggernaut","Second Wind+1","J.A.X.+1","Bludgeon+1"],"special_seed":0,"relics":["Black Blood","Mummified Hand","Thread and Needle","Letter Opener","Molten Egg 2","Omamori","Kunai","Orichalcum"],"potions_floor_usage":[18,24,33,33],"damage_taken":[{"damage":5.0,"enemies":"Cultist","floor":1.0,"turns":4.0},{"damage":20.0,"enemies":"Gremlin Nob","floor":10.0,"turns":4.0},{"damage":4.0,"enemies":"Small Slimes","floor":11.0,"turns":3.0},{"damage":0.0,"enemies":"Jaw Worm","floor":12.0,"turns":3.0},{"damage":3.0,"enemies":"Looter","floor":14.0,"turns":4.0},{"damage":0.0,"enemies":"Slime Boss","floor":16.0,"turns":6.0},{"damage":13,"enemies":"Spheric Guardian","floor":18,"turns":4},{"damage":9,"enemies":"2 Thieves","floor":24,"turns":3},{"damage":11,"enemies":"3 Cultists","floor":27,"turns":3},{"damage":6,"enemies":"Snecko","floor":31,"turns":4},{"damage":92,"enemies":"Collector","floor":33,"turns":7}],"seed_played":"-2268167974013535615","potions_obtained":[{"floor":10.0,"key":"SpeedPotion"},{"floor":12.0,"key":"PowerPotion"},{"floor":14.0,"key":"FearPotion"},{"floor":27,"key":"Energy Potion"},{"floor":31,"key":"Strength Potion"}],"is_trial":false,"path_per_floor":["M","?","?","$","?","R","?","T","T","E","M","M","R","M","R","B",null,"M","?","?","$","?","R","M","R","T","M","?","R","?","M","R","B"],"character_chosen":"IRONCLAD","items_purchased":["Whirlwind"],"campfire_rested":0,"item_purchase_floors":[4],"current_hp_per_floor":[80,80,80,80,77,77,66,66,66,52,54,60,60,63,63,69,80,77,77,77,77,77,77,78,78,78,77,77,77,77,80,80,0],"gold":346,"neow_bonus":"REMOVE_CARD","is_prod":false,"is_daily":false,"chose_seed":false,"campfire_upgraded":7,"win_rate":0.0,"timestamp":1565442320,"path_taken":["M","?","?","?","?","R","?","?","T","E","?","M","R","M","R","BOSS","M","?","?","$","?","R","M","R","T","?","?","R","?","M","R","BOSS"],"build_version":"2019-07-17","purchased_purges":0,"victory":false,"max_hp_per_floor":[80,80,80,80,80,80,80,80,80,80,80,80,80,80,80,80,80,80,80,80,80,80,80,80,80,80,80,80,80,80,80,80,80],"card_choices":[{"not_picked":["Anger","True Grit"],"picked":"Pommel Strike","floor":1.0},{"not_picked":["Carnage","True Grit"],"picked":"Armaments","floor":10.0},{"not_picked":["Clothesline+1","Perfected Strike+1"],"picked":"Seeing Red","floor":11.0},{"not_picked":["Reckless Charge+1","True Grit"],"picked":"Berserk","floor":12.0},{"not_picked":["Warcry","Clash+1"],"picked":"Pommel Strike+1","floor":14.0},{"not_picked":["Feed+1","Fiend Fire+1"],"picked":"Juggernaut","floor":16.0},{"not_picked":["Clash+1","Perfected Strike+1"],"picked":"Second Wind","floor":18},{"not_picked":["Iron Wave+1","Thunderclap+1","Headbutt+1"],"picked":"SKIP","floor":24},{"not_picked":["Second Wind","Iron Wave+1","Shockwave"],"picked":"SKIP","floor":27},{"not_picked":["Thunderclap+1","Sword Boomerang+1","Rampage+1"],"picked":"SKIP","floor":31}],"player_experience":32981,"relics_obtained":[{"floor":8.0,"key":"Thread and Needle"},{"floor":9.0,"key":"Letter Opener"},{"floor":10.0,"key":"Molten Egg 2"},{"floor":26,"key":"Omamori"}],"event_choices":[{"cards_removed":["Strike_R"],"damage_healed":0.0,"max_hp_gain":0.0,"max_hp_loss":0.0,"gold_gain":0.0,"event_name":"The Cleric","player_choice":"Card Removal","floor":2.0,"gold_loss":50.0,"damage_taken":0.0},{"damage_healed":0.0,"max_hp_gain":0.0,"max_hp_loss":0.0,"gold_gain":0.0,"event_name":"Liars Game","player_choice":"Ignored","floor":3.0,"gold_loss":0.0,"damage_taken":0.0},{"damage_healed":0.0,"max_hp_gain":0.0,"max_hp_loss":0.0,"gold_gain":0.0,"event_name":"Scrap Ooze","player_choice":"Success","floor":5.0,"gold_loss":0.0,"damage_taken":3.0,"relics_obtained":["Mummified Hand"]},{"damage_healed":0.0,"max_hp_gain":0.0,"max_hp_loss":0.0,"gold_gain":75.0,"event_name":"World of Goop","player_choice":"Gather Gold","floor":7.0,"gold_loss":0.0,"damage_taken":11.0},{"damage_healed":0,"gold_gain":0,"player_choice":"Obtain J.A.X.","damage_taken":0,"max_hp_gain":0,"max_hp_loss":0,"event_name":"Drug Dealer","floor":19,"gold_loss":0,"cards_obtained":["J.A.X."]},{"damage_healed":0,"gold_gain":0,"player_choice":"Ignored","damage_taken":0,"max_hp_gain":0,"max_hp_loss":0,"event_name":"Ghosts","floor":20,"gold_loss":0},{"damage_healed":0,"gold_gain":0,"player_choice":"1 cards matched","damage_taken":0,"max_hp_gain":0,"max_hp_loss":0,"event_name":"Match and Keep!","floor":22,"gold_loss":0,"cards_obtained":["Bludgeon"]},{"damage_healed":0,"gold_gain":0,"player_choice":"Stole Relic","damage_taken":0,"relics_obtained":["Kunai"],"max_hp_gain":0,"max_hp_loss":0,"event_name":"Addict","floor":28,"gold_loss":0,"cards_obtained":["Shame"]},{"damage_healed":0,"gold_gain":0,"player_choice":"Opened","damage_taken":0,"relics_obtained":["Orichalcum"],"max_hp_gain":0,"max_hp_loss":0,"event_name":"The Mausoleum","floor":30,"gold_loss":0,"cards_obtained":["Writhe"]}],"is_beta":false,"boss_relics":[{"not_picked":["Runic Pyramid","Calling Bell"],"picked":"Black Blood"}],"items_purged_floors":[],"is_endless":false,"potions_floor_spawned":[10,12,14,27,31],"killed_by":"Collector","ascension_level":0}