{"gold_per_floor":[116,136,61,61,71,105,105,117,117,117,128,28,28,44,44,147,147,161,161,161,178,53,53,67,67,94,106,143,5,25,35,35,130,130,148,165,165,165,41,41,53,29,79,89,43,43,43,54,54,54],"floor_reached":51,"playtime":4102,"items_purged":["Strike_B","Strike_B","Defend_B","Defend_B"],"score":642,"play_id":"859edd49-a94c-46ad-9440-9a6276580bba","local_time":"20190812211840","is_ascension_mode":false,"campfire_choices":[{"data":"Glacier","floor":7.0,"key":"SMITH"},{"data":"Consume","floor":10.0,"key":"SMITH"},{"data":"Zap","floor":13.0,"key":"SMITH"},{"data":"Defragment","floor":15.0,"key":"SMITH"},{"data":"Biased Cognition","floor":23.0,"key":"SMITH"},{"data":"Biased Cognition","floor":25.0,"key":"SMITH"},{"data":"Dualcast","floor":27.0,"key":"SMITH"},{"floor":32.0,"key":"REST"},{"data":"Gash","floor":40,"key":"SMITH"},{"floor":46,"key":"REST"},{"floor":49,"key":"REST"}],"neow_cost":"NONE","seed_source_timestamp":923695865767205,"circlet_count":0,"master_deck":["Defend_B","Zap+1","Dualcast+1","Seek","Go for the Eyes","Conserve Battery","Streamline","Glacier+1","Consume+1","Coolheaded","Stack+1","Defragment+1","Biased Cognition+1","Redo+1","Steam+1","Biased Cognition+1","Go for the Eyes+1","Blizzard","Defragment+1","White Noise+1","Rainbow+1","Blizzard+1","Tempest+1","Discovery+1","Gash+1","FTL","Coolheaded+1","Redo+1","Gash"],"special_seed":0,"relics":["Cracked Core","Dodecahedron","Toxic Egg 2","Empty Cage","Cables","MawBank","Singing Bowl","Philosopher\u0027s Stone","Pen Nib"],"potions_floor_usage":[50,50,50],"damage_taken":[{"damage":1.0,"enemies":"Cultist","floor":1.0,"turns":3.0},{"damage":1.0,"enemies":"Small Slimes","floor":2.0,"turns":3.0},{"damage":0.0,"enemies":"2 Louse","floor":5.0,"turns":3.0},{"damage":18.0,"enemies":"Lagavulin","floor":6.0,"turns":7.0},{"damage":0.0,"enemies":"Blue Slaver","floor":8.0,"turns":3.0},{"damage":0.0,"enemies":"Exordium Wildlife","floor":11.0,"turns":8.0},{"damage":2.0,"enemies":"3 Louse","floor":14.0,"turns":4.0},{"damage":2.0,"enemies":"The Guardian","floor":16.0,"turns":15.0},{"damage":14.0,"enemies":"Chosen","floor":18.0,"turns":6.0},{"damage":7.0,"enemies":"2 Thieves","floor":21.0,"turns":4.0},{"damage":0.0,"enemies":"Snake Plant","floor":24.0,"turns":4.0},{"damage":0.0,"enemies":"Slavers","floor":28.0,"turns":7.0},{"damage":8.0,"enemies":"Snecko","floor":30.0,"turns":3.0},{"damage":2.0,"enemies":"Cultist and Chosen","floor":31.0,"turns":5.0},{"damage":3,"enemies":"Automaton","floor":33,"turns":14},{"damage":10,"enemies":"3 Darklings","floor":35,"turns":4},{"damage":21,"enemies":"3 Shapes","floor":36,"turns":6},{"damage":0,"enemies":"Maw","floor":41,"turns":6},{"damage":22,"enemies":"3 Darklings","floor":44,"turns":5},{"damage":2,"enemies":"Writhing Mass","floor":48,"turns":5},{"damage":34,"enemies":"Awakened One","floor":50,"turns":12}],"seed_played":"-2571020495600241153","potions_obtained":[{"floor":2.0,"key":"FearPotion"},{"floor":5.0,"key":"AttackPotion"},{"floor":6.0,"key":"Block Potion"},{"floor":30.0,"key":"EssenceOfSteel"},{"floor":31.0,"key":"Weak Potion"}],"is_trial":false,"path_per_floor":["M","M","$","?","M","E","R","M","T","R","M","$","R","M","R","B",null,"M","T","?","M","$","R","M","R","T","R","E","$","M","M","R","B",null,"M","M","?","?","$","R","M","$","T","M","$","R","$","M","R","B",null],"character_chosen":"DEFECT","items_purchased":["Gash","FTL","Coolheaded+1","Gash"],"campfire_rested":3,"item_purchase_floors":[39,39,42,45],"current_hp_per_floor":[74,73,73,73,73,55,55,55,55,55,55,55,55,53,53,51,75,61,61,61,54,54,54,54,54,54,54,54,54,46,44,66,63,75,65,44,44,44,44,44,46,46,46,24,24,47,47,47,70,36],"gold":54,"neow_bonus":"ONE_RANDOM_RARE_CARD","is_prod":false,"is_daily":false,"chose_seed":false,"campfire_upgraded":8,"win_rate":0,"timestamp":1565637520,"path_taken":["M","?","$","?","?","E","R","M","T","R","M","$","R","M","R","BOSS","M","?","?","?","?","R","M","R","T","R","E","$","M","M","R","BOSS","M","?","?","?","?","R","M","?","T","M","$","R","$","M","R","BOSS"],"build_version":"2019-07-17","purchased_purges":4,"victory":true,"max_hp_per_floor":[75,75,75,75,75,75,75,75,75,75,75,75,75,75,75,75,75,75,75,75,75,75,75,75,75,75,75,75,75,75,75,75,75,75,75,75,75,75,75,75,77,77,77,77,77,77,77,79,79,79],"card_choices":[{"not_picked":["Barrage","Rip and Tear"],"picked":"Go for the Eyes","floor":1.0},{"not_picked":["Steam","Chaos"],"picked":"Conserve Battery","floor":2.0},{"not_picked":["Beam Cell","Cold Snap"],"picked":"Glacier","floor":5.0},{"not_picked":["Creative AI","Aggregate"],"picked":"Consume","floor":6.0},{"not_picked":["Cold Snap","BootSequence"],"picked":"Coolheaded","floor":8.0},{"not_picked":["Undo+1","Cold Snap"],"picked":"Stack+1","floor":11.0},{"not_picked":["Hello World","FTL"],"picked":"Defragment","floor":14.0},{"not_picked":["Creative AI","Fission+1"],"picked":"Biased Cognition","floor":16.0},{"not_picked":["Turbo+1","Sweeping Beam"],"picked":"Redo+1","floor":18.0},{"not_picked":["Streamline","Gash"],"picked":"Biased Cognition","floor":21.0},{"not_picked":["Rebound","Sweeping Beam"],"picked":"Go for the Eyes+1","floor":24.0},{"not_picked":["Reinforced Body+1","Scrape"],"picked":"Blizzard","floor":28.0},{"not_picked":["Turbo+1","Reprogram+1"],"picked":"Defragment+1","floor":30.0},{"not_picked":["Beam Cell","Steam+1"],"picked":"White Noise+1","floor":31.0},{"not_picked":["All For One","Multi-Cast+1"],"picked":"Rainbow+1","floor":33},{"not_picked":["Compile Driver+1","Consume+1"],"picked":"Blizzard+1","floor":35},{"not_picked":["Sweeping Beam+1","Scrape"],"picked":"Tempest+1","floor":36},{"not_picked":["Finesse+1","Violence+1"],"picked":"Discovery+1","floor":38},{"not_picked":["BootSequence+1","Storm+1","Steam+1"],"picked":"Singing Bowl","floor":41},{"not_picked":["Streamline+1","Rebound+1"],"picked":"Redo+1","floor":44},{"not_picked":["Beam Cell+1","Leap+1","Fusion+1"],"picked":"Singing Bowl","floor":48}],"player_experience":281596,"relics_obtained":[{"floor":6.0,"key":"Dodecahedron"},{"floor":9.0,"key":"Toxic Egg 2"},{"floor":19.0,"key":"Cables"},{"floor":26.0,"key":"MawBank"},{"floor":28.0,"key":"Singing Bowl"},{"floor":43,"key":"Pen Nib"}],"event_choices":[{"damage_healed":0.0,"max_hp_gain":0.0,"max_hp_loss":0.0,"gold_gain":0.0,"event_name":"Match and Keep!","player_choice":"2 cards matched","floor":4.0,"gold_loss":0.0,"damage_taken":0.0,"cards_obtained":["Melter","Streamline"]},{"damage_healed":0.0,"max_hp_gain":0.0,"max_hp_loss":0.0,"gold_gain":0.0,"cards_transformed":["Strike_B"],"event_name":"Transmorgrifier","player_choice":"Transformed","floor":20.0,"gold_loss":0.0,"damage_taken":0.0,"cards_obtained":["Steam"]},{"cards_removed":["Melter"],"damage_healed":0,"gold_gain":0,"player_choice":"Removed Attack","damage_taken":0,"max_hp_gain":0,"max_hp_loss":0,"event_name":"Falling","floor":37,"gold_loss":0},{"damage_healed":0,"gold_gain":0,"player_choice":"Memory 1","damage_taken":0,"max_hp_gain":0,"max_hp_loss":0,"event_name":"SensoryStone","floor":38,"gold_loss":0}],"is_beta":false,"boss_relics":[{"not_picked":["FrozenCore","Busted Crown"],"picked":"Empty Cage"},{"not_picked":["Black Star","Fusion Hammer"],"picked":"Philosopher\u0027s Stone"}],"items_purged_floors":[3,12,22,29],"is_endless":false,"potions_floor_spawned":[2,5,6,16,18,30,31,35,36,48],"ascension_level":0}