{"gold_per_floor":[109,109,127,140,140,155,168,168,194,209,209,238,23,52,52,155,205,216,216,216,227,152,152,152,152,152,164,174,200,218,234,234,234],"floor_reached":33,"playtime":3067,"items_purged":["Strike_G"],"score":249,"play_id":"7272f7f3-bdbf-4bb5-a329-74c0f8969004","local_time":"20190811162316","is_ascension_mode":false,"campfire_choices":[{"data":"Crippling Poison","floor":8.0,"key":"SMITH"},{"data":"Poisoned Stab","floor":11.0,"key":"SMITH"},{"floor":15,"key":"REST"},{"floor":23,"key":"REST"},{"data":"Catalyst","floor":25,"key":"SMITH"},{"floor":32,"key":"REST"}],"neow_cost":"NONE","seed_source_timestamp":0,"circlet_count":0,"master_deck":["Strike_G","Strike_G","Strike_G","Defend_G","Defend_G","Defend_G","Defend_G","Survivor","Neutralize","Unload","Crippling Poison+1","Bouncing Flask","Endless Agony+1","Poisoned Stab+1","Slice","PiercingWail","Deflect","Dash","Catalyst+1","Well Laid Plans","Predator","Endless Agony","Dodge and Roll+1","Footwork","Dodge and Roll","Backflip","Acrobatics"],"special_seed":0,"relics":["Ring of the Snake","Omamori","Blood Vial","Odd Mushroom","Tiny House","Necronomicon","Oddly Smooth Stone","Happy Flower"],"potions_floor_usage":[16,18,27,27,33],"damage_taken":[{"damage":2.0,"enemies":"Small Slimes","floor":1.0,"turns":4.0},{"damage":0.0,"enemies":"Cultist","floor":3.0,"turns":3.0},{"damage":3.0,"enemies":"Jaw Worm","floor":4.0,"turns":3.0},{"damage":12.0,"enemies":"Lots of Slimes","floor":6.0,"turns":4.0},{"damage":0.0,"enemies":"Exordium Wildlife","floor":7.0,"turns":4.0},{"damage":4.0,"enemies":"3 Louse","floor":10.0,"turns":3.0},{"damage":29.0,"enemies":"Lagavulin","floor":12.0,"turns":6.0},{"damage":6,"enemies":"The Mushroom Lair","floor":14,"turns":4},{"damage":7,"enemies":"Hexaghost","floor":16,"turns":6},{"damage":19,"enemies":"Spheric Guardian","floor":18,"turns":6},{"damage":21,"enemies":"2 Thieves","floor":21,"turns":4},{"damage":7,"enemies":"3 Cultists","floor":27,"turns":4},{"damage":18,"enemies":"Snake Plant","floor":28,"turns":5},{"damage":5,"enemies":"Snecko","floor":30,"turns":5},{"damage":12,"enemies":"3 Cultists","floor":31,"turns":8},{"damage":103,"enemies":"Automaton","floor":33,"turns":12}],"seed_played":"-2536925273086225324","potions_obtained":[{"floor":3.0,"key":"SkillPotion"},{"floor":4.0,"key":"Fire Potion"},{"floor":7.0,"key":"PowerPotion"},{"floor":16,"key":"Block Potion"},{"floor":17,"key":"Explosive Potion"},{"floor":18,"key":"Explosive Potion"},{"floor":27,"key":"Poison Potion"}],"is_trial":false,"path_per_floor":["M","?","M","M","?","M","M","R","T","M","R","E","$","?","R","B",null,"M","?","?","M","?","R","?","R","T","M","M","T","M","M","R","B"],"character_chosen":"THE_SILENT","items_purchased":["Catalyst","Well Laid Plans"],"campfire_rested":3,"item_purchase_floors":[13,13],"current_hp_per_floor":[68,61,61,58,58,46,46,46,46,42,42,13,13,9,30,25,75,56,40,40,21,21,43,68,68,68,63,47,47,44,34,56,0],"gold":234,"neow_bonus":"TRANSFORM_CARD","is_prod":false,"is_daily":false,"chose_seed":false,"campfire_upgraded":3,"win_rate":0.0,"timestamp":1565511796,"path_taken":["M","?","?","M","?","M","?","R","T","M","R","E","$","?","R","BOSS","M","?","?","M","?","R","?","R","T","M","M","?","M","?","R","BOSS"],"build_version":"2019-07-17","purchased_purges":1,"victory":false,"max_hp_per_floor":[70,70,70,70,70,70,70,70,70,70,70,70,70,70,70,70,75,75,75,75,75,75,75,75,75,75,75,75,75,75,75,75,75],"card_choices":[{"not_picked":["Backflip","Predator"],"picked":"Crippling Poison","floor":1.0},{"not_picked":["Sucker Punch","Blade Dance"],"picked":"Bouncing Flask","floor":3.0},{"not_picked":["Bane","Acrobatics"],"picked":"Endless Agony","floor":4.0},{"not_picked":["Crippling Poison","Bouncing Flask"],"picked":"Slice","floor":6.0},{"not_picked":["Underhanded Strike","Calculated Gamble"],"picked":"PiercingWail","floor":7.0},{"not_picked":["Expertise","Flying Knee"],"picked":"Deflect","floor":10.0},{"not_picked":["Outmaneuver","Tactician"],"picked":"Dash","floor":12.0},{"not_picked":["Wraith Form v2","Flechettes"],"picked":"Predator","floor":14},{"not_picked":["Deflect","Prepared"],"picked":"Endless Agony","floor":17},{"not_picked":["Footwork","Dagger Throw"],"picked":"Dodge and Roll+1","floor":18},{"not_picked":["Blur","All Out Attack"],"picked":"Footwork","floor":21},{"not_picked":["Underhanded Strike","PiercingWail+1"],"picked":"Dodge and Roll","floor":27},{"not_picked":["PiercingWail+1","Flechettes"],"picked":"Backflip","floor":28},{"not_picked":["Poisoned Stab","Distraction"],"picked":"Acrobatics","floor":30},{"not_picked":["Poisoned Stab","Bouncing Flask+1","Bane"],"picked":"SKIP","floor":31}],"player_experience":54484,"relics_obtained":[{"floor":9.0,"key":"Omamori"},{"floor":12.0,"key":"Blood Vial"},{"floor":14,"key":"Odd Mushroom"},{"floor":19,"key":"Necronomicon"},{"floor":26,"key":"Oddly Smooth Stone"},{"floor":29,"key":"Happy Flower"}],"event_choices":[{"damage_healed":0.0,"max_hp_gain":0.0,"max_hp_loss":0.0,"gold_gain":0.0,"event_name":"Wheel of Change","player_choice":"Damaged","floor":2.0,"gold_loss":0.0,"damage_taken":7.0},{"damage_healed":0.0,"max_hp_gain":0.0,"max_hp_loss":0.0,"gold_gain":0.0,"event_name":"Match and Keep!","player_choice":"1 cards matched","floor":5.0,"gold_loss":0.0,"damage_taken":0.0,"cards_obtained":["Poisoned Stab"]},{"damage_healed":0,"gold_gain":0,"player_choice":"Fought Mushrooms","damage_taken":0,"max_hp_gain":0,"max_hp_loss":0,"event_name":"Mushrooms","floor":14,"gold_loss":0},{"damage_healed":0,"gold_gain":0,"player_choice":"Obtained Book","damage_taken":16,"max_hp_gain":0,"max_hp_loss":0,"event_name":"Cursed Tome","floor":19,"gold_loss":0},{"damage_healed":0,"gold_gain":0,"player_choice":"Ignored","damage_taken":0,"max_hp_gain":0,"max_hp_loss":0,"event_name":"Ghosts","floor":20,"gold_loss":0},{"cards_removed":["Strike_G"],"damage_healed":0,"gold_gain":0,"player_choice":"Gave Gold","damage_taken":0,"max_hp_gain":0,"max_hp_loss":0,"event_name":"Beggar","floor":22,"gold_loss":75},{"damage_healed":25,"gold_gain":0,"player_choice":"Heal","damage_taken":0,"max_hp_gain":0,"max_hp_loss":0,"event_name":"The Library","floor":24,"gold_loss":0}],"is_beta":false,"boss_relics":[{"not_picked":["Lizard Tail","Calling Bell"],"picked":"Tiny House"}],"items_purged_floors":[13],"is_endless":false,"potions_floor_spawned":[3,4,7,16,18,27],"killed_by":"Automaton","ascension_level":0}