{"gold_per_floor":[109,109,7,57,72,72,102,102,102,134,134,144,219,231,231,332,332,352,43,54,68,68,68,94,104,128,139,159,159,159,192,192,290,290,303,303,323,79,92,125,125,154,154,180,180,31,31,41,41,41],"floor_reached":51,"playtime":7401,"items_purged":[],"score":1230,"play_id":"bb1a04db-74ea-4dcd-81d7-d672b173e997","local_time":"20190702222600","is_ascension_mode":true,"campfire_choices":[{"data":"Well Laid Plans","floor":6.0,"key":"SMITH"},{"data":"Neutralize","floor":8.0,"key":"SMITH"},{"floor":11.0,"key":"REST"},{"data":"Footwork","floor":15.0,"key":"SMITH"},{"data":"Noxious Fumes","floor":23,"key":"SMITH"},{"data":"A Thousand Cuts","floor":29,"key":"SMITH"},{"data":"Blade Dance","floor":32,"key":"SMITH"},{"data":"After Image","floor":41,"key":"SMITH"},{"data":"Storm of Steel","floor":47,"key":"SMITH"},{"data":"Accuracy","floor":49,"key":"SMITH"}],"neow_cost":"PERCENT_DAMAGE","seed_source_timestamp":50429125935764,"circlet_count":0,"master_deck":["Defend_G","Defend_G","Defend_G","Defend_G","Survivor","Neutralize+1","Blade Dance+1","Dodge and Roll","Well Laid Plans+1","PiercingWail","Poisoned Stab","Leg Sweep","Escape Plan","Footwork+1","Backstab","A Thousand Cuts+1","Leg Sweep+1","Finisher+1","Unload+1","Noxious Fumes+1","Footwork+1","Catalyst+1","Ghostly","Ghostly","Ghostly","Ghostly","Ghostly","Infinite Blades+1","Footwork+1","Backstab","Blade Dance","Dodge and Roll+1","After Image+1","Accuracy+1","Jack Of All Trades","Accuracy+1","Dramatic Entrance+1","Noxious Fumes+1","Storm of Steel+1"],"special_seed":0,"relics":["Ring of the Snake","Snake Skull","Lantern","Anchor","Dream Catcher","Astrolabe","Dead Branch","Darkstone Periapt","Omamori","Molten Egg 2","WristBlade","Centennial Puzzle","Gremlin Horn","Paper Crane","Bottled Tornado","Singing Bowl","Ancient Tea Set"],"potions_floor_usage":[27,33,33,50,50],"damage_taken":[{"damage":0.0,"enemies":"Jaw Worm","floor":1.0,"turns":4.0},{"damage":0.0,"enemies":"Cultist","floor":5.0,"turns":4.0},{"damage":23.0,"enemies":"3 Sentries","floor":7.0,"turns":9.0},{"damage":15.0,"enemies":"Gremlin Nob","floor":10.0,"turns":4.0},{"damage":0.0,"enemies":"2 Louse","floor":12.0,"turns":2.0},{"damage":0.0,"enemies":"Looter","floor":14.0,"turns":3.0},{"damage":0.0,"enemies":"Hexaghost","floor":16.0,"turns":10.0},{"damage":6.0,"enemies":"Spheric Guardian","floor":18.0,"turns":4.0},{"damage":11.0,"enemies":"Shell Parasite","floor":20.0,"turns":4.0},{"damage":13,"enemies":"Cultist and Chosen","floor":21,"turns":7},{"damage":0,"enemies":"Slavers","floor":24,"turns":7},{"damage":0,"enemies":"Snake Plant","floor":25,"turns":5},{"damage":0,"enemies":"3 Cultists","floor":27,"turns":5},{"damage":2,"enemies":"Centurion and Healer","floor":28,"turns":5},{"damage":1,"enemies":"Book of Stabbing","floor":31,"turns":7},{"damage":2,"enemies":"Champ","floor":33,"turns":7},{"damage":1,"enemies":"3 Darklings","floor":35,"turns":4},{"damage":0,"enemies":"3 Shapes","floor":37,"turns":2},{"damage":3,"enemies":"Jaw Worm Horde","floor":39,"turns":5},{"damage":0,"enemies":"Nemesis","floor":40,"turns":7},{"damage":0,"enemies":"Reptomancer","floor":42,"turns":5},{"damage":0,"enemies":"Giant Head","floor":44,"turns":6},{"damage":0,"enemies":"Transient","floor":48,"turns":5},{"damage":0,"enemies":"Donu and Deca","floor":50,"turns":6}],"seed_played":"8411249504472833912","potions_obtained":[{"floor":5.0,"key":"SpeedPotion"},{"floor":12.0,"key":"AttackPotion"},{"floor":14.0,"key":"GhostInAJar"},{"floor":21,"key":"Energy Potion"},{"floor":24,"key":"GhostInAJar"},{"floor":27,"key":"SteroidPotion"},{"floor":37,"key":"SteroidPotion"},{"floor":39,"key":"GhostInAJar"}],"is_trial":false,"path_per_floor":["M","?","$","T","M","R","E","R","T","E","R","M","?","M","R","B",null,"M","$","M","M","?","R","E","M","T","M","M","R","?","E","R","B",null,"M","?","M","$","M","E","R","E","T","E","?","$","R","M","R","B",null],"character_chosen":"THE_SILENT","items_purchased":["Well Laid Plans","PiercingWail","Dead Branch","Dramatic Entrance+1","Centennial Puzzle","Ancient Tea Set"],"campfire_rested":1,"item_purchase_floors":[3,3,19,38,38,46],"current_hp_per_floor":[49,49,49,49,49,49,26,26,26,11,32,32,21,21,21,21,70,64,64,53,40,35,35,35,35,35,35,33,33,33,32,32,30,35,34,34,34,34,31,31,31,31,31,33,33,33,33,35,35,35],"gold":41,"neow_bonus":"TRANSFORM_TWO_CARDS","is_prod":false,"is_daily":false,"chose_seed":false,"campfire_upgraded":9,"win_rate":0,"timestamp":1562120760,"path_taken":["M","?","$","?","M","R","E","R","T","E","R","M","?","M","R","BOSS","M","$","M","M","?","R","E","M","T","M","M","R","?","E","R","BOSS","M","?","M","$","M","E","R","E","T","E","?","$","R","M","R","BOSS"],"build_version":"2019-07-01","purchased_purges":0,"victory":true,"max_hp_per_floor":[70,70,70,70,70,70,70,70,70,70,70,70,70,70,70,70,70,70,70,70,70,35,35,35,35,35,35,35,35,35,35,35,35,35,35,35,35,35,35,35,35,35,35,37,37,37,37,39,39,39],"card_choices":[{"not_picked":["Dagger Throw","Blade Dance"],"picked":"Predator","floor":1.0},{"not_picked":["Outmaneuver","Expertise"],"picked":"Finisher","floor":5.0},{"not_picked":["Distraction","Bane"],"picked":"Poisoned Stab","floor":7.0},{"not_picked":["Outmaneuver","Riddle With Holes"],"picked":"Leg Sweep","floor":10.0},{"not_picked":["Quick Slash","Bane"],"picked":"Escape Plan","floor":11.0},{"not_picked":["Bouncing Flask","Blur"],"picked":"Footwork","floor":12.0},{"not_picked":["Concentrate","Sucker Punch"],"picked":"Backstab","floor":14.0},{"not_picked":["Glass Knife","Phantasmal Killer"],"picked":"A Thousand Cuts","floor":16.0},{"not_picked":["Sucker Punch","Poisoned Stab"],"picked":"Noxious Fumes","floor":18.0},{"not_picked":["Dagger Spray","Accuracy"],"picked":"Footwork+1","floor":20.0},{"not_picked":["Underhanded Strike","Cloak And Dagger"],"picked":"Catalyst+1","floor":21},{"not_picked":["Endless Agony+1","Acrobatics"],"picked":"Infinite Blades+1","floor":24},{"not_picked":["Masterful Stab","Underhanded Strike+1"],"picked":"Footwork+1","floor":25},{"not_picked":["Outmaneuver","Blade Dance"],"picked":"Backstab","floor":27},{"not_picked":["Dagger Spray","Bouncing Flask"],"picked":"Blade Dance","floor":28},{"not_picked":["Setup","Endless Agony"],"picked":"Dodge and Roll+1","floor":31},{"not_picked":["Tools of the Trade","Venomology"],"picked":"After Image","floor":33},{"not_picked":["Dash+1","PiercingWail"],"picked":"Accuracy","floor":35},{"not_picked":["The Bomb","Impatience"],"picked":"Jack Of All Trades","floor":36},{"not_picked":["Prepared+1","Dodge and Roll+1"],"picked":"Accuracy+1","floor":37},{"not_picked":["Skewer+1","Sucker Punch+1"],"picked":"Noxious Fumes+1","floor":39},{"not_picked":["Heel Hook+1","Bane+1","Deadly Poison"],"picked":"SKIP","floor":40},{"not_picked":["Quick Slash+1","Blade Dance"],"picked":"Storm of Steel","floor":42},{"not_picked":["Well Laid Plans+1","Prepared","Caltrops+1"],"picked":"Singing Bowl","floor":44},{"not_picked":["Prepared+1","Deflect","Footwork"],"picked":"Singing Bowl","floor":48}],"player_experience":173128,"relics_obtained":[{"floor":4.0,"key":"Snake Skull"},{"floor":7.0,"key":"Lantern"},{"floor":9.0,"key":"Anchor"},{"floor":10.0,"key":"Dream Catcher"},{"floor":24,"key":"Darkstone Periapt"},{"floor":26,"key":"Omamori"},{"floor":31,"key":"Molten Egg 2"},{"floor":40,"key":"Gremlin Horn"},{"floor":42,"key":"Paper Crane"},{"floor":43,"key":"Bottled Tornado"},{"floor":44,"key":"Singing Bowl"}],"event_choices":[{"cards_removed":["Strike_G"],"damage_healed":0.0,"max_hp_gain":0.0,"max_hp_loss":0.0,"gold_gain":0.0,"event_name":"Bonfire Elementals","player_choice":"Offered Basic","floor":2.0,"gold_loss":0.0,"damage_taken":0.0},{"damage_healed":0.0,"max_hp_gain":0.0,"max_hp_loss":0.0,"gold_gain":75.0,"event_name":"World of Goop","player_choice":"Gather Gold","floor":13.0,"gold_loss":0.0,"damage_taken":11.0},{"damage_healed":0,"gold_gain":0,"player_choice":"Became a Ghost","damage_taken":0,"max_hp_gain":0,"max_hp_loss":35,"event_name":"Ghosts","floor":22,"gold_loss":0,"cards_obtained":["Ghostly","Ghostly","Ghostly","Ghostly","Ghostly"]},{"cards_removed":["Finisher"],"damage_healed":0,"gold_gain":0,"player_choice":"Elegance","damage_taken":0,"max_hp_gain":0,"max_hp_loss":0,"event_name":"Back to Basics","floor":30,"gold_loss":0},{"damage_healed":0,"gold_gain":0,"player_choice":"Memory 1","damage_taken":0,"max_hp_gain":0,"max_hp_loss":0,"event_name":"SensoryStone","floor":36,"gold_loss":0},{"cards_removed":["Predator"],"damage_healed":0,"gold_gain":0,"player_choice":"Removed Attack","damage_taken":0,"max_hp_gain":0,"max_hp_loss":0,"event_name":"Falling","floor":45,"gold_loss":0}],"is_beta":false,"boss_relics":[{"not_picked":["Empty Cage","Philosopher\u0027s Stone"],"picked":"Astrolabe"},{"not_picked":["Pandora\u0027s Box","Tiny House"],"picked":"WristBlade"}],"items_purged_floors":[],"is_endless":false,"potions_floor_spawned":[5,12,14,21,24,25,27,37,39,42],"ascension_level":4}