{"gold_per_floor":[119,138,92,42,54,81,81,81,81,6,25,38,54,54,54,54],"floor_reached":16,"playtime":1480,"items_purged":["Defend_R"],"score":102,"play_id":"36f165b8-19a5-48b7-a821-0ab0ac65888f","local_time":"20180811174402","is_ascension_mode":false,"campfire_choices":[{"data":"Cleave","floor":7,"key":"SMITH"},{"floor":15,"key":"REST"}],"neow_cost":"","seed_source_timestamp":554843651798186,"circlet_count":0,"master_deck":["Strike_R","Strike_R","Strike_R","Strike_R","Defend_R","Defend_R","Bash","Cleave+1","Headbutt","Pommel Strike","Headbutt"],"relics":["Burning Blood","Shuriken","Boot"],"potions_floor_usage":[6],"damage_taken":[{"damage":11,"enemies":"Jaw Worm","floor":1,"turns":2},{"damage":1,"enemies":"2 Louse","floor":2,"turns":2},{"damage":6,"enemies":"Cultist","floor":5,"turns":3},{"damage":55,"enemies":"Lagavulin","floor":6,"turns":6},{"damage":9,"enemies":"2 Fungi Beasts","floor":11,"turns":2},{"damage":12,"enemies":"3 Louse","floor":12,"turns":2},{"damage":10,"enemies":"Looter","floor":13,"turns":3},{"damage":0,"enemies":"Hexaghost","floor":16,"turns":1}],"seed_played":"488621565095368709","potions_obtained":[{"floor":2,"key":"PowerPotion"},{"floor":13,"key":"Weak Potion"}],"is_trial":false,"path_per_floor":["M","M","?","?","M","E","R","?","T","$","M","M","M","?","R"],"character_chosen":"IRONCLAD","items_purchased":[],"campfire_rested":1,"item_purchase_floors":[],"current_hp_per_floor":[75,80,80,80,80,31,31,31,31,31,28,22,18,18,42,42],"gold":54,"neow_bonus":"","is_prod":false,"is_daily":false,"chose_seed":false,"campfire_upgraded":1,"win_rate":0,"timestamp":1534034642,"path_taken":["M","M","?","?","M","E","R","?","T","$","?","M","M","?","R","BOSS"],"build_version":"2018-08-09","purchased_purges":1,"victory":false,"max_hp_per_floor":[80,80,80,80,80,80,80,80,80,80,80,80,80,80,80,80],"card_choices":[{"not_picked":["Anger","Twin Strike"],"picked":"Cleave","floor":1},{"not_picked":["Shrug It Off","Armaments"],"picked":"Headbutt","floor":2},{"not_picked":["Clothesline","Warcry"],"picked":"Pommel Strike","floor":5},{"not_picked":["Exhume","Dual Wield","Armaments"],"picked":"SKIP","floor":6},{"not_picked":["Shrug It Off","True Grit","Armaments"],"picked":"SKIP","floor":11},{"not_picked":["Perfected Strike","Iron Wave"],"picked":"Headbutt","floor":12},{"not_picked":["Shrug It Off","Combust","Intimidate"],"picked":"SKIP","floor":13}],"player_experience":601196,"relics_obtained":[{"floor":6,"key":"Shuriken"},{"floor":9,"key":"Boot"}],"event_choices":[{"event_name":"World of Goop","player_choice":"Left","floor":3,"damage_taken":0},{"event_name":"The Cleric","player_choice":"Card Removal","floor":4,"damage_taken":0},{"event_name":"Golden Idol","player_choice":"Ignored","floor":8,"damage_taken":0},{"event_name":"Bonfire Elementals","player_choice":"BASIC","floor":14,"damage_taken":0}],"is_beta":false,"boss_relics":[],"items_purged_floors":[10],"is_endless":false,"potions_floor_spawned":[2,13],"killed_by":"Hexaghost","ascension_level":0}