{"gold_per_floor":[111,127,52,52,65,97,97,109,109,129,129,142,142,142,142,242,242,197,197,197,197,197,197,197,197,197,197,57,57,57,57,57,57,57,57,21,21,21,21,21,21,21,21,21,21,21,21,21,21,21],"floor_reached":51,"playtime":4324,"items_purged":["Defend_G","Strike_G"],"score":924,"play_id":"708566bc-d33f-47fa-a8e2-03b205448523","local_time":"20190119232334","is_ascension_mode":true,"campfire_choices":[{"data":"Night Terror","floor":7,"key":"SMITH"},{"floor":13,"key":"REST"},{"data":"Crippling Poison","floor":15,"key":"SMITH"},{"data":"Adrenaline","floor":23,"key":"SMITH"},{"data":"Footwork","floor":29,"key":"SMITH"},{"floor":32,"key":"REST"},{"data":"Burst","floor":40,"key":"SMITH"},{"data":"Phantasmal Killer","floor":42,"key":"SMITH"},{"floor":49,"key":"REST"}],"neow_cost":"NONE","seed_source_timestamp":147426561655988,"circlet_count":0,"master_deck":["Defend_G","Defend_G","Defend_G","Survivor","Neutralize","Night Terror+1","Deadly Poison","Bane","Bouncing Flask","Crippling Poison+1","Flechettes","Adrenaline+1","Backflip","Phantasmal Killer+1","Footwork+1","Dark Shackles","Dodge and Roll+1","Burst+1","Dodge and Roll+1","Blur","Poisoned Stab","Backflip+1","Backflip","Footwork+1"],"relics":["Ring of the Snake","Shuriken","Ectoplasm","StoneCalendar","Sundial","Nloth\u0027s Gift","Matryoshka","Smiling Mask","Eternal Feather","Happy Flower","Art of War","PreservedInsect","Oddly Smooth Stone"],"potions_floor_usage":[6,27,33,33,50,50],"damage_taken":[{"damage":1,"enemies":"Small Slimes","floor":1,"turns":4},{"damage":4,"enemies":"Cultist","floor":2,"turns":5},{"damage":2,"enemies":"Jaw Worm","floor":5,"turns":5},{"damage":18,"enemies":"Gremlin Nob","floor":6,"turns":4},{"damage":26,"enemies":"Lots of Slimes","floor":8,"turns":4},{"damage":3,"enemies":"Looter","floor":10,"turns":3},{"damage":1,"enemies":"Blue Slaver","floor":12,"turns":4},{"damage":35,"enemies":"Hexaghost","floor":16,"turns":9},{"damage":16,"enemies":"2 Thieves","floor":18,"turns":4},{"damage":0,"enemies":"Spheric Guardian","floor":22,"turns":2},{"damage":15,"enemies":"Gremlin Leader","floor":27,"turns":6},{"damage":24,"enemies":"Cultist and Chosen","floor":30,"turns":5},{"damage":0,"enemies":"Chosen and Byrds","floor":31,"turns":5},{"damage":28,"enemies":"Automaton","floor":33,"turns":7},{"damage":4,"enemies":"Orb Walker","floor":35,"turns":5},{"damage":0,"enemies":"3 Shapes","floor":37,"turns":5},{"damage":9,"enemies":"Transient","floor":39,"turns":5},{"damage":17,"enemies":"Maw","floor":41,"turns":8},{"damage":0,"enemies":"Spire Growth","floor":45,"turns":4},{"damage":12,"enemies":"Transient","floor":48,"turns":5},{"damage":1,"enemies":"Awakened One","floor":50,"turns":23}],"seed_played":"1743794353210842439","potions_obtained":[{"floor":5,"key":"FearPotion"},{"floor":16,"key":"Swift Potion"},{"floor":18,"key":"Weak Potion"},{"floor":30,"key":"Energy Potion"},{"floor":31,"key":"Regen Potion"},{"floor":35,"key":"Dexterity Potion"},{"floor":39,"key":"Fire Potion"},{"floor":45,"key":"Dexterity Potion"}],"is_trial":false,"path_per_floor":["M","M","$","?","M","E","R","M","T","M","?","M","R","?","R","B",null,"M","?","?","T","M","R","?","?","T","E","$","R","M","M","R","B",null,"M","$","M","?","M","R","M","R","T","T","M","?","$","M","R","B",null],"character_chosen":"THE_SILENT","items_purchased":["Dark Shackles","Blur"],"campfire_rested":3,"item_purchase_floors":[28,36],"current_hp_per_floor":[62,58,58,58,56,38,38,12,12,9,9,8,29,52,52,17,57,41,41,41,41,41,41,41,41,41,26,26,26,2,2,23,10,55,51,51,51,51,42,54,37,49,49,49,49,49,49,37,70,69],"gold":21,"neow_bonus":"ONE_RANDOM_RARE_CARD","is_prod":false,"is_daily":false,"chose_seed":false,"campfire_upgraded":6,"win_rate":0,"timestamp":1547969014,"path_taken":["M","M","$","?","M","E","R","M","T","?","?","?","R","?","R","BOSS","M","?","?","?","?","R","?","?","T","E","$","R","M","M","R","BOSS","M","$","M","?","M","R","M","R","T","?","M","?","?","M","R","BOSS"],"build_version":"2019-01-17v2","purchased_purges":2,"victory":true,"max_hp_per_floor":[70,70,70,70,70,70,70,70,70,70,70,70,70,70,70,70,70,70,70,70,70,70,70,70,70,70,70,70,70,70,70,70,70,70,70,70,70,70,70,70,70,70,70,70,70,70,70,70,70,70],"card_choices":[{"not_picked":["Deflect","Dagger Throw"],"picked":"Deadly Poison","floor":1},{"not_picked":["Prepared","Quick Slash","Blade Dance"],"picked":"SKIP","floor":2},{"not_picked":["Backflip","Underhanded Strike"],"picked":"Bane","floor":5},{"not_picked":["Cloak And Dagger","Deflect","Predator"],"picked":"SKIP","floor":6},{"not_picked":["Expertise","Endless Agony","Dagger Throw"],"picked":"SKIP","floor":8},{"not_picked":["Backflip","Dagger Spray"],"picked":"Bouncing Flask","floor":10},{"not_picked":["Prepared","Slice"],"picked":"Flechettes","floor":12},{"not_picked":["Storm of Steel","Grand Finale"],"picked":"Adrenaline","floor":16},{"not_picked":["Dagger Spray","Quick Slash","Underhanded Strike"],"picked":"SKIP","floor":18},{"not_picked":["Riddle With Holes","Slice"],"picked":"Backflip","floor":22},{"not_picked":["Night Terror","Deflect","Terror"],"picked":"SKIP","floor":27},{"not_picked":["Slice","Dagger Throw"],"picked":"Bane","floor":30},{"not_picked":["Sucker Punch","Outmaneuver+1"],"picked":"Dodge and Roll+1","floor":31},{"not_picked":["Unload","Glass Knife"],"picked":"Burst","floor":33},{"not_picked":["Prepared","Finisher+1"],"picked":"Dodge and Roll+1","floor":35},{"not_picked":["Infinite Blades","Bane+1"],"picked":"Poisoned Stab","floor":37},{"not_picked":["Prepared+1","Endless Agony+1"],"picked":"Backflip+1","floor":39},{"not_picked":["Slice","Expertise"],"picked":"Backflip","floor":41},{"not_picked":["Envenom","Prepared+1"],"picked":"Footwork+1","floor":45},{"not_picked":["Flying Knee","Skewer+1","Underhanded Strike"],"picked":"SKIP","floor":48}],"player_experience":1127605,"relics_obtained":[{"floor":6,"key":"Shuriken"},{"floor":9,"key":"Tingsha"},{"floor":21,"key":"Sundial"},{"floor":26,"key":"Matryoshka"},{"floor":27,"key":"Smiling Mask"},{"floor":43,"key":"Happy Flower"},{"floor":43,"key":"Art of War"},{"floor":44,"key":"PreservedInsect"},{"floor":44,"key":"Oddly Smooth Stone"}],"event_choices":[{"cards_removed":["Strike_G"],"damage_healed":0,"gold_gain":0,"player_choice":"Purged","damage_taken":0,"max_hp_gain":0,"max_hp_loss":0,"event_name":"Purifier","floor":4,"gold_loss":0},{"damage_healed":0,"gold_gain":0,"cards_transformed":["Strike_G"],"player_choice":"Transformed","damage_taken":0,"max_hp_gain":0,"max_hp_loss":0,"event_name":"Transmorgrifier","floor":11,"gold_loss":0,"cards_obtained":["Crippling Poison"]},{"damage_healed":23,"gold_gain":0,"player_choice":"Banana","damage_taken":0,"max_hp_gain":0,"max_hp_loss":0,"event_name":"Big Fish","floor":14,"gold_loss":0},{"damage_healed":0,"gold_gain":0,"player_choice":"Opened","damage_taken":0,"relics_obtained":["StoneCalendar"],"max_hp_gain":0,"max_hp_loss":0,"event_name":"The Mausoleum","floor":19,"gold_loss":0},{"cards_removed":["Strike_G"],"damage_healed":0,"gold_gain":0,"player_choice":"Elegance","damage_taken":0,"max_hp_gain":0,"max_hp_loss":0,"event_name":"Back to Basics","floor":20,"gold_loss":0},{"damage_healed":0,"gold_gain":0,"cards_transformed":["Defend_G","Strike_G"],"player_choice":"Became Test Subject","damage_taken":0,"max_hp_gain":0,"max_hp_loss":0,"event_name":"Drug Dealer","floor":24,"gold_loss":0,"cards_obtained":["Phantasmal Killer","Footwork"]},{"damage_healed":0,"gold_gain":0,"player_choice":"Traded Relic","damage_taken":0,"relics_obtained":["Nloth\u0027s Gift"],"max_hp_gain":0,"max_hp_loss":0,"event_name":"N\u0027loth","floor":25,"relics_lost":["Tingsha"],"gold_loss":0},{"damage_healed":0,"gold_gain":0,"player_choice":"Ignored","damage_taken":0,"max_hp_gain":0,"max_hp_loss":0,"event_name":"Mysterious Sphere","floor":38,"gold_loss":0},{"cards_removed":["Bane"],"damage_healed":0,"gold_gain":0,"player_choice":"Removed Attack","damage_taken":0,"max_hp_gain":0,"max_hp_loss":0,"event_name":"Falling","floor":46,"gold_loss":0}],"is_beta":false,"boss_relics":[{"not_picked":["Ring of the Serpent","Philosopher\u0027s Stone"],"picked":"Ectoplasm"},{"not_picked":["Pandora\u0027s Box","White Beast Statue"],"picked":"Eternal Feather"}],"items_purged_floors":[3,28],"is_endless":false,"potions_floor_spawned":[5,16,18,30,31,35,39,45,48],"ascension_level":8}