{"gold_per_floor":[363,363,288,288,288,288,309,330,330,350,383,383,406,445,445,445],"floor_reached":16,"playtime":942,"items_purged":["Strike_R"],"score":215,"play_id":"106bc5a8-19fc-45d7-82fd-f9fb07e15f6e","local_time":"20190707110446","is_ascension_mode":true,"campfire_choices":[{"floor":6.0,"key":"REST"},{"data":"Bludgeon","floor":12.0,"key":"SMITH"},{"data":"Spot Weakness","floor":15.0,"key":"SMITH"}],"neow_cost":"TEN_PERCENT_HP_LOSS","seed_source_timestamp":448087379803495,"circlet_count":0,"master_deck":["AscendersBane","Strike_R","Strike_R+1","Strike_R","Defend_R","Defend_R","Defend_R","Defend_R","Bash+1","Headbutt","Whirlwind+1","Spot Weakness+1","Bludgeon+1"],"special_seed":0,"relics":["Burning Blood","Golden Idol","Whetstone","Bag of Marbles","Mercury Hourglass"],"potions_floor_usage":[],"damage_taken":[{"damage":5.0,"enemies":"Small Slimes","floor":1.0,"turns":5.0},{"damage":0.0,"enemies":"Cultist","floor":7.0,"turns":3.0},{"damage":14.0,"enemies":"Jaw Worm","floor":8.0,"turns":3.0},{"damage":11.0,"enemies":"2 Fungi Beasts","floor":10.0,"turns":3.0},{"damage":35.0,"enemies":"Lagavulin","floor":11.0,"turns":6.0},{"damage":0.0,"enemies":"Exordium Thugs","floor":13.0,"turns":2.0},{"damage":10.0,"enemies":"3 Sentries","floor":14.0,"turns":5.0},{"damage":43,"enemies":"Slime Boss","floor":16,"turns":5}],"seed_played":"8791685998637836191","potions_obtained":[{"floor":7.0,"key":"Explosive Potion"},{"floor":10.0,"key":"FearPotion"},{"floor":11.0,"key":"Block Potion"}],"is_trial":false,"path_per_floor":["M","?","$","?","?","R","M","M","T","M","E","R","M","E","R","B"],"character_chosen":"IRONCLAD","items_purchased":[],"campfire_rested":1,"item_purchase_floors":[],"current_hp_per_floor":[68,68,68,45,45,65,68,60,60,55,26,26,32,28,28,0],"gold":445,"neow_bonus":"TWO_FIFTY_GOLD","is_prod":false,"is_daily":false,"chose_seed":false,"campfire_upgraded":2,"win_rate":0,"timestamp":1562511886,"path_taken":["M","?","?","?","?","R","?","?","T","M","E","R","M","E","R","BOSS"],"build_version":"2019-07-05","purchased_purges":1,"victory":false,"max_hp_per_floor":[68,68,68,68,68,68,68,68,68,68,68,68,68,68,68,68],"card_choices":[{"not_picked":["Wild Strike","Rage","Clothesline"],"picked":"SKIP","floor":1.0},{"not_picked":["Second Wind","Thunderclap"],"picked":"Headbutt","floor":7.0},{"not_picked":["Heavy Blade","Twin Strike"],"picked":"Whirlwind","floor":8.0},{"not_picked":["Thunderclap","Havoc"],"picked":"Spot Weakness","floor":10.0},{"not_picked":["Power Through","Clothesline"],"picked":"Bludgeon","floor":11.0},{"not_picked":["Seeing Red","Infernal Blade","True Grit"],"picked":"SKIP","floor":13.0},{"not_picked":["Searing Blow","Clash","Havoc"],"picked":"SKIP","floor":14.0}],"player_experience":213659,"relics_obtained":[{"floor":9.0,"key":"Whetstone"},{"floor":11.0,"key":"Bag of Marbles"},{"floor":14.0,"key":"Mercury Hourglass"}],"event_choices":[{"damage_healed":0.0,"max_hp_gain":0.0,"max_hp_loss":0.0,"gold_gain":0.0,"event_name":"Upgrade Shrine","player_choice":"Upgraded","floor":2.0,"gold_loss":0.0,"damage_taken":0.0,"cards_upgraded":["Bash"]},{"damage_healed":0.0,"max_hp_gain":0.0,"max_hp_loss":0.0,"gold_gain":0.0,"event_name":"Golden Idol","player_choice":"Take Damage","floor":4.0,"gold_loss":0.0,"damage_taken":23.0,"relics_obtained":["Golden Idol"]},{"cards_removed":["Strike_R"],"damage_healed":0.0,"max_hp_gain":0.0,"max_hp_loss":0.0,"gold_gain":0.0,"event_name":"Bonfire Elementals","player_choice":"Offered Basic","floor":5.0,"gold_loss":0.0,"damage_taken":0.0}],"is_beta":false,"boss_relics":[],"items_purged_floors":[3],"is_endless":false,"potions_floor_spawned":[7,10,11,13],"killed_by":"Slime Boss","ascension_level":19}