{"gold_per_floor":[114,129,54,69,244,244,274,289,289,269,299,314,344,344,344,444,444,459,534,549,215,230,260,260,290,290,320,320,335,350,380,380,480,480,495,495,510,271,286,316,316,346,346,376,60,90,105,120,120,120],"floor_reached":51,"playtime":6309,"items_purged":["Grand Finale","Doubt","Clumsy"],"score":1090,"play_id":"2a13bb8b-7bf1-474f-8cde-929411c380a6","local_time":"20190520141119","daily_mods":["Shiny","Green Cards","Elite Swarm"],"is_ascension_mode":false,"campfire_choices":[{"data":"Hyperbeam","floor":6.0,"key":"SMITH"},{"data":"Adrenaline","floor":15.0,"key":"SMITH"},{"data":"Buffer","floor":24,"key":"SMITH"},{"data":"Seek","floor":28,"key":"SMITH"},{"data":"Fission","floor":32,"key":"SMITH"},{"floor":41,"key":"REST"},{"floor":49,"key":"REST"}],"neow_cost":"","seed_source_timestamp":0,"circlet_count":0,"master_deck":["Venomology","Corpse Explosion","Malaise","Phantasmal Killer","Die Die Die","Adrenaline+1","Envenom","Doppelganger","Burst","Wraith Form v2","Tools of the Trade","Night Terror","Unload","After Image","Bullet Time","Storm of Steel","Glass Knife","A Thousand Cuts","Multi-Cast","Hyperbeam+1","Thunder Strike","Biased Cognition","Machine Learning","Electrodynamics","Buffer+1","Rainbow","Seek+1","Meteor Strike","Echo Form","All For One","Reboot","Amplify","Creative AI","Fission+1","Core Surge","BootSequence","Hello World","Venomology","Die Die Die","Steam Power+1","Melter+1","FTL","Reboot","Bullet Time","Hyperbeam+1","Skim","PiercingWail+1","Buffer","Deflect+1","Redo+1","Crippling Poison+1","Leap+1","Well Laid Plans","Calculated Gamble+1","Undo+1","Seek","Die Die Die+1","Venomology","Apotheosis","Turbo","Parasite","Backstab+1","Stack+1","Terror+1"],"special_seed":18036,"relics":["Cracked Core","Mango","Blue Candle","Lantern","Bag of Marbles","Anchor","Cursed Key","Toy Ornithopter","Dodecahedron","Prayer Wheel","Molten Egg 2","Orichalcum","Cables","Fusion Hammer","OrangePellets","Ornamental Fan","Kunai","Pear","StoneCalendar","Meat on the Bone"],"potions_floor_usage":[25,27,30,31,33,33,33,33,33,40,42,44,46,46,48,48,50,50,50,50,50,50,50,50,50],"damage_taken":[{"damage":6.0,"enemies":"Cultist","floor":1.0,"turns":3.0},{"damage":0.0,"enemies":"Small Slimes","floor":2.0,"turns":3.0},{"damage":8.0,"enemies":"Jaw Worm","floor":4.0,"turns":3.0},{"damage":14.0,"enemies":"Gremlin Nob","floor":7.0,"turns":4.0},{"damage":3.0,"enemies":"Red Slaver","floor":8.0,"turns":2.0},{"damage":0.0,"enemies":"3 Sentries","floor":11.0,"turns":2.0},{"damage":2.0,"enemies":"Blue Slaver","floor":12.0,"turns":2.0},{"damage":10.0,"enemies":"Lagavulin","floor":13.0,"turns":7.0},{"damage":0.0,"enemies":"Slime Boss","floor":16.0,"turns":8.0},{"damage":20.0,"enemies":"Spheric Guardian","floor":18.0,"turns":4.0},{"damage":0.0,"enemies":"Shell Parasite","floor":20.0,"turns":3.0},{"damage":15.0,"enemies":"Snecko","floor":22.0,"turns":4.0},{"damage":15.0,"enemies":"Slavers","floor":23.0,"turns":4.0},{"damage":0,"enemies":"Gremlin Leader","floor":25,"turns":5},{"damage":1,"enemies":"Slavers","floor":27,"turns":4},{"damage":1,"enemies":"Snake Plant","floor":29,"turns":3},{"damage":0,"enemies":"Cultist and Chosen","floor":30,"turns":4},{"damage":9,"enemies":"Gremlin Leader","floor":31,"turns":3},{"damage":38,"enemies":"Collector","floor":33,"turns":6},{"damage":0,"enemies":"3 Darklings","floor":35,"turns":1},{"damage":0,"enemies":"3 Shapes","floor":37,"turns":2},{"damage":0,"enemies":"Sphere and 2 Shapes","floor":39,"turns":2},{"damage":7,"enemies":"Reptomancer","floor":40,"turns":4},{"damage":0,"enemies":"Giant Head","floor":42,"turns":6},{"damage":0,"enemies":"Reptomancer","floor":44,"turns":5},{"damage":0,"enemies":"Nemesis","floor":46,"turns":5},{"damage":0,"enemies":"Writhing Mass","floor":47,"turns":4},{"damage":0,"enemies":"Maw","floor":48,"turns":5},{"damage":22,"enemies":"Time Eater","floor":50,"turns":8}],"seed_played":"1966369025298368100","potions_obtained":[{"floor":1.0,"key":"Ancient Potion"},{"floor":2.0,"key":"FearPotion"},{"floor":10.0,"key":"Ancient Potion"},{"floor":12.0,"key":"Weak Potion"},{"floor":27,"key":"Ancient Potion"},{"floor":30,"key":"Dexterity Potion"},{"floor":31,"key":"SteroidPotion"},{"floor":44,"key":"AttackPotion"}],"is_trial":false,"path_per_floor":["M","M","$","M","?","R","E","M","T","?","E","M","E","?","R","B",null,"M","?","M","$","M","E","R","E","T","E","R","M","M","E","R","B",null,"M","?","M","$","M","E","R","E","T","E","$","E","M","M","R","B",null],"character_chosen":"DEFECT","items_purchased":["Toy Ornithopter","FTL","OrangePellets","Well Laid Plans","Apotheosis","Turbo"],"campfire_rested":2,"item_purchase_floors":[21,21,38,38,45,45],"current_hp_per_floor":[69,69,69,61,61,61,61,58,58,58,58,56,46,46,46,46,89,69,61,61,61,51,46,46,51,51,55,55,54,59,55,55,42,89,89,89,89,89,89,82,89,89,99,99,99,99,99,99,99,77],"gold":120,"neow_bonus":"","is_prod":false,"is_daily":true,"chose_seed":false,"campfire_upgraded":5,"win_rate":0,"timestamp":1558354279,"path_taken":["M","M","$","?","?","R","E","M","T","?","E","?","E","?","R","BOSS","M","?","M","$","?","E","R","E","T","E","R","M","M","E","R","BOSS","M","?","M","$","M","E","R","E","T","E","$","E","?","M","R","BOSS"],"build_version":"2019-05-07","purchased_purges":3,"victory":true,"max_hp_per_floor":[75,75,75,75,75,75,89,89,89,89,89,89,89,89,89,89,89,89,89,89,89,89,89,89,89,89,89,89,89,89,89,89,89,89,89,89,89,89,89,89,89,89,99,99,99,99,99,99,99,99],"card_choices":[{"not_picked":["Riddle With Holes","Finisher"],"picked":"BootSequence","floor":1.0},{"not_picked":["Blade Dance","Endless Agony","Dagger Throw"],"picked":"SKIP","floor":2.0},{"not_picked":["Acrobatics","Redo"],"picked":"Hello World","floor":4.0},{"not_picked":["Tools of the Trade","Unload"],"picked":"Venomology","floor":7.0},{"not_picked":["Dodge and Roll","Steam","Slice"],"picked":"SKIP","floor":8.0},{"not_picked":["Wraith Form v2","Machine Learning"],"picked":"Die Die Die","floor":11.0},{"not_picked":["Prepared","Beam Cell","Dagger Throw"],"picked":"SKIP","floor":12.0},{"not_picked":["Corpse Explosion","Burst","Tools of the Trade"],"picked":"SKIP","floor":13.0},{"not_picked":["Bane","Beam Cell"],"picked":"Steam Power+1","floor":18.0},{"not_picked":["All Out Attack+1","Streamline+1"],"picked":"Melter+1","floor":20.0},{"not_picked":["Blade Dance+1","Coolheaded","Streamline+1"],"picked":"SKIP","floor":22.0},{"not_picked":["Thunder Strike","Fission"],"picked":"Reboot","floor":23},{"not_picked":["Reboot","Meteor Strike"],"picked":"Bullet Time","floor":25},{"not_picked":["Adrenaline","Wraith Form v2"],"picked":"Hyperbeam+1","floor":27},{"not_picked":["Sucker Punch+1","Outmaneuver"],"picked":"Skim","floor":29},{"not_picked":["Deadly Poison","Terror","Blade Dance"],"picked":"SKIP","floor":29},{"not_picked":["Bane+1","Redo"],"picked":"PiercingWail+1","floor":30},{"not_picked":["Beam Cell+1","Streamline+1","Deadly Poison"],"picked":"SKIP","floor":30},{"not_picked":["Thunder Strike+1","Tools of the Trade","Night Terror"],"picked":"SKIP","floor":31},{"not_picked":["Echo Form","Wraith Form v2"],"picked":"Buffer","floor":33},{"not_picked":["Expertise+1","Dagger Spray+1"],"picked":"Deflect+1","floor":35},{"not_picked":["Slice+1","Poisoned Stab+1"],"picked":"Redo+1","floor":35},{"not_picked":["Underhanded Strike+1","Backflip"],"picked":"Crippling Poison+1","floor":37},{"not_picked":["Multi-Cast","Deflect"],"picked":"Leap+1","floor":37},{"not_picked":["Underhanded Strike+1","Quick Slash+1"],"picked":"Calculated Gamble+1","floor":39},{"not_picked":["Deadly Poison+1","Flying Knee+1"],"picked":"Undo+1","floor":39},{"not_picked":["Phantasmal Killer","Rainbow"],"picked":"Seek","floor":40},{"not_picked":["Corpse Explosion","Machine Learning"],"picked":"Die Die Die+1","floor":42},{"not_picked":["All For One+1","Corpse Explosion"],"picked":"Venomology","floor":44},{"not_picked":["Tools of the Trade","Burst","Grand Finale+1"],"picked":"SKIP","floor":46},{"not_picked":["Ball Lightning+1","Undo+1"],"picked":"Backstab+1","floor":47},{"not_picked":["Blade Dance+1","Backflip","Crippling Poison+1"],"picked":"SKIP","floor":47},{"not_picked":["Prepared","Calculated Gamble+1"],"picked":"Stack+1","floor":48},{"not_picked":["Sunder+1","Underhanded Strike+1"],"picked":"Terror+1","floor":48}],"player_experience":398094,"relics_obtained":[{"floor":7.0,"key":"Mango"},{"floor":9.0,"key":"Blue Candle"},{"floor":11.0,"key":"Lantern"},{"floor":13.0,"key":"Bag of Marbles"},{"floor":23,"key":"Dodecahedron"},{"floor":25,"key":"Prayer Wheel"},{"floor":26,"key":"Molten Egg 2"},{"floor":27,"key":"Orichalcum"},{"floor":31,"key":"Cables"},{"floor":40,"key":"Ornamental Fan"},{"floor":42,"key":"Kunai"},{"floor":43,"key":"Pear"},{"floor":44,"key":"StoneCalendar"},{"floor":46,"key":"Meat on the Bone"}],"event_choices":[{"damage_healed":0.0,"max_hp_gain":0.0,"max_hp_loss":0.0,"gold_gain":175.0,"event_name":"Liars Game","player_choice":"AGREE","floor":5.0,"gold_loss":0.0,"damage_taken":0.0,"cards_obtained":["Doubt"]},{"damage_healed":0.0,"max_hp_gain":0.0,"max_hp_loss":0.0,"gold_gain":0.0,"event_name":"The Woman in Blue","player_choice":"Bought 1 Potion","floor":10.0,"gold_loss":0.0,"damage_taken":0.0},{"damage_healed":0.0,"max_hp_gain":0.0,"max_hp_loss":0.0,"gold_gain":0.0,"event_name":"WeMeetAgain","player_choice":"Gave Potion","floor":14.0,"gold_loss":0.0,"damage_taken":0.0,"relics_obtained":["Anchor"]},{"damage_healed":0.0,"max_hp_gain":0.0,"max_hp_loss":0.0,"gold_gain":75.0,"event_name":"FaceTrader","player_choice":"Touch","floor":19.0,"gold_loss":0.0,"damage_taken":8.0},{"cards_removed":["Doubt"],"damage_healed":0,"gold_gain":0,"player_choice":"Removed Curses","damage_taken":0,"max_hp_gain":0,"max_hp_loss":0,"event_name":"Fountain of Cleansing","floor":36,"gold_loss":0}],"is_beta":true,"boss_relics":[{"not_picked":["Philosopher\u0027s Stone","White Beast Statue"],"picked":"Cursed Key"},{"not_picked":["Tiny House","Nuclear Battery"],"picked":"Fusion Hammer"}],"items_purged_floors":[3,21,45],"is_endless":false,"potions_floor_spawned":[1,2,4,12,16,20,27,30,31,39,42,44,47],"ascension_level":0}