{"gold_per_floor":[15,29,43,43,63,63,13,24,49,49,49,49,49,68,68,197,197,218,243,243,243,262,262,276,290,375,375,375,163,186,211,211,335,335,358,410,320,338,338,338,338,356,356,377,19,19,43,62,62,62],"floor_reached":51,"playtime":1230,"items_purged":["Defend_R","Strike_R"],"score":698,"play_id":"505c716b-8ffb-4e94-888c-e91562d1ef1f","local_time":"20190714212149","is_ascension_mode":false,"campfire_choices":[{"data":"Clash","floor":6.0,"key":"SMITH"},{"data":"Bash","floor":10.0,"key":"SMITH"},{"data":"Pummel","floor":13.0,"key":"SMITH"},{"data":"Sword Boomerang","floor":15.0,"key":"SMITH"},{"data":"Limit Break","floor":23.0,"key":"SMITH"},{"floor":27.0,"key":"REST"},{"data":"Flex","floor":32.0,"key":"SMITH"},{"data":"Dual Wield","floor":41.0,"key":"SMITH"},{"floor":46.0,"key":"REST"},{"floor":49.0,"key":"REST"}],"neow_cost":"NO_GOLD","seed_source_timestamp":0,"circlet_count":0,"master_deck":["Strike_R","Strike_R","Strike_R+1","Strike_R","Bash+1","Pummel+1","Clash+1","Sword Boomerang+1","Limit Break+1","Whirlwind","Clash+1","Flex+1","Armaments+1","Headbutt","Reaper","Rupture","Spot Weakness","Feed","Flex+1","Clash","Dual Wield+1","Rupture","Blood for Blood","Twin Strike","Headbutt+1","Rage+1","Limit Break+1","Sword Boomerang","Clash+1","Flex+1"],"special_seed":0,"relics":["Burning Blood","Torii","Ancient Tea Set","Red Skull","Golden Idol","Sozu","Tiny Chest","Orrery","Dream Catcher","Orichalcum","Unceasing Top","DollysMirror"],"potions_floor_usage":[50,50],"damage_taken":[{"damage":0.0,"enemies":"Small Slimes","floor":1.0,"turns":4.0},{"damage":6.0,"enemies":"Cultist","floor":2.0,"turns":3.0},{"damage":7.0,"enemies":"Jaw Worm","floor":3.0,"turns":3.0},{"damage":1.0,"enemies":"2 Fungi Beasts","floor":5.0,"turns":3.0},{"damage":10.0,"enemies":"Looter","floor":8.0,"turns":2.0},{"damage":0.0,"enemies":"Large Slime","floor":14.0,"turns":2.0},{"damage":23.0,"enemies":"The Guardian","floor":16.0,"turns":6.0},{"damage":28.0,"enemies":"2 Thieves","floor":18.0,"turns":4.0},{"damage":2.0,"enemies":"3 Byrds","floor":19.0,"turns":3.0},{"damage":28.0,"enemies":"Centurion and Healer","floor":22.0,"turns":4.0},{"damage":10.0,"enemies":"Snecko","floor":24.0,"turns":3.0},{"damage":1.0,"enemies":"Cultist and Chosen","floor":25.0,"turns":3.0},{"damage":30.0,"enemies":"Centurion and Healer","floor":30.0,"turns":3.0},{"damage":2.0,"enemies":"Chosen and Byrds","floor":31.0,"turns":3.0},{"damage":23.0,"enemies":"Champ","floor":33.0,"turns":6.0},{"damage":28.0,"enemies":"Orb Walker","floor":35.0,"turns":3.0},{"damage":19.0,"enemies":"3 Shapes","floor":38.0,"turns":3.0},{"damage":0.0,"enemies":"Reptomancer","floor":40.0,"turns":1.0},{"damage":22.0,"enemies":"Maw","floor":42.0,"turns":6.0},{"damage":19.0,"enemies":"Transient","floor":44.0,"turns":5.0},{"damage":29.0,"enemies":"Jaw Worm Horde","floor":47.0,"turns":4.0},{"damage":7.0,"enemies":"Sphere and 2 Shapes","floor":48.0,"turns":2.0},{"damage":79,"enemies":"Awakened One","floor":50,"turns":6}],"seed_played":"6622161958841528314","potions_obtained":[{"floor":3.0,"key":"SteroidPotion"},{"floor":4.0,"key":"SteroidPotion"},{"floor":4.0,"key":"SmokeBomb"}],"is_trial":false,"path_per_floor":["M","M","M","?","M","R","?","M","T","R","?","?","R","M","R","B",null,"M","M","?","?","M","R","M","M","T","R","?","$","M","M","R","B",null,"M","T","?","M","T","E","R","M","T","M","$","R","M","M","R","B",null],"character_chosen":"IRONCLAD","items_purchased":["Reaper","DollysMirror","Sword Boomerang"],"campfire_rested":3,"item_purchase_floors":[29,45,45],"current_hp_per_floor":[80,80,79,79,80,80,80,76,76,76,51,31,31,37,37,20,80,58,62,62,47,25,25,21,26,26,51,51,51,27,44,44,39,85,63,63,63,50,50,56,56,47,47,34,34,59,47,46,71,15],"gold":62,"neow_bonus":"ONE_RARE_RELIC","is_prod":false,"is_daily":false,"chose_seed":false,"campfire_upgraded":7,"win_rate":0,"timestamp":1563164509,"path_taken":["M","M","M","?","?","R","?","M","T","R","?","?","R","M","R","BOSS","M","M","?","?","M","R","M","M","T","R","?","$","M","M","R","BOSS","M","?","?","?","?","E","R","M","T","M","$","R","M","M","R","BOSS"],"build_version":"2019-07-05","purchased_purges":2,"victory":true,"max_hp_per_floor":[80,80,80,80,80,80,80,80,80,80,80,80,80,80,80,80,80,80,80,80,85,85,85,85,85,85,85,85,85,85,85,85,85,85,85,85,85,85,85,85,85,85,85,85,85,85,85,85,85,88],"card_choices":[{"not_picked":["Sword Boomerang","Battle Trance"],"picked":"Pummel","floor":1.0},{"not_picked":["Pommel Strike","Carnage","Warcry"],"picked":"SKIP","floor":2.0},{"not_picked":["Shockwave","Body Slam"],"picked":"Clash","floor":3.0},{"not_picked":["Armaments","Cleave"],"picked":"Sword Boomerang","floor":5.0},{"not_picked":["Headbutt","Sentinel","Havoc"],"picked":"SKIP","floor":8.0},{"not_picked":["Headbutt","True Grit","Warcry"],"picked":"SKIP","floor":14.0},{"not_picked":["Reaper","Double Tap"],"picked":"Limit Break","floor":16.0},{"not_picked":["Warcry","Headbutt"],"picked":"Whirlwind","floor":18.0},{"not_picked":["Feel No Pain+1","Thunderclap+1"],"picked":"Clash+1","floor":19.0},{"not_picked":["Shrug It Off","Dual Wield+1"],"picked":"Flex","floor":22.0},{"not_picked":["Reckless Charge","Dual Wield"],"picked":"Armaments+1","floor":24.0},{"not_picked":["Pommel Strike+1","Ghostly Armor","Armaments"],"picked":"SKIP","floor":25.0},{"not_picked":["Clothesline","Thunderclap"],"picked":"Rupture","floor":30.0},{"not_picked":["Juggernaut","Clothesline+1"],"picked":"Spot Weakness","floor":31.0},{"not_picked":["Fiend Fire","Dark Embrace"],"picked":"Feed","floor":33.0},{"not_picked":["Pommel Strike","Whirlwind"],"picked":"Flex+1","floor":34.0},{"not_picked":["Wild Strike","Disarm"],"picked":"Clash","floor":34.0},{"not_picked":["Pommel Strike","Entrench"],"picked":"Dual Wield","floor":34.0},{"not_picked":["Wild Strike","Thunderclap+1"],"picked":"Rupture","floor":34.0},{"not_picked":["Pommel Strike","Infernal Blade+1"],"picked":"Blood for Blood","floor":34.0},{"not_picked":["Sever Soul+1","Cleave+1"],"picked":"Twin Strike","floor":35.0},{"not_picked":["Iron Wave+1","True Grit"],"picked":"Headbutt+1","floor":38.0},{"not_picked":["Barricade","True Grit+1","Feel No Pain+1"],"picked":"SKIP","floor":42.0},{"not_picked":["Havoc","Body Slam"],"picked":"Rage+1","floor":44.0},{"not_picked":["True Grit+1","Bludgeon"],"picked":"Clash+1","floor":46.0},{"not_picked":["Evolve+1","Fire Breathing+1","Pommel Strike"],"picked":"SKIP","floor":47.0},{"not_picked":["Metallicize","Burning Pact"],"picked":"Flex+1","floor":48.0}],"player_experience":1441471,"relics_obtained":[{"floor":9.0,"key":"Ancient Tea Set"},{"floor":26.0,"key":"Tiny Chest"},{"floor":36.0,"key":"Dream Catcher"},{"floor":39.0,"key":"Orichalcum"},{"floor":43.0,"key":"Unceasing Top"}],"event_choices":[{"damage_healed":0.0,"max_hp_gain":0.0,"max_hp_loss":0.0,"gold_gain":0.0,"event_name":"Lab","player_choice":"Got Potions","floor":4.0,"gold_loss":0.0,"damage_taken":0.0},{"cards_removed":["Defend_R"],"damage_healed":0.0,"max_hp_gain":0.0,"max_hp_loss":0.0,"gold_gain":0.0,"event_name":"The Cleric","player_choice":"Card Removal","floor":7.0,"gold_loss":50.0,"damage_taken":0.0},{"damage_healed":0.0,"max_hp_gain":0.0,"max_hp_loss":0.0,"gold_gain":0.0,"event_name":"Scrap Ooze","player_choice":"Success","floor":11.0,"gold_loss":0.0,"damage_taken":25.0,"relics_obtained":["Red Skull"]},{"damage_healed":0.0,"max_hp_gain":0.0,"max_hp_loss":0.0,"gold_gain":0.0,"event_name":"Golden Idol","player_choice":"Take Damage","floor":12.0,"gold_loss":0.0,"damage_taken":20.0,"relics_obtained":["Golden Idol"]},{"damage_healed":0.0,"max_hp_gain":0.0,"max_hp_loss":0.0,"gold_gain":0.0,"event_name":"Ghosts","player_choice":"Ignored","floor":20.0,"gold_loss":0.0,"damage_taken":0.0},{"damage_healed":0.0,"max_hp_gain":5.0,"max_hp_loss":0.0,"gold_gain":0.0,"event_name":"Forgotten Altar","player_choice":"Shed Blood","floor":21.0,"gold_loss":0.0,"damage_taken":20.0},{"damage_healed":0.0,"max_hp_gain":0.0,"max_hp_loss":0.0,"gold_gain":0.0,"cards_transformed":["Defend_R"],"event_name":"Transmorgrifier","player_choice":"Transformed","floor":28.0,"gold_loss":0.0,"damage_taken":0.0,"cards_obtained":["Headbutt"]},{"cards_removed":["Defend_R"],"damage_healed":0.0,"max_hp_gain":0.0,"max_hp_loss":0.0,"gold_gain":0.0,"event_name":"Designer","player_choice":"Upgrade and Remove","floor":37.0,"gold_loss":90.0,"damage_taken":0.0,"cards_upgraded":["Strike_R"]}],"is_beta":false,"boss_relics":[{"not_picked":["Runic Pyramid","Astrolabe"],"picked":"Sozu"},{"not_picked":["Pandora\u0027s Box","Cursed Key"],"picked":"Orrery"}],"items_purged_floors":[29,45],"is_endless":false,"potions_floor_spawned":[3,8,16,19,30,40,48],"ascension_level":0}