{"gold_per_floor":[17,30,30,49,60,60,135,165,188,188,217,217,242,262,262,334,334,345,359,359,9,9,9],"floor_reached":23,"playtime":857,"items_purged":["Writhe"],"score":397,"play_id":"230e896d-9ee7-43a7-99f9-60dc4fa2954c","local_time":"20190410021136","is_ascension_mode":true,"campfire_choices":[{"data":"Immolate","floor":6,"key":"SMITH"},{"data":"Burning Pact","floor":10,"key":"SMITH"},{"data":"Bash","floor":12,"key":"SMITH"},{"floor":15,"key":"REST"}],"neow_cost":"NO_GOLD","seed_source_timestamp":138764947069930,"circlet_count":0,"master_deck":["AscendersBane","Strike_R","Strike_R","Strike_R","Defend_R+1","Defend_R","Defend_R+1","Defend_R","Bash+1","Immolate+1","Burning Pact+1","Wild Strike","Headbutt","Carnage","True Grit","True Grit","Fiend Fire","Clumsy","Injury","True Grit","Clothesline","Corruption"],"relics":["Burning Blood","Boot","Happy Flower","War Paint","Turnip","Calling Bell","Omamori","Darkstone Periapt","Charon\u0027s Ashes","Bottled Flame"],"potions_floor_usage":[11,23],"damage_taken":[{"damage":9,"enemies":"Jaw Worm","floor":1,"turns":5},{"damage":0,"enemies":"Cultist","floor":2,"turns":2},{"damage":7,"enemies":"Small Slimes","floor":4,"turns":3},{"damage":7,"enemies":"2 Fungi Beasts","floor":5,"turns":2},{"damage":10,"enemies":"3 Sentries","floor":8,"turns":5},{"damage":20,"enemies":"Lagavulin","floor":11,"turns":6},{"damage":10,"enemies":"3 Sentries","floor":13,"turns":3},{"damage":4,"enemies":"Exordium Thugs","floor":14,"turns":3},{"damage":57,"enemies":"The Guardian","floor":16,"turns":13},{"damage":9,"enemies":"Chosen","floor":18,"turns":5},{"damage":28,"enemies":"Shell Parasite","floor":19,"turns":3},{"damage":38,"enemies":"Book of Stabbing","floor":23,"turns":4}],"seed_played":"8773392417511880374","potions_obtained":[{"floor":1,"key":"Dexterity Potion"},{"floor":3,"key":"Weak Potion"},{"floor":14,"key":"Swift Potion"}],"is_trial":false,"path_per_floor":["M","M","?","M","M","R","?","E","T","R","E","R","E","M","R","B",null,"M","M","?","$","?","E"],"character_chosen":"IRONCLAD","items_purchased":["Bottled Flame"],"campfire_rested":1,"item_purchase_floors":[21],"current_hp_per_floor":[65,71,71,70,69,69,58,54,54,54,40,40,36,38,60,9,59,56,34,34,34,34,0],"gold":9,"neow_bonus":"THREE_RARE_CARDS","is_prod":false,"is_daily":false,"chose_seed":false,"campfire_upgraded":3,"win_rate":0,"timestamp":1554887496,"path_taken":["M","M","?","M","?","R","?","E","T","R","E","R","E","M","R","BOSS","M","M","?","$","?","E"],"build_version":"2019-01-23","purchased_purges":1,"victory":false,"max_hp_per_floor":[75,75,75,75,75,75,75,75,75,75,75,75,75,75,75,75,75,75,75,75,75,75,75],"card_choices":[{"not_picked":["Double Tap","Brutality"],"picked":"Immolate","floor":0},{"not_picked":["Blood for Blood","True Grit"],"picked":"Burning Pact","floor":1},{"not_picked":["Sword Boomerang","Havoc"],"picked":"Wild Strike","floor":2},{"not_picked":["Warcry","Seeing Red","Cleave"],"picked":"SKIP","floor":4},{"not_picked":["Entrench","Anger","Twin Strike"],"picked":"SKIP","floor":5},{"not_picked":["Brutality","Body Slam"],"picked":"Headbutt","floor":8},{"not_picked":["Cleave","Anger"],"picked":"Carnage","floor":11},{"not_picked":["Carnage","Anger"],"picked":"True Grit","floor":13},{"not_picked":["Rage","Twin Strike"],"picked":"True Grit","floor":14},{"not_picked":["Limit Break","Barricade"],"picked":"Fiend Fire","floor":16},{"not_picked":["Anger+1","Cleave","Twin Strike"],"picked":"SKIP","floor":18},{"not_picked":["Combust","Havoc"],"picked":"True Grit","floor":19}],"player_experience":1273192,"relics_obtained":[{"floor":8,"key":"Boot"},{"floor":9,"key":"Happy Flower"},{"floor":11,"key":"War Paint"},{"floor":13,"key":"Turnip"},{"floor":17,"key":"Omamori"},{"floor":17,"key":"Darkstone Periapt"},{"floor":17,"key":"Charon\u0027s Ashes"}],"event_choices":[{"damage_healed":0,"gold_gain":0,"player_choice":"Got Potions","damage_taken":0,"max_hp_gain":0,"max_hp_loss":0,"event_name":"Lab","floor":3,"gold_loss":0},{"damage_healed":0,"gold_gain":75,"player_choice":"Gather Gold","damage_taken":11,"max_hp_gain":0,"max_hp_loss":0,"event_name":"World of Goop","floor":7,"gold_loss":0},{"damage_healed":0,"gold_gain":0,"cards_transformed":["Strike_R","Strike_R"],"player_choice":"Became Test Subject","damage_taken":0,"max_hp_gain":0,"max_hp_loss":0,"event_name":"Drug Dealer","floor":20,"gold_loss":0,"cards_obtained":["Clothesline","Corruption"]},{"damage_healed":0,"gold_gain":0,"player_choice":"Ignored","damage_taken":0,"max_hp_gain":0,"max_hp_loss":0,"event_name":"Vampires","floor":22,"gold_loss":0}],"is_beta":false,"boss_relics":[{"not_picked":["Black Blood","Runic Cube"],"picked":"Calling Bell"}],"items_purged_floors":[21],"is_endless":false,"potions_floor_spawned":[1,5,14,16],"killed_by":"Book of Stabbing","ascension_level":18}