{"gold_per_floor":[113,113,113,131,151,151,161,161,211,211,230,70,70,70,70,70],"floor_reached":16,"playtime":245,"items_purged":["Decay"],"score":176,"play_id":"24f74a75-c24c-4e0f-86ba-3b326ccc5ef8","local_time":"20190518215238","is_ascension_mode":true,"campfire_choices":[{"data":"Pommel Strike","floor":6,"key":"SMITH"},{"data":"Flex","floor":8,"key":"SMITH"},{"data":"Bash","floor":10,"key":"SMITH"},{"floor":13,"key":"REST"},{"floor":15,"key":"REST"}],"neow_cost":"NONE","seed_source_timestamp":1363001628986591,"circlet_count":0,"master_deck":["AscendersBane","Strike_R","Strike_R","Strike_R","Strike_R","Strike_R","Defend_R","Defend_R","Defend_R","Defend_R","Bash+1","Flex+1","Thunderclap","Pommel Strike+1","Infernal Blade","Thunderclap","Uppercut"],"relics":["Burning Blood","NeowsBlessing","Red Skull","Pen Nib"],"potions_floor_usage":[],"damage_taken":[{"damage":0,"enemies":"Small Slimes","floor":1,"turns":1},{"damage":0,"enemies":"2 Louse","floor":4,"turns":1},{"damage":0,"enemies":"Cultist","floor":5,"turns":1},{"damage":23,"enemies":"Blue Slaver","floor":7,"turns":3},{"damage":31,"enemies":"Exordium Thugs","floor":11,"turns":3},{"damage":0,"enemies":"The Guardian","floor":16,"turns":1}],"seed_played":"-6332615251828039166","potions_obtained":[{"floor":1,"key":"Energy Potion"},{"floor":7,"key":"SpeedPotion"}],"is_trial":false,"path_per_floor":["M","?","?","M","M","R","M","R","T","R","M","$","R","?","R","B"],"character_chosen":"IRONCLAD","items_purchased":["Uppercut"],"campfire_rested":2,"item_purchase_floors":[12],"current_hp_per_floor":[74,56,56,62,68,68,51,51,51,51,26,26,48,48,70,70],"gold":70,"neow_bonus":"THREE_ENEMY_KILL","is_prod":false,"is_daily":false,"chose_seed":false,"campfire_upgraded":3,"win_rate":0,"timestamp":1558241558,"path_taken":["M","?","?","M","?","R","M","R","T","R","M","$","R","?","R","BOSS"],"build_version":"2019-01-23","purchased_purges":1,"victory":false,"max_hp_per_floor":[75,75,75,75,75,75,75,75,75,75,75,75,75,75,75,75],"card_choices":[{"not_picked":["Rage","Bloodletting"],"picked":"Flex","floor":1},{"not_picked":["Twin Strike","Shockwave"],"picked":"Thunderclap","floor":4},{"not_picked":["Dual Wield","Metallicize"],"picked":"Pommel Strike","floor":5},{"not_picked":["Iron Wave","Seeing Red"],"picked":"Infernal Blade","floor":7},{"not_picked":["Burning Pact","Iron Wave"],"picked":"Thunderclap","floor":11}],"player_experience":1360362,"relics_obtained":[{"floor":9,"key":"Pen Nib"}],"event_choices":[{"damage_healed":0,"gold_gain":0,"player_choice":"Success","damage_taken":18,"relics_obtained":["Red Skull"],"max_hp_gain":0,"max_hp_loss":0,"event_name":"Scrap Ooze","floor":2,"gold_loss":0},{"damage_healed":0,"gold_gain":0,"player_choice":"Cursed","damage_taken":0,"max_hp_gain":0,"max_hp_loss":0,"event_name":"Wheel of Change","floor":3,"gold_loss":0,"cards_obtained":["Decay"]},{"damage_healed":0,"gold_gain":0,"player_choice":"Got Potions","damage_taken":0,"max_hp_gain":0,"max_hp_loss":0,"event_name":"Lab","floor":14,"gold_loss":0}],"is_beta":false,"boss_relics":[],"items_purged_floors":[12],"is_endless":false,"potions_floor_spawned":[1,7,11],"killed_by":"The Guardian","ascension_level":19}