{"gold_per_floor":[118,118,46,61,61,92,92,118,170,170,43,56,56,72,72,172,172,190,219,115,115,115,441,441,476,558,585,601,611,223,243,243,345,345,360,164,179,191,291,291,302,334,360,360,374,404,404,207,207,207,207,207,22,53,53],"floor_reached":56,"playtime":9329,"items_purged":["Strike_G","Strike_G","Injury","Normality","Shame"],"score":1808,"play_id":"0a7a6b84-e64b-4691-8f60-d16208a05394","local_time":"20190717210149","is_ascension_mode":true,"campfire_choices":[{"data":"Footwork","floor":7.0,"key":"SMITH"},{"data":"Noxious Fumes","floor":10.0,"key":"SMITH"},{"data":"Neutralize","floor":13.0,"key":"SMITH"},{"data":"Tools of the Trade","floor":15.0,"key":"SMITH"},{"data":"Well Laid Plans","floor":24.0,"key":"SMITH"},{"data":"Adrenaline","floor":32.0,"key":"SMITH"},{"data":"Cloak And Dagger","floor":40.0,"key":"SMITH"},{"floor":44.0,"key":"RECALL"},{"data":"Backflip","floor":47.0,"key":"SMITH"},{"data":"Noxious Fumes","floor":49.0,"key":"SMITH"},{"floor":52.0,"key":"REST"}],"neow_cost":"NONE","seed_source_timestamp":0,"circlet_count":0,"master_deck":["Strike_G+1","Strike_G+1","Defend_G+1","Defend_G+1","Defend_G+1","Defend_G+1","Defend_G+1","Survivor+1","Neutralize+1","Acrobatics+1","Footwork+1","Dagger Spray","Escape Plan","Noxious Fumes+1","Corpse Explosion","Dodge and Roll","Tools of the Trade+1","Adrenaline+1","PiercingWail","Well Laid Plans+1","Backflip+1","Poisoned Stab","Quick Slash+1","Bouncing Flask+1","Bane+1","Flash of Steel+1","Cloak And Dagger+1","Die Die Die+1","Clumsy","Sucker Punch+1","Blade Dance+1","Cloak And Dagger+1","PiercingWail+1","Escape Plan+1","Quick Slash+1","Cloak And Dagger+1","Shame","Endless Agony+1","Quick Slash+1","Finisher+1","Noxious Fumes+1","Underhanded Strike+1","Quick Slash+1","Acrobatics+1","Noxious Fumes","Cloak And Dagger"],"special_seed":0,"relics":["Ring of the Snake","NeowsBlessing","Smiling Mask","Centennial Puzzle","Lantern","Cursed Key","Red Mask","Nilry\u0027s Codex","Old Coin","Molten Egg 2","Anchor","Pear","Calling Bell","Kunai","Bag of Preparation","Turnip","War Paint","Prayer Wheel","Dream Catcher","Bag of Marbles","Art of War","Snake Skull","Torii"],"potions_floor_usage":[55],"damage_taken":[{"damage":0.0,"enemies":"Small Slimes","floor":1.0,"turns":1.0},{"damage":0.0,"enemies":"Cultist","floor":4.0,"turns":1.0},{"damage":0.0,"enemies":"Lagavulin","floor":6.0,"turns":1.0},{"damage":58.0,"enemies":"Gremlin Nob","floor":8.0,"turns":7.0},{"damage":1.0,"enemies":"Jaw Worm","floor":12.0,"turns":4.0},{"damage":0.0,"enemies":"2 Fungi Beasts","floor":14.0,"turns":2.0},{"damage":12.0,"enemies":"Slime Boss","floor":16.0,"turns":10.0},{"damage":0.0,"enemies":"Shell Parasite","floor":18.0,"turns":7.0},{"damage":0.0,"enemies":"Masked Bandits","floor":19.0,"turns":3.0},{"damage":0.0,"enemies":"Gremlin Leader","floor":23.0,"turns":7.0},{"damage":0.0,"enemies":"Slavers","floor":25.0,"turns":2.0},{"damage":0.0,"enemies":"Book of Stabbing","floor":27.0,"turns":7.0},{"damage":0.0,"enemies":"Spheric Guardian","floor":28.0,"turns":5.0},{"damage":0.0,"enemies":"Centurion and Healer","floor":29.0,"turns":4.0},{"damage":18.0,"enemies":"Snecko","floor":31.0,"turns":6.0},{"damage":0.0,"enemies":"Champ","floor":33.0,"turns":8.0},{"damage":0.0,"enemies":"Orb Walker","floor":35.0,"turns":3.0},{"damage":0.0,"enemies":"3 Darklings","floor":37.0,"turns":3.0},{"damage":0.0,"enemies":"Sphere and 2 Shapes","floor":38.0,"turns":4.0},{"damage":0.0,"enemies":"Mind Bloom Boss Battle","floor":39.0,"turns":6.0},{"damage":0.0,"enemies":"Maw","floor":41.0,"turns":7.0},{"damage":0.0,"enemies":"Reptomancer","floor":42.0,"turns":6.0},{"damage":0.0,"enemies":"Jaw Worm Horde","floor":45.0,"turns":4.0},{"damage":0.0,"enemies":"Giant Head","floor":46.0,"turns":10.0},{"damage":28.0,"enemies":"Time Eater","floor":50.0,"turns":12.0},{"damage":5.0,"enemies":"Shield and Spear","floor":54.0,"turns":6.0},{"damage":79,"enemies":"The Heart","floor":55,"turns":12}],"seed_played":"1815322901527537972","potions_obtained":[{"floor":4.0,"key":"Fruit Juice"},{"floor":6.0,"key":"Regen Potion"},{"floor":12.0,"key":"SteroidPotion"},{"floor":18.0,"key":"EssenceOfSteel"},{"floor":25.0,"key":"PowerPotion"},{"floor":27.0,"key":"Fire Potion"},{"floor":28.0,"key":"EssenceOfSteel"},{"floor":35.0,"key":"SkillPotion"},{"floor":37.0,"key":"FearPotion"},{"floor":42.0,"key":"Poison Potion"},{"floor":46.0,"key":"AttackPotion"}],"is_trial":false,"path_per_floor":["M","?","$","M","?","E","R","E","T","R","$","M","R","M","R","B",null,"M","?","$","?","?","E","R","E","T","E","M","M","$","M","R","B",null,"M","$","M","M","?","R","M","E","T","R","M","E","R","$","R","B",null,"R","$","E","B",null],"character_chosen":"THE_SILENT","items_purchased":["Footwork","Corpse Explosion","Backflip","Pear","Flash of Steel+1","War Paint","Noxious Fumes","Underhanded Strike+1","Quick Slash+1","Snake Skull","Noxious Fumes"],"campfire_rested":1,"item_purchase_floors":[3,11,20,30,30,36,48,48,48,53,53],"current_hp_per_floor":[70,70,70,70,75,75,75,34,34,34,34,33,33,33,33,21,65,65,65,65,49,49,49,49,49,49,49,49,49,59,41,41,41,78,78,78,78,78,78,78,78,78,78,78,78,78,78,78,78,50,80,90,90,85,6],"gold":53,"neow_bonus":"THREE_ENEMY_KILL","is_prod":false,"is_daily":false,"chose_seed":false,"campfire_upgraded":9,"win_rate":0,"timestamp":1563411709,"path_taken":["M","?","?","?","?","E","R","E","T","R","$","M","R","M","R","BOSS","M","?","$","?","?","E","R","E","T","E","M","M","$","M","R","BOSS","M","$","M","M","?","R","M","E","T","R","M","E","R","$","R","BOSS","R","$","E","BOSS"],"build_version":"2019-07-05","purchased_purges":5,"victory":true,"max_hp_per_floor":[70,70,70,70,75,75,75,80,80,80,80,80,80,80,80,80,80,80,80,80,80,80,80,80,80,80,80,80,80,90,90,90,90,90,90,90,90,90,90,90,90,90,90,90,90,90,90,90,90,90,90,90,90,90,90],"card_choices":[{"not_picked":["Dodge and Roll","Underhanded Strike"],"picked":"Acrobatics","floor":1.0},{"not_picked":["Leg Sweep","Flechettes"],"picked":"Dagger Spray","floor":4.0},{"not_picked":["Dagger Spray","Quick Slash"],"picked":"Escape Plan","floor":6.0},{"not_picked":["Sucker Punch","Bullet Time"],"picked":"Noxious Fumes","floor":8.0},{"not_picked":["Reflex","Dagger Throw"],"picked":"Dodge and Roll","floor":12.0},{"not_picked":["Deadly Poison","Predator"],"picked":"Tools of the Trade","floor":14.0},{"not_picked":["Phantasmal Killer","Envenom"],"picked":"Adrenaline","floor":16.0},{"not_picked":["Dodge and Roll","Underhanded Strike"],"picked":"PiercingWail","floor":18.0},{"not_picked":["Dodge and Roll","Backflip"],"picked":"Well Laid Plans","floor":19.0},{"not_picked":["Riddle With Holes","Die Die Die"],"picked":"Poisoned Stab","floor":23.0},{"not_picked":["Flying Knee","Prepared","Deadly Poison"],"picked":"SKIP","floor":25.0},{"not_picked":["Deflect","Flying Knee+1"],"picked":"Quick Slash+1","floor":27.0},{"not_picked":["Quick Slash+1","Terror+1"],"picked":"Bouncing Flask+1","floor":28.0},{"not_picked":["Finisher+1","Dagger Spray+1"],"picked":"Bane+1","floor":29.0},{"not_picked":["Sucker Punch+1","Underhanded Strike+1"],"picked":"Cloak And Dagger+1","floor":31.0},{"not_picked":["Storm of Steel","Burst"],"picked":"Die Die Die+1","floor":33.0},{"not_picked":["Underhanded Strike+1","Finisher+1"],"picked":"Sucker Punch+1","floor":35.0},{"not_picked":["Bane+1","Setup"],"picked":"Blade Dance+1","floor":37.0},{"not_picked":["Calculated Gamble+1","Eviscerate+1"],"picked":"Cloak And Dagger","floor":38.0},{"not_picked":["Deflect+1","Acrobatics"],"picked":"PiercingWail+1","floor":39.0},{"not_picked":["Dagger Throw+1","Outmaneuver+1"],"picked":"Escape Plan+1","floor":41.0},{"not_picked":["Sucker Punch+1","Predator+1"],"picked":"Quick Slash+1","floor":41.0},{"not_picked":["Wraith Form v2","Blur"],"picked":"Cloak And Dagger+1","floor":42.0},{"not_picked":["Dash+1","Noxious Fumes"],"picked":"Endless Agony+1","floor":45.0},{"not_picked":["Bane+1","Choke+1"],"picked":"Quick Slash+1","floor":45.0},{"not_picked":["Prepared","Poisoned Stab+1"],"picked":"Finisher+1","floor":46.0},{"not_picked":["A Thousand Cuts","Deflect+1"],"picked":"Acrobatics+1","floor":52.0},{"not_picked":["Quick Slash+1","Dagger Throw+1"],"picked":"Cloak And Dagger","floor":54.0}],"player_experience":269803,"relics_obtained":[{"floor":6.0,"key":"Smiling Mask"},{"floor":8.0,"key":"Centennial Puzzle"},{"floor":9.0,"key":"Lantern"},{"floor":19.0,"key":"Red Mask"},{"floor":21.0,"key":"Nilry\u0027s Codex"},{"floor":23.0,"key":"Old Coin"},{"floor":25.0,"key":"Molten Egg 2"},{"floor":27.0,"key":"Anchor"},{"floor":34.0,"key":"Kunai"},{"floor":34.0,"key":"Bag of Preparation"},{"floor":34.0,"key":"Turnip"},{"floor":39.0,"key":"Prayer Wheel"},{"floor":42.0,"key":"Dream Catcher"},{"floor":43.0,"key":"Bag of Marbles"},{"floor":46.0,"key":"Art of War"},{"floor":54.0,"key":"Torii"}],"event_choices":[{"cards_removed":["Strike_G"],"damage_healed":0.0,"max_hp_gain":0.0,"max_hp_loss":0.0,"gold_gain":0.0,"event_name":"Bonfire Elementals","player_choice":"Offered Basic","floor":2.0,"gold_loss":0.0,"damage_taken":0.0},{"damage_healed":0.0,"max_hp_gain":5.0,"max_hp_loss":0.0,"gold_gain":0.0,"event_name":"Big Fish","player_choice":"Donut","floor":5.0,"gold_loss":0.0,"damage_taken":0.0},{"damage_healed":0.0,"max_hp_gain":0.0,"max_hp_loss":0.0,"gold_gain":0.0,"event_name":"Masked Bandits","player_choice":"Fought Bandits","floor":19.0,"gold_loss":0.0,"damage_taken":0.0},{"damage_healed":0.0,"max_hp_gain":0.0,"max_hp_loss":0.0,"gold_gain":0.0,"event_name":"Cursed Tome","player_choice":"Obtained Book","floor":21.0,"gold_loss":0.0,"damage_taken":16.0},{"damage_healed":0.0,"max_hp_gain":0.0,"max_hp_loss":0.0,"gold_gain":0.0,"event_name":"Back to Basics","player_choice":"Simplicity","floor":22.0,"gold_loss":0.0,"damage_taken":0.0,"cards_upgraded":["Strike_G","Strike_G","Defend_G","Defend_G","Defend_G","Defend_G","Defend_G"]},{"damage_healed":0.0,"max_hp_gain":0.0,"max_hp_loss":0.0,"gold_gain":0.0,"event_name":"MindBloom","player_choice":"Fight","floor":39.0,"gold_loss":0.0,"damage_taken":0.0}],"is_beta":false,"boss_relics":[{"not_picked":["Lizard Tail","Runic Dome"],"picked":"Cursed Key"},{"not_picked":["Orrery","Busted Crown"],"picked":"Calling Bell"}],"items_purged_floors":[11,20,30,36,48],"is_endless":false,"potions_floor_spawned":[4,6,12,18,25,27,28,35,37,42,46],"ascension_level":5}