{"gold_per_floor":[116,266,286,159,171,171,187,212,287,287,312,312,312,330,330,330],"floor_reached":16,"playtime":1851,"items_purged":["Doubt"],"score":193,"play_id":"dede7af7-f21d-41bf-a7d8-bcb8c56d5699","local_time":"20190309144445","is_ascension_mode":true,"campfire_choices":[{"data":"Zap","floor":6,"key":"SMITH"},{"data":"Auto Shields","floor":10,"key":"SMITH"},{"floor":15,"key":"REST"}],"neow_cost":"NONE","seed_source_timestamp":1426861537473132,"circlet_count":0,"master_deck":["AscendersBane","Strike_B","Strike_B","Strike_B","Strike_B","Defend_B","Defend_B","Defend_B","Defend_B","Zap+1","Dualcast","Rebound","Auto Shields+1","Barrage","Defragment","Storm"],"relics":["Lizard Tail","StoneCalendar","Shuriken","Blood Vial"],"potions_floor_usage":[],"damage_taken":[{"damage":2,"enemies":"2 Louse","floor":1,"turns":4},{"damage":2,"enemies":"Small Slimes","floor":3,"turns":4},{"damage":1,"enemies":"Cultist","floor":5,"turns":4},{"damage":8,"enemies":"Exordium Thugs","floor":7,"turns":4},{"damage":59,"enemies":"Gremlin Nob","floor":8,"turns":6},{"damage":30,"enemies":"3 Sentries","floor":11,"turns":7},{"damage":8,"enemies":"Blue Slaver","floor":14,"turns":4},{"damage":0,"enemies":"Hexaghost","floor":16,"turns":1}],"seed_played":"-8247979176225679280","potions_obtained":[{"floor":1,"key":"FearPotion"},{"floor":8,"key":"Dexterity Potion"}],"is_trial":false,"path_per_floor":["M","?","M","$","M","R","M","E","T","R","E","?","?","M","R","B"],"character_chosen":"DEFECT","items_purchased":["Rebound"],"campfire_rested":1,"item_purchase_floors":[4],"current_hp_per_floor":[62,62,60,60,59,59,51,35,35,35,5,28,28,22,43,45],"gold":330,"neow_bonus":"BOSS_RELIC","is_prod":false,"is_daily":false,"chose_seed":false,"campfire_upgraded":2,"win_rate":0,"timestamp":1552171485,"path_taken":["M","?","M","$","M","R","M","E","T","R","E","?","?","?","R","BOSS"],"build_version":"2019-01-23","purchased_purges":1,"victory":false,"max_hp_per_floor":[71,71,71,71,71,71,71,71,71,71,71,71,71,71,71,71],"card_choices":[{"not_picked":["Steam Power","Stack","Beam Cell"],"picked":"SKIP","floor":1},{"not_picked":["Turbo","Static Discharge","Barrage"],"picked":"SKIP","floor":3},{"not_picked":["Steam Power","Cold Snap"],"picked":"Auto Shields","floor":5},{"not_picked":["Force Field","Fusion"],"picked":"Barrage","floor":7},{"not_picked":["Fusion","Reinforced Body","Redo"],"picked":"SKIP","floor":8},{"not_picked":["Storm","Gash"],"picked":"Defragment","floor":11},{"not_picked":["Loop","Coolheaded"],"picked":"Storm","floor":14}],"player_experience":1210102,"relics_obtained":[{"floor":8,"key":"StoneCalendar"},{"floor":9,"key":"Shuriken"},{"floor":11,"key":"Blood Vial"}],"event_choices":[{"damage_healed":0,"gold_gain":150,"player_choice":"AGREE","damage_taken":0,"max_hp_gain":0,"max_hp_loss":0,"event_name":"Liars Game","floor":2,"gold_loss":0,"cards_obtained":["Doubt"]},{"damage_healed":23,"gold_gain":0,"player_choice":"Banana","damage_taken":0,"max_hp_gain":0,"max_hp_loss":0,"event_name":"Big Fish","floor":12,"gold_loss":0},{"damage_healed":0,"gold_gain":0,"player_choice":"Got Potions","damage_taken":0,"max_hp_gain":0,"max_hp_loss":0,"event_name":"Lab","floor":13,"gold_loss":0}],"is_beta":false,"boss_relics":[],"items_purged_floors":[4],"is_endless":false,"potions_floor_spawned":[1,8],"killed_by":"Hexaghost","ascension_level":15}