{"gold_per_floor":[115,115,40,52,52,82,82,138,138,138,38,58,68,80,80,80],"floor_reached":16,"playtime":760,"items_purged":["Defend_R","Strike_R"],"score":166,"play_id":"7e3f6f8e-cbd2-4371-82c9-6250f66048c0","local_time":"20180714092227","is_ascension_mode":true,"campfire_choices":[{"floor":7,"key":"REST"},{"data":"Fire Breathing","floor":10,"key":"SMITH"},{"floor":15,"key":"REST"}],"neow_cost":"","seed_source_timestamp":0,"circlet_count":0,"master_deck":["Strike_R","Strike_R","Strike_R","Strike_R","Defend_R","Defend_R","Defend_R+1","Bash","Flex+1","Bloodletting","Fire Breathing+1","Anger","Fiend Fire"],"relics":["Unceasing Top","Calipers","Tiny Chest","Letter Opener","Odd Mushroom"],"potions_floor_usage":[16,16],"damage_taken":[{"damage":9,"enemies":"Small Slimes","floor":1,"turns":4},{"damage":0,"enemies":"2 Louse","floor":4,"turns":3},{"damage":22,"enemies":"3 Sentries","floor":6,"turns":8},{"damage":28,"enemies":"Gremlin Nob","floor":8,"turns":4},{"damage":16,"floor":12,"turns":4},{"damage":3,"enemies":"Jaw Worm","floor":13,"turns":2},{"damage":4,"enemies":"Blue Slaver","floor":14,"turns":2},{"damage":48,"enemies":"The Guardian","floor":16,"turns":8}],"seed_played":"-706457487954135736","potions_obtained":[{"floor":8,"key":"Strength Potion"},{"floor":13,"key":"FairyPotion"},{"floor":14,"key":"Weak Potion"}],"is_trial":true,"path_per_floor":["M","?","$","M","?","E","R","E","T","R","$","?","M","M","R"],"character_chosen":"IRONCLAD","items_purchased":[],"campfire_rested":2,"item_purchase_floors":[],"current_hp_per_floor":[71,55,55,55,55,33,57,29,29,29,29,13,10,6,30,0],"gold":80,"neow_bonus":"","is_prod":false,"is_daily":false,"chose_seed":false,"campfire_upgraded":1,"win_rate":0,"timestamp":1531585347,"path_taken":["M","?","$","M","?","E","R","E","T","R","?","?","?","M","R","BOSS"],"build_version":"2018-07-12","purchased_purges":2,"victory":false,"max_hp_per_floor":[80,80,80,80,80,80,80,80,80,80,80,80,80,80,80,80],"card_choices":[{"not_picked":["Perfected Strike","Havoc"],"picked":"Flex","floor":1},{"not_picked":["Sword Boomerang","Havoc","Intimidate"],"picked":"SKIP","floor":4},{"not_picked":["Armaments","Sword Boomerang"],"picked":"Bloodletting","floor":6},{"not_picked":["Burning Pact","Infernal Blade"],"picked":"Fire Breathing","floor":8},{"not_picked":["Shrug It Off","Body Slam"],"picked":"Anger","floor":12},{"not_picked":["Combust","True Grit"],"picked":"Fiend Fire","floor":13},{"not_picked":["Havoc","Heavy Blade","Sever Soul"],"picked":"SKIP","floor":14}],"player_experience":486779,"relics_obtained":[{"floor":6,"key":"Calipers"},{"floor":8,"key":"Tiny Chest"},{"floor":9,"key":"Letter Opener"},{"floor":12,"key":"Odd Mushroom"}],"event_choices":[{"event_name":"Shining Light","player_choice":"Entered Light","floor":2,"damage_taken":0},{"event_name":"Match and Keep!","player_choice":"0 cards matched","floor":5,"damage_taken":0},{"event_name":"Mushrooms","player_choice":"Fought Mushrooms","floor":12,"damage_taken":0}],"boss_relics":[],"items_purged_floors":[3,11],"is_endless":true,"potions_floor_spawned":[8,13,14],"killed_by":"The Guardian","ascension_level":1}