{"gold_per_floor":[112,61,74,74,74,110,110,133,157,195,215,60,91,112,112,235,235,248,248,248,248,282,318,318,62,62,62,78,116,116,151,151,271,271,290,1289,1309,677,696,730,730,790,816,816,808,833,869,285,285,285],"floor_reached":51,"playtime":3492,"items_purged":["Offering"],"score":849,"play_id":"02d211f1-d97e-461a-a013-6e2887236efc","local_time":"20190713130406","is_ascension_mode":false,"campfire_choices":[{"data":"Perfected Strike","floor":7.0,"key":"SMITH"},{"data":"Headbutt","floor":15.0,"key":"SMITH"},{"floor":24.0,"key":"REST"},{"data":"Headbutt","floor":30.0,"key":"SMITH"},{"floor":32.0,"key":"REST"},{"floor":41.0,"key":"REST"},{"floor":44.0,"key":"DIG"},{"data":"Perfected Strike","floor":49,"key":"SMITH"}],"neow_cost":"NONE","seed_source_timestamp":970875359443059,"circlet_count":0,"master_deck":["Strike_R","Strike_R","Strike_R","Strike_R","Strike_R","Defend_R+1","Defend_R+1","Headbutt+1","Perfected Strike+1","Headbutt+1","Perfected Strike+1","Wild Strike","Wild Strike","Twin Strike","Wild Strike","Pommel Strike+1","Twin Strike","Twin Strike+1","Perfected Strike+1","Pommel Strike"],"special_seed":0,"relics":["Burning Blood","Golden Idol","Blood Vial","Boot","Omamori","Bag of Preparation","War Paint","Empty Cage","Red Mask","Regal Pillow","Singing Bowl","Darkstone Periapt","Happy Flower","Pear","Philosopher\u0027s Stone","Red Skull","Sling","Meat on the Bone","Juzu Bracelet","Shovel","Orichalcum","MawBank","Oddly Smooth Stone","Strange Spoon"],"potions_floor_usage":[46,50,50,50],"damage_taken":[{"damage":12.0,"enemies":"Small Slimes","floor":1.0,"turns":3.0},{"damage":2.0,"enemies":"2 Louse","floor":3.0,"turns":2.0},{"damage":18.0,"enemies":"Lagavulin","floor":6.0,"turns":4.0},{"damage":0.0,"enemies":"Jaw Worm","floor":8.0,"turns":1.0},{"damage":0.0,"enemies":"Gremlin Nob","floor":10.0,"turns":2.0},{"damage":9.0,"enemies":"Blue Slaver","floor":11.0,"turns":3.0},{"damage":23.0,"enemies":"3 Sentries","floor":13.0,"turns":5.0},{"damage":8.0,"enemies":"Large Slime","floor":14.0,"turns":2.0},{"damage":52.0,"enemies":"Hexaghost","floor":16.0,"turns":7.0},{"damage":6.0,"enemies":"Shell Parasite","floor":18.0,"turns":2.0},{"damage":6.0,"enemies":"Masked Bandits","floor":22.0,"turns":2.0},{"damage":54.0,"enemies":"Book of Stabbing","floor":23.0,"turns":4.0},{"damage":6.0,"enemies":"Chosen","floor":28.0,"turns":3.0},{"damage":18.0,"enemies":"Gremlin Leader","floor":29.0,"turns":3.0},{"damage":24.0,"enemies":"Book of Stabbing","floor":31.0,"turns":3.0},{"damage":105.0,"enemies":"Automaton","floor":33.0,"turns":8.0},{"damage":0.0,"enemies":"3 Shapes","floor":35.0,"turns":2.0},{"damage":6.0,"enemies":"Orb Walker","floor":37.0,"turns":2.0},{"damage":9.0,"enemies":"Sphere and 2 Shapes","floor":39.0,"turns":2.0},{"damage":97.0,"enemies":"Giant Head","floor":40.0,"turns":7.0},{"damage":35.0,"enemies":"2 Orb Walkers","floor":42.0,"turns":3.0},{"damage":6,"enemies":"Spire Growth","floor":46,"turns":2},{"damage":3,"enemies":"4 Shapes","floor":47,"turns":3},{"damage":82,"enemies":"Donu and Deca","floor":50,"turns":6}],"seed_played":"-2708957879385886445","potions_obtained":[{"floor":3.0,"key":"Explosive Potion"},{"floor":6.0,"key":"EntropicBrew"},{"floor":10.0,"key":"Ancient Potion"},{"floor":11.0,"key":"BloodPotion"},{"floor":16.0,"key":"Block Potion"},{"floor":23.0,"key":"Poison Potion"},{"floor":28.0,"key":"Poison Potion"},{"floor":29.0,"key":"Block Potion"},{"floor":31.0,"key":"SpeedPotion"},{"floor":37.0,"key":"Regen Potion"},{"floor":40.0,"key":"AttackPotion"},{"floor":45.0,"key":"FearPotion"}],"is_trial":false,"path_per_floor":["M","$","M","?","?","E","R","M","T","E","M","$","E","M","R","B",null,"M","$","?","?","?","E","R","$","T","?","M","E","R","E","R","B",null,"M","?","M","$","M","E","R","?","T","R","?","M","M","$","R","B",null],"character_chosen":"IRONCLAD","items_purchased":["Perfected Strike","Bag of Preparation","Singing Bowl","Twin Strike","Red Skull","Sling","Meat on the Bone","Pommel Strike","Oddly Smooth Stone","PowerPotion","Regen Potion","Strange Spoon"],"campfire_rested":3,"item_purchase_floors":[2,12,25,38,38,38,38,48,48,48,48,48],"current_hp_per_floor":[74,74,78,74,74,62,62,70,70,74,71,71,56,56,56,12,74,74,74,74,74,74,26,63,63,63,63,65,57,57,53,88,13,90,92,92,92,92,91,31,74,59,59,59,59,61,68,68,68,21],"gold":285,"neow_bonus":"REMOVE_CARD","is_prod":false,"is_daily":false,"chose_seed":false,"campfire_upgraded":4,"win_rate":0,"timestamp":1563037446,"path_taken":["M","$","M","?","?","E","R","M","T","E","M","$","E","M","R","BOSS","M","$","?","?","?","E","R","$","T","?","M","E","R","E","R","BOSS","M","?","M","$","M","E","R","?","T","R","?","M","M","$","R","BOSS"],"build_version":"2019-07-05","purchased_purges":1,"victory":true,"max_hp_per_floor":[80,80,80,74,74,74,74,74,74,74,74,74,74,74,74,74,74,74,74,74,74,74,74,74,74,74,74,74,76,76,88,88,90,90,92,92,92,92,94,96,96,96,96,96,96,96,98,98,98,98],"card_choices":[{"not_picked":["Bloodletting","Burning Pact"],"picked":"Headbutt","floor":1.0},{"not_picked":["Metallicize","Rampage"],"picked":"Headbutt","floor":3.0},{"not_picked":["Body Slam","Reaper"],"picked":"Perfected Strike","floor":6.0},{"not_picked":["Infernal Blade","Havoc","Shrug It Off"],"picked":"SKIP","floor":8.0},{"not_picked":["Pummel","Armaments","Havoc"],"picked":"SKIP","floor":10.0},{"not_picked":["Sword Boomerang","Warcry"],"picked":"Wild Strike","floor":11.0},{"not_picked":["Havoc","Power Through"],"picked":"Offering","floor":13.0},{"not_picked":["Anger","Sword Boomerang"],"picked":"Wild Strike","floor":14.0},{"not_picked":["Anger","True Grit+1","Intimidate"],"picked":"SKIP","floor":18.0},{"not_picked":["Berserk","Inflame","Armaments"],"picked":"SKIP","floor":23.0},{"not_picked":["Berserk","Inflame","Armaments"],"picked":"SKIP","floor":23.0},{"not_picked":["Armaments","Rage"],"picked":"Wild Strike","floor":28.0},{"not_picked":["Fiend Fire","Flex","Cleave"],"picked":"Singing Bowl","floor":29.0},{"not_picked":["Uppercut","Body Slam","Rage"],"picked":"Singing Bowl","floor":31.0},{"not_picked":["Offering","Impervious","Immolate"],"picked":"Singing Bowl","floor":33.0},{"not_picked":["Burning Pact+1","Clash+1","Ghostly Armor+1"],"picked":"Singing Bowl","floor":35.0},{"not_picked":["Warcry","Dual Wield"],"picked":"Pommel Strike+1","floor":37.0},{"not_picked":["Anger+1","Rupture+1","Body Slam+1"],"picked":"Singing Bowl","floor":39.0},{"not_picked":["Intimidate+1","Clash+1","Body Slam"],"picked":"Singing Bowl","floor":40.0},{"not_picked":["Body Slam+1","Blood for Blood+1"],"picked":"Twin Strike+1","floor":42.0},{"not_picked":["Pommel Strike+1","Sentinel"],"picked":"Perfected Strike","floor":46},{"not_picked":["Havoc","Armaments","Combust+1"],"picked":"Singing Bowl","floor":47}],"player_experience":229512,"relics_obtained":[{"floor":6.0,"key":"Blood Vial"},{"floor":9.0,"key":"Boot"},{"floor":10.0,"key":"Omamori"},{"floor":13.0,"key":"War Paint"},{"floor":22.0,"key":"Red Mask"},{"floor":23.0,"key":"Regal Pillow"},{"floor":26.0,"key":"Darkstone Periapt"},{"floor":29.0,"key":"Happy Flower"},{"floor":31.0,"key":"Pear"},{"floor":40.0,"key":"Juzu Bracelet"},{"floor":42.0,"key":"Shovel"},{"floor":43.0,"key":"Orichalcum"},{"floor":44.0,"key":"MawBank"}],"event_choices":[{"damage_healed":0.0,"max_hp_gain":0.0,"max_hp_loss":6.0,"gold_gain":0.0,"event_name":"Golden Idol","player_choice":"Lose Max HP","floor":4.0,"gold_loss":0.0,"damage_taken":0.0,"relics_obtained":["Golden Idol"]},{"damage_healed":0.0,"max_hp_gain":0.0,"max_hp_loss":0.0,"gold_gain":0.0,"event_name":"Living Wall","player_choice":"Grow","floor":5.0,"gold_loss":0.0,"damage_taken":0.0,"cards_upgraded":["Perfected Strike"]},{"damage_healed":0.0,"max_hp_gain":0.0,"max_hp_loss":0.0,"gold_gain":0.0,"event_name":"The Library","player_choice":"Read","floor":20.0,"gold_loss":0.0,"damage_taken":0.0,"cards_obtained":["Twin Strike"]},{"damage_healed":0.0,"max_hp_gain":0.0,"max_hp_loss":0.0,"gold_gain":0.0,"event_name":"Vampires","player_choice":"Ignored","floor":21.0,"gold_loss":0.0,"damage_taken":0.0},{"damage_healed":0.0,"max_hp_gain":0.0,"max_hp_loss":0.0,"gold_gain":0.0,"event_name":"Masked Bandits","player_choice":"Fought Bandits","floor":22.0,"gold_loss":0.0,"damage_taken":0.0},{"damage_healed":0.0,"max_hp_gain":0.0,"max_hp_loss":0.0,"gold_gain":0.0,"event_name":"Ghosts","player_choice":"Ignored","floor":27.0,"gold_loss":0.0,"damage_taken":0.0},{"damage_healed":0.0,"max_hp_gain":0.0,"max_hp_loss":0.0,"gold_gain":999.0,"event_name":"MindBloom","player_choice":"Gold","floor":36.0,"gold_loss":0.0,"damage_taken":0.0,"cards_obtained":["Normality","Normality"]},{"damage_healed":0.0,"max_hp_gain":0.0,"max_hp_loss":0.0,"gold_gain":0.0,"event_name":"Mysterious Sphere","player_choice":"Fight","floor":42.0,"gold_loss":0.0,"damage_taken":0.0},{"damage_healed":0.0,"max_hp_gain":0.0,"max_hp_loss":0.0,"gold_gain":0.0,"event_name":"The Woman in Blue","player_choice":"Bought 1 Potion","floor":45.0,"gold_loss":0.0,"damage_taken":0.0}],"is_beta":false,"boss_relics":[{"not_picked":["Runic Dome","Orrery"],"picked":"Empty Cage"},{"not_picked":["Mark of Pain","Lizard Tail"],"picked":"Philosopher\u0027s Stone"}],"items_purged_floors":[48],"is_endless":false,"potions_floor_spawned":[3,6,10,11,16,23,28,29,31,37,40],"ascension_level":0}