{"gold_per_floor":[117,135,154,174,193,193,218,218,218,218],"floor_reached":10,"playtime":738,"items_purged":[],"score":116,"play_id":"072bfd9e-920b-4507-bece-b87947213f46","local_time":"20190813002513","is_ascension_mode":true,"campfire_choices":[{"data":"Choke","floor":6,"key":"SMITH"},{"floor":8,"key":"REST"}],"neow_cost":"NONE","seed_source_timestamp":1215237371804393,"circlet_count":0,"master_deck":["AscendersBane","Strike_G","Strike_G","Strike_G","Strike_G","Strike_G","Defend_G","Defend_G","Defend_G","Defend_G","Defend_G","Survivor","Neutralize","Adrenaline","Crippling Poison","Dagger Spray","Choke+1","PiercingWail"],"relics":["Ring of the Snake","Juzu Bracelet","Sundial"],"potions_floor_usage":[4,7,10],"damage_taken":[{"damage":1,"enemies":"Cultist","floor":1,"turns":4},{"damage":7,"enemies":"Jaw Worm","floor":2,"turns":5},{"damage":2,"enemies":"2 Louse","floor":3,"turns":2},{"damage":20,"enemies":"Exordium Thugs","floor":4,"turns":4},{"damage":4,"enemies":"Blue Slaver","floor":5,"turns":7},{"damage":23,"enemies":"3 Sentries","floor":7,"turns":8},{"damage":41,"enemies":"Lagavulin","floor":10,"turns":7}],"seed_played":"-6074737844841137713","potions_obtained":[{"floor":1,"key":"Explosive Potion"},{"floor":2,"key":"Swift Potion"},{"floor":4,"key":"GhostInAJar"}],"is_trial":false,"path_per_floor":["M","M","M","M","M","R","E","R","T","E"],"character_chosen":"THE_SILENT","items_purchased":[],"campfire_rested":1,"item_purchase_floors":[],"current_hp_per_floor":[62,55,53,33,29,29,6,27,27,0],"gold":218,"neow_bonus":"ONE_RANDOM_RARE_CARD","is_prod":false,"is_daily":false,"chose_seed":false,"campfire_upgraded":1,"win_rate":0,"timestamp":1565670313,"path_taken":["M","M","M","M","M","R","E","R","T","E"],"build_version":"2019-07-17","purchased_purges":0,"victory":false,"max_hp_per_floor":[70,70,70,70,70,70,70,70,70,70],"card_choices":[{"not_picked":["Infinite Blades","Flying Knee"],"picked":"Crippling Poison","floor":1},{"not_picked":["Caltrops","Well Laid Plans"],"picked":"Dagger Spray","floor":2},{"not_picked":["Deadly Poison","Slice","Prepared"],"picked":"SKIP","floor":3},{"not_picked":["Terror","Accuracy","Riddle With Holes"],"picked":"SKIP","floor":4},{"not_picked":["Bane","Slice"],"picked":"Choke","floor":5},{"not_picked":["Choke","Deflect"],"picked":"PiercingWail","floor":7}],"player_experience":485620,"relics_obtained":[{"floor":7,"key":"Juzu Bracelet"},{"floor":9,"key":"Sundial"}],"event_choices":[],"is_beta":false,"boss_relics":[],"items_purged_floors":[],"is_endless":false,"potions_floor_spawned":[1,2,4,5],"killed_by":"Lagavulin","ascension_level":13}