{"gold_per_floor":[117,42,58,58,74,74,99,99,99,154,154],"floor_reached":11,"playtime":667,"items_purged":["Strike_R"],"score":122,"play_id":"ff712e61-62af-4969-aa58-3d075e4f7c89","local_time":"20180919232645","is_ascension_mode":true,"campfire_choices":[{"data":"Searing Blow","floor":6,"key":"SMITH"},{"floor":8,"key":"REST"}],"neow_cost":"PERCENT_DAMAGE","seed_source_timestamp":105788315378099,"circlet_count":0,"master_deck":["Strike_R","Strike_R","Strike_R","Defend_R","Defend_R","Defend_R","Bash","AscendersBane","Warcry","Twin Strike","Searing Blow+1"],"relics":["Burning Blood","Magic Flower","Turnip","Tiny Chest"],"potions_floor_usage":[7,11],"damage_taken":[{"damage":1,"enemies":"Cultist","floor":1,"turns":3},{"damage":12,"enemies":"2 Louse","floor":3,"turns":6},{"damage":9,"enemies":"Jaw Worm","floor":5,"turns":4},{"damage":30,"enemies":"Lagavulin","floor":7,"turns":7},{"damage":45,"enemies":"3 Sentries","floor":10,"turns":10},{"damage":17,"enemies":"Gremlin Gang","floor":11,"turns":2}],"seed_played":"2295676023661856077","potions_obtained":[{"floor":3,"key":"Poison Potion"},{"floor":7,"key":"FearPotion"},{"floor":10,"key":"Weak Potion"}],"is_trial":false,"path_per_floor":["M","$","M","?","M","R","E","R","T","E"],"character_chosen":"IRONCLAD","items_purchased":[],"campfire_rested":1,"item_purchase_floors":[],"current_hp_per_floor":[56,56,50,55,52,52,28,53,53,17,0],"gold":154,"neow_bonus":"REMOVE_TWO","is_prod":false,"is_daily":false,"chose_seed":false,"campfire_upgraded":1,"win_rate":0,"timestamp":1537424805,"path_taken":["M","?","M","?","M","R","E","R","T","E","?"],"build_version":"2018-09-06","purchased_purges":1,"victory":false,"max_hp_per_floor":[80,80,80,85,85,85,85,85,85,85,85],"card_choices":[{"not_picked":["Spot Weakness","True Grit"],"picked":"Warcry","floor":1},{"not_picked":["Heavy Blade","Body Slam"],"picked":"Twin Strike","floor":3},{"not_picked":["Clothesline","Heavy Blade"],"picked":"Searing Blow","floor":5},{"not_picked":["Wild Strike","Havoc","Cleave"],"picked":"SKIP","floor":7},{"not_picked":["Wild Strike","Clash","Clothesline"],"picked":"SKIP","floor":10}],"player_experience":832326,"relics_obtained":[{"floor":7,"key":"Magic Flower"},{"floor":9,"key":"Turnip"},{"floor":10,"key":"Tiny Chest"}],"event_choices":[{"event_name":"Big Fish","player_choice":"Donut","floor":4,"damage_taken":0}],"is_beta":false,"boss_relics":[],"items_purged_floors":[2],"is_endless":false,"potions_floor_spawned":[3,7,10],"killed_by":"Gremlin Gang","ascension_level":10}