{"gold_per_floor":[110,121,53,69,69,94,94,94,172,184,184],"floor_reached":11,"playtime":1264,"items_purged":[],"score":84,"play_id":"3252d793-8b6e-4e64-bd2c-e5205774f161","local_time":"20190602183558","is_ascension_mode":true,"campfire_choices":[{"data":"Dual Wield","floor":7,"key":"SMITH"}],"neow_cost":"PERCENT_DAMAGE","seed_source_timestamp":678911631657787,"circlet_count":0,"master_deck":["Strike_R","Strike_R","Strike_R","Defend_R","Defend_R","Defend_R","Defend_R+1","Bash+1","Dual Wield+1","Flex+1","Dropkick"],"relics":["Burning Blood","War Paint","Bottled Flame"],"potions_floor_usage":[11,11],"damage_taken":[{"damage":0,"enemies":"Small Slimes","floor":1,"turns":3},{"damage":0,"enemies":"Jaw Worm","floor":2,"turns":5},{"damage":5,"enemies":"Cultist","floor":4,"turns":4},{"damage":41,"enemies":"Gremlin Nob","floor":6,"turns":5},{"damage":35,"enemies":"Gremlin Gang","floor":10,"turns":6},{"damage":12,"enemies":"3 Sentries","floor":11,"turns":3}],"seed_played":"3396990823210877878","potions_obtained":[{"floor":1,"key":"AttackPotion"},{"floor":4,"key":"Ancient Potion"},{"floor":10,"key":"Explosive Potion"}],"is_trial":false,"path_per_floor":["M","M","$","M","?","E","R","?","T","M","E"],"character_chosen":"IRONCLAD","items_purchased":["Dual Wield"],"campfire_rested":0,"item_purchase_floors":[3],"current_hp_per_floor":[62,68,68,69,74,39,39,39,39,10,0],"gold":184,"neow_bonus":"REMOVE_TWO","is_prod":false,"is_daily":false,"chose_seed":false,"campfire_upgraded":1,"win_rate":0,"timestamp":1559514958,"path_taken":["M","M","$","M","?","E","R","?","T","?","E"],"build_version":"2019-01-23","purchased_purges":0,"victory":false,"max_hp_per_floor":[80,80,80,80,85,85,85,85,85,85,85],"card_choices":[{"not_picked":["Reckless Charge","Warcry","Heavy Blade"],"picked":"SKIP","floor":1},{"not_picked":["Inflame","Reckless Charge","Feel No Pain"],"picked":"SKIP","floor":2},{"not_picked":["Clothesline","Anger"],"picked":"Flex","floor":4},{"not_picked":["True Grit","Thunderclap","Uppercut"],"picked":"SKIP","floor":6},{"not_picked":["Heavy Blade","Evolve"],"picked":"Dropkick","floor":10}],"player_experience":33311,"relics_obtained":[{"floor":6,"key":"War Paint"},{"floor":9,"key":"Bottled Flame"}],"event_choices":[{"damage_healed":0,"gold_gain":0,"player_choice":"Donut","damage_taken":0,"max_hp_gain":5,"max_hp_loss":0,"event_name":"Big Fish","floor":5,"gold_loss":0},{"damage_healed":0,"gold_gain":0,"player_choice":"Forge","damage_taken":0,"max_hp_gain":0,"max_hp_loss":0,"event_name":"Accursed Blacksmith","floor":8,"gold_loss":0,"cards_upgraded":["Bash"]}],"is_beta":false,"boss_relics":[],"items_purged_floors":[],"is_endless":false,"potions_floor_spawned":[1,4,10],"killed_by":"3 Sentries","ascension_level":3}