{"gold_per_floor":[111,124,137,40,60,60,77,77,77,96,96,96,96,122,122,227,227,240,240,252,3,23,23,49,49,94,94,106,106,137,155,155,155],"floor_reached":33,"playtime":2603,"items_purged":["Strike_G"],"score":416,"play_id":"7a19fc2c-c182-4c39-b2e2-762954955d83","local_time":"20190201165628","is_ascension_mode":true,"campfire_choices":[{"data":"Malaise","floor":6.0,"key":"SMITH"},{"floor":8.0,"key":"REST"},{"floor":12.0,"key":"REST"},{"data":"Backflip","floor":15.0,"key":"SMITH"},{"data":"Noxious Fumes","floor":23.0,"key":"SMITH"},{"floor":27.0,"key":"REST"},{"data":"Burst","floor":29.0,"key":"SMITH"},{"floor":32,"key":"REST"}],"neow_cost":"NONE","seed_source_timestamp":0,"circlet_count":0,"master_deck":["Defend_G","Defend_G","Defend_G","Defend_G","Defend_G+1","Strike_G","Strike_G","Strike_G","Strike_G","Survivor","Neutralize","Malaise+1","Backflip+1","Sucker Punch","Sucker Punch","Poisoned Stab","Well Laid Plans+1","Sucker Punch","Parasite","Bouncing Flask","Burst+1","Crippling Poison","Noxious Fumes+1","Deadly Poison+1","Dash+1","Night Terror+1","Bullet Time+1","Venomology+1","Crippling Poison+1"],"special_seed":0,"relics":["Ring of the Snake","Nunchaku","StoneCalendar","Velvet Choker","Toxic Egg 2","Tough Bandages","Oddly Smooth Stone","Pen Nib"],"potions_floor_usage":[30,31,33,33,33],"damage_taken":[{"damage":15.0,"enemies":"Cultist","floor":1.0,"turns":7.0},{"damage":0.0,"enemies":"Small Slimes","floor":2.0,"turns":4.0},{"damage":6.0,"enemies":"Jaw Worm","floor":3.0,"turns":6.0},{"damage":2.0,"enemies":"Exordium Wildlife","floor":5.0,"turns":4.0},{"damage":12.0,"enemies":"Exordium Thugs","floor":7.0,"turns":9.0},{"damage":5.0,"enemies":"2 Fungi Beasts","floor":10.0,"turns":5.0},{"damage":29.0,"enemies":"Gremlin Nob","floor":14.0,"turns":7.0},{"damage":3.0,"enemies":"Slime Boss","floor":16.0,"turns":7.0},{"damage":0.0,"enemies":"Shell Parasite","floor":18.0,"turns":6.0},{"damage":0.0,"enemies":"Chosen","floor":20.0,"turns":6.0},{"damage":0.0,"enemies":"Snecko","floor":22.0,"turns":5.0},{"damage":27.0,"enemies":"Gremlin Leader","floor":24.0,"turns":7.0},{"damage":12.0,"enemies":"Snake Plant","floor":28.0,"turns":5.0},{"damage":34,"enemies":"Book of Stabbing","floor":30,"turns":6},{"damage":13,"enemies":"Centurion and Healer","floor":31,"turns":6},{"damage":38,"enemies":"Automaton","floor":33,"turns":6}],"seed_played":"-8741550534901633143","potions_obtained":[{"floor":2.0,"key":"Ancient Potion"},{"floor":5.0,"key":"Swift Potion"},{"floor":14.0,"key":"SpeedPotion"},{"floor":20.0,"key":"PowerPotion"},{"floor":28.0,"key":"Regen Potion"}],"is_trial":false,"path_per_floor":["M","M","M","$","M","R","M","R","T","M","?","R","?","E","R","B",null,"M","?","M","$","M","R","E","$","T","R","M","R","E","M","R","B"],"character_chosen":"THE_SILENT","items_purchased":["Poisoned Stab","Toxic Egg 2"],"campfire_rested":4,"item_purchase_floors":[4,21],"current_hp_per_floor":[48,48,42,42,40,40,28,49,49,44,30,51,68,39,39,36,62,62,62,62,62,62,62,35,35,35,56,44,44,25,12,33,0],"gold":155,"neow_bonus":"ONE_RANDOM_RARE_CARD","is_prod":false,"is_daily":false,"chose_seed":false,"campfire_upgraded":4,"win_rate":0,"timestamp":1549068988,"path_taken":["M","M","M","$","M","R","M","R","T","?","?","R","?","E","R","BOSS","M","?","M","$","M","R","E","?","T","R","M","R","E","M","R","BOSS"],"build_version":"2019-01-23","purchased_purges":1,"victory":false,"max_hp_per_floor":[70,70,70,70,70,70,70,70,70,70,70,70,70,70,70,70,70,70,70,70,70,70,70,70,70,70,70,70,70,70,70,70,70],"card_choices":[{"not_picked":["Deadly Poison","Sucker Punch"],"picked":"Backflip","floor":1.0},{"not_picked":["Escape Plan","Calculated Gamble"],"picked":"Sucker Punch","floor":2.0},{"not_picked":["Slice","Deflect"],"picked":"Sucker Punch","floor":3.0},{"not_picked":["Tactician","Cloak And Dagger"],"picked":"Well Laid Plans","floor":5.0},{"not_picked":["Cloak And Dagger","Quick Slash"],"picked":"Sucker Punch","floor":7.0},{"not_picked":["Prepared","Grand Finale","Sucker Punch"],"picked":"SKIP","floor":10.0},{"not_picked":["Flying Knee","Prepared"],"picked":"Bouncing Flask","floor":14.0},{"not_picked":["Storm of Steel","Unload"],"picked":"Burst","floor":16.0},{"not_picked":["PiercingWail","Flying Knee"],"picked":"Crippling Poison","floor":18.0},{"not_picked":["Blade Dance","PiercingWail+1"],"picked":"Deadly Poison+1","floor":20.0},{"not_picked":["Prepared+1","Acrobatics+1"],"picked":"Dash+1","floor":22.0},{"not_picked":["Deflect+1","Sucker Punch+1"],"picked":"Night Terror+1","floor":24.0},{"not_picked":["Cloak And Dagger+1","Distraction+1"],"picked":"Bullet Time+1","floor":28.0},{"not_picked":["Deflect+1","Dodge and Roll+1"],"picked":"Venomology+1","floor":30},{"not_picked":["Finisher","Dagger Spray"],"picked":"Crippling Poison+1","floor":31}],"player_experience":1153472,"relics_obtained":[{"floor":9.0,"key":"Nunchaku"},{"floor":14.0,"key":"StoneCalendar"},{"floor":24.0,"key":"Tough Bandages"},{"floor":26.0,"key":"Oddly Smooth Stone"},{"floor":30,"key":"Pen Nib"}],"event_choices":[{"damage_healed":0.0,"max_hp_gain":0.0,"max_hp_loss":0.0,"gold_gain":0.0,"event_name":"Shining Light","player_choice":"Entered Light","floor":11.0,"gold_loss":0.0,"damage_taken":14.0,"cards_upgraded":["Well Laid Plans","Defend_G"]},{"damage_healed":17.0,"max_hp_gain":0.0,"max_hp_loss":0.0,"gold_gain":0.0,"event_name":"Mushrooms","player_choice":"Healed and dodged fight","floor":13.0,"gold_loss":0.0,"damage_taken":0.0,"cards_obtained":["Parasite"]},{"damage_healed":0.0,"max_hp_gain":0.0,"max_hp_loss":0.0,"gold_gain":0.0,"event_name":"Match and Keep!","player_choice":"1 cards matched","floor":19.0,"gold_loss":0.0,"damage_taken":0.0,"cards_obtained":["Noxious Fumes"]}],"is_beta":false,"boss_relics":[{"not_picked":["Philosopher\u0027s Stone","Lizard Tail"],"picked":"Velvet Choker"}],"items_purged_floors":[4],"is_endless":false,"potions_floor_spawned":[2,5,14,20,28],"killed_by":"Automaton","ascension_level":9}