{"gold_per_floor":[126,153,165,61,80,80,45,63,88,108,121,121,139,139,139,139],"floor_reached":16,"playtime":1644,"items_purged":[],"score":94,"play_id":"d48061db-6528-4aca-ba7f-17a848d63e88","local_time":"20190809085636","is_ascension_mode":false,"campfire_choices":[{"floor":6,"key":"REST"},{"data":"Flame Barrier","floor":12,"key":"SMITH"},{"floor":15,"key":"REST"}],"neow_cost":"NONE","seed_source_timestamp":2186250726000,"circlet_count":0,"master_deck":["Strike_R","Strike_R","Strike_R","Strike_R","Defend_R","Defend_R","Defend_R","Defend_R","Bash","Flame Barrier+1","Shockwave","Corruption","Disarm","Intimidate","Rage","Dual Wield","Flex","Infernal Blade","Flex","Shrug It Off","Barricade"],"relics":["Burning Blood","MawBank","Happy Flower"],"potions_floor_usage":[16,16,16],"damage_taken":[{"damage":15,"enemies":"Jaw Worm","floor":1,"turns":4},{"damage":8,"enemies":"Cultist","floor":2,"turns":5},{"damage":7,"enemies":"Small Slimes","floor":5,"turns":6},{"damage":16,"enemies":"Exordium Thugs","floor":8,"turns":7},{"damage":20,"enemies":"2 Fungi Beasts","floor":10,"turns":6},{"damage":0,"enemies":"Looter","floor":11,"turns":4},{"damage":7,"enemies":"3 Louse","floor":13,"turns":4},{"damage":83,"enemies":"Slime Boss","floor":16,"turns":13}],"seed_played":"5568006804330632864","potions_obtained":[{"floor":5,"key":"GamblersBrew"},{"floor":8,"key":"SteroidPotion"},{"floor":10,"key":"Swift Potion"},{"floor":11,"key":"GamblersBrew"}],"is_trial":false,"path_per_floor":["M","M","?","$","M","R","$","M","T","M","M","R","M","?","R","B"],"character_chosen":"IRONCLAD","items_purchased":["Disarm","Intimidate","Dual Wield"],"campfire_rested":2,"item_purchase_floors":[4,4,7],"current_hp_per_floor":[71,69,69,69,68,80,80,70,70,56,62,62,61,61,80,0],"gold":139,"neow_bonus":"RANDOM_COMMON_RELIC","is_prod":false,"is_daily":false,"chose_seed":false,"campfire_upgraded":1,"win_rate":0.0,"timestamp":1565312196,"path_taken":["M","M","?","$","M","R","?","M","T","?","M","R","M","?","R","BOSS"],"build_version":"2019-07-17","purchased_purges":0,"victory":false,"max_hp_per_floor":[80,80,80,80,80,80,80,80,80,80,80,80,80,80,80,80],"card_choices":[{"not_picked":["Cleave","Whirlwind"],"picked":"Flame Barrier","floor":1},{"not_picked":["True Grit","Iron Wave"],"picked":"Shockwave","floor":2},{"not_picked":["Pummel","Disarm"],"picked":"Rage","floor":5},{"not_picked":["Perfected Strike","Clothesline"],"picked":"Flex","floor":8},{"not_picked":["Hemokinesis","Shrug It Off"],"picked":"Infernal Blade","floor":10},{"not_picked":["Body Slam","Shockwave"],"picked":"Flex","floor":11},{"not_picked":["Headbutt","Shockwave"],"picked":"Shrug It Off","floor":13}],"player_experience":7089,"relics_obtained":[{"floor":9,"key":"Happy Flower"}],"event_choices":[{"damage_healed":0,"gold_gain":0,"cards_transformed":["Strike_R"],"player_choice":"Transformed","damage_taken":0,"max_hp_gain":0,"max_hp_loss":0,"event_name":"Transmorgrifier","floor":3,"gold_loss":0,"cards_obtained":["Corruption"]},{"damage_healed":0,"gold_gain":0,"player_choice":"1 cards matched","damage_taken":0,"max_hp_gain":0,"max_hp_loss":0,"event_name":"Match and Keep!","floor":14,"gold_loss":0,"cards_obtained":["Barricade"]}],"is_beta":false,"boss_relics":[],"items_purged_floors":[],"is_endless":false,"potions_floor_spawned":[5,8,10,11],"killed_by":"Slime Boss","ascension_level":0}