{"gold_per_floor":[15,90,109,109,122,122,149,149,202,234,234,130,130,159,159,238,238,254,50,50,70,20,45,65,65,65,77,89,105,105,2,2,2],"floor_reached":33,"playtime":1563,"items_purged":["Defend_R","Defend_R","Rage","Sentinel"],"score":495,"play_id":"6bf7a136-4693-4336-9419-3bc4a9a2e5c7","local_time":"20190201195421","is_ascension_mode":true,"campfire_choices":[{"data":"Perfected Strike","floor":6,"key":"SMITH"},{"data":"Bash","floor":8,"key":"SMITH"},{"data":"Pommel Strike","floor":11,"key":"SMITH"},{"floor":13,"key":"REST"},{"data":"Burning Pact","floor":15,"key":"SMITH"},{"floor":25,"key":"REST"},{"floor":32,"key":"REST"}],"neow_cost":"NO_GOLD","seed_source_timestamp":6895171229384,"circlet_count":0,"master_deck":["AscendersBane","Strike_R+1","Strike_R+1","Strike_R+1","Strike_R+1","Bash+1","Perfected Strike+1","Twin Strike","Pommel Strike+1","Shrug It Off","Burning Pact+1","Double Tap","Feed","Twin Strike","Perfected Strike","Headbutt","Pommel Strike"],"relics":["Burning Blood","WingedGreaves","Oddly Smooth Stone","Juzu Bracelet","Smiling Mask","Orichalcum","Velvet Choker","Charon\u0027s Ashes","Dodecahedron"],"potions_floor_usage":[7,16,23,33],"damage_taken":[{"damage":1,"enemies":"Cultist","floor":1,"turns":3},{"damage":2,"enemies":"Jaw Worm","floor":3,"turns":3},{"damage":11,"enemies":"Small Slimes","floor":5,"turns":3},{"damage":10,"enemies":"Lagavulin","floor":7,"turns":4},{"damage":8,"enemies":"Gremlin Nob","floor":10,"turns":3},{"damage":28,"enemies":"Lagavulin","floor":14,"turns":6},{"damage":41,"enemies":"Hexaghost","floor":16,"turns":8},{"damage":7,"enemies":"Shell Parasite","floor":18,"turns":3},{"damage":6,"enemies":"Chosen","floor":21,"turns":3},{"damage":29,"enemies":"Book of Stabbing","floor":23,"turns":4},{"damage":27,"enemies":"Snake Plant","floor":24,"turns":3},{"damage":21,"enemies":"Sentry and Sphere","floor":27,"turns":4},{"damage":1,"enemies":"Snecko","floor":28,"turns":3},{"damage":18,"enemies":"Snake Plant","floor":29,"turns":3},{"damage":70,"enemies":"Champ","floor":33,"turns":6}],"seed_played":"-7687947246677041109","potions_obtained":[{"floor":5,"key":"Fire Potion"},{"floor":7,"key":"Block Potion"},{"floor":14,"key":"FearPotion"},{"floor":18,"key":"Dexterity Potion"},{"floor":23,"key":"SpeedPotion"},{"floor":29,"key":"Energy Potion"}],"is_trial":false,"path_per_floor":["M","?","M","?","M","R","E","R","T","E","R","$","R","E","R","B",null,"M","$","?","M","$","E","M","R","T","M","M","M","?","$","R","B"],"character_chosen":"IRONCLAD","items_purchased":["Shrug It Off","Feed","Pommel Strike"],"campfire_rested":3,"item_purchase_floors":[12,19,31],"current_hp_per_floor":[73,62,66,59,54,54,50,50,50,48,48,48,70,48,48,13,60,59,59,59,59,59,36,15,37,37,25,30,21,21,21,45,0],"gold":2,"neow_bonus":"ONE_RARE_RELIC","is_prod":false,"is_daily":false,"chose_seed":false,"campfire_upgraded":4,"win_rate":0,"timestamp":1549079661,"path_taken":["M","?","M","?","M","R","E","R","T","E","R","$","R","E","R","BOSS","M","$","?","M","$","E","M","R","T","M","M","M","?","$","R","BOSS"],"build_version":"2019-01-23","purchased_purges":4,"victory":false,"max_hp_per_floor":[75,75,75,75,75,75,75,75,75,75,75,75,75,75,75,75,75,75,75,75,75,75,75,75,75,75,78,78,81,81,81,81,81],"card_choices":[{"not_picked":["Headbutt","Armaments"],"picked":"Perfected Strike","floor":1},{"not_picked":["Thunderclap","Sword Boomerang"],"picked":"Twin Strike","floor":3},{"not_picked":["Clothesline","Cleave"],"picked":"Pommel Strike","floor":5},{"not_picked":["Pummel","Iron Wave","Metallicize"],"picked":"SKIP","floor":7},{"not_picked":["Sever Soul","Iron Wave","Bludgeon"],"picked":"SKIP","floor":10},{"not_picked":["Reckless Charge","Rage"],"picked":"Burning Pact","floor":14},{"not_picked":["Impervious","Barricade"],"picked":"Double Tap","floor":16},{"not_picked":["Pummel+1","Spot Weakness","Sword Boomerang+1"],"picked":"SKIP","floor":18},{"not_picked":["Iron Wave","Disarm+1","Warcry"],"picked":"SKIP","floor":21},{"not_picked":["Warcry","Reaper"],"picked":"Twin Strike","floor":23},{"not_picked":["Burning Pact","Sever Soul"],"picked":"Perfected Strike","floor":24},{"not_picked":["Sword Boomerang","Evolve"],"picked":"Headbutt","floor":27},{"not_picked":["Hemokinesis","Flex","Rupture"],"picked":"SKIP","floor":28},{"not_picked":["Sentinel","Warcry","Heavy Blade"],"picked":"SKIP","floor":29}],"player_experience":1157260,"relics_obtained":[{"floor":7,"key":"Oddly Smooth Stone"},{"floor":9,"key":"Juzu Bracelet"},{"floor":10,"key":"Smiling Mask"},{"floor":14,"key":"Orichalcum"},{"floor":23,"key":"Charon\u0027s Ashes"},{"floor":26,"key":"Dodecahedron"}],"event_choices":[{"damage_healed":0,"gold_gain":75,"player_choice":"Gather Gold","damage_taken":11,"max_hp_gain":0,"max_hp_loss":0,"event_name":"World of Goop","floor":2,"gold_loss":0},{"cards_removed":["Defend_R"],"damage_healed":0,"gold_gain":0,"player_choice":"Card Removal","damage_taken":7,"max_hp_gain":0,"max_hp_loss":0,"event_name":"Golden Wing","floor":4,"gold_loss":0},{"damage_healed":0,"gold_gain":0,"cards_transformed":["Defend_R","Strike_R"],"player_choice":"Became Test Subject","damage_taken":0,"max_hp_gain":0,"max_hp_loss":0,"event_name":"Drug Dealer","floor":20,"gold_loss":0,"cards_obtained":["Rage","Sentinel"]},{"damage_healed":0,"gold_gain":0,"player_choice":"Simplicity","damage_taken":0,"max_hp_gain":0,"max_hp_loss":0,"event_name":"Back to Basics","floor":30,"gold_loss":0,"cards_upgraded":["Strike_R","Strike_R","Strike_R","Strike_R"]}],"is_beta":false,"boss_relics":[{"not_picked":["Mark of Pain","Coffee Dripper"],"picked":"Velvet Choker"}],"items_purged_floors":[12,19,22,31],"is_endless":false,"potions_floor_spawned":[5,7,14,18,23,29],"killed_by":"Champ","ascension_level":15}