{"gold_per_floor":[110,130,230,3,3,3,22,42,42,71,71,104,104,121,121,221,221,240,240,95,107,107,107,124,124],"floor_reached":25,"playtime":1141,"items_purged":["Strike_R","Strike_R"],"score":342,"play_id":"dddc3722-e3b3-4fdd-9ba4-b33e91d0e777","local_time":"20180915132640","is_ascension_mode":true,"campfire_choices":[{"data":"Flex","floor":6,"key":"SMITH"},{"data":"Whirlwind","floor":13,"key":"SMITH"},{"data":"Bash","floor":15,"key":"SMITH"},{"data":"Armaments","floor":23,"key":"SMITH"}],"neow_cost":"NONE","seed_source_timestamp":1500289741239424,"circlet_count":0,"master_deck":["Strike_R","Strike_R","Strike_R","Defend_R","Defend_R","Defend_R","Defend_R","Bash+1","Double Tap","Headbutt","Wild Strike","Pummel","Flex+1","Whirlwind+1","Shrug It Off","Exhume","Armaments+1","Flex","Flex","Necronomicurse","Twin Strike"],"relics":["Burning Blood","Pear","Self Forming Clay","Blue Candle","Turnip","Velvet Choker","Necronomicon"],"potions_floor_usage":[10,12,25],"damage_taken":[{"damage":8,"enemies":"2 Louse","floor":1,"turns":3},{"damage":1,"enemies":"Cultist","floor":2,"turns":3},{"damage":1,"enemies":"Small Slimes","floor":7,"turns":2},{"damage":11,"enemies":"Blue Slaver","floor":8,"turns":3},{"damage":10,"enemies":"3 Sentries","floor":10,"turns":4},{"damage":0,"enemies":"Gremlin Nob","floor":12,"turns":2},{"damage":14,"enemies":"Red Slaver","floor":14,"turns":2},{"damage":55,"enemies":"The Guardian","floor":16,"turns":11},{"damage":12,"enemies":"Chosen","floor":18,"turns":3},{"damage":17,"enemies":"2 Thieves","floor":21,"turns":3},{"damage":32,"enemies":"Snake Plant","floor":24,"turns":3},{"damage":20,"enemies":"Slavers","floor":25,"turns":1}],"seed_played":"-7879367072834977343","potions_obtained":[{"floor":8,"key":"Strength Potion"},{"floor":10,"key":"Energy Potion"},{"floor":14,"key":"Explosive Potion"},{"floor":16,"key":"SpeedPotion"},{"floor":21,"key":"Dexterity Potion"}],"is_trial":false,"path_per_floor":["M","M","?","$","?","R","M","M","T","E","?","E","R","M","R","B",null,"M","?","$","M","?","R","M"],"character_chosen":"IRONCLAD","items_purchased":["Pummel","Flex","Inflame","Flex"],"campfire_rested":0,"item_purchase_floors":[4,4,4,20],"current_hp_per_floor":[70,75,75,75,85,85,90,85,85,81,81,87,87,79,79,30,75,69,69,69,58,42,42,16,0],"gold":124,"neow_bonus":"ONE_RANDOM_RARE_CARD","is_prod":false,"is_daily":false,"chose_seed":false,"campfire_upgraded":4,"win_rate":0,"timestamp":1537043200,"path_taken":["M","M","?","$","?","R","M","M","T","E","?","E","R","M","R","BOSS","M","?","?","M","?","R","M","E"],"build_version":"2018-09-06","purchased_purges":2,"victory":false,"max_hp_per_floor":[80,80,80,80,90,90,90,90,90,90,90,90,90,90,90,90,90,90,90,90,90,90,90,90,90],"card_choices":[{"not_picked":["Iron Wave","Sword Boomerang"],"picked":"Headbutt","floor":1},{"not_picked":["Metallicize","Hemokinesis"],"picked":"Wild Strike","floor":2},{"not_picked":["Perfected Strike","Power Through"],"picked":"Whirlwind","floor":7},{"not_picked":["Warcry","Pommel Strike"],"picked":"Shrug It Off","floor":8},{"not_picked":["Headbutt","Sever Soul","Rage"],"picked":"SKIP","floor":10},{"not_picked":["Dropkick","Clothesline","Metallicize"],"picked":"SKIP","floor":12},{"not_picked":["Warcry","Feel No Pain","Wild Strike"],"picked":"SKIP","floor":14},{"not_picked":["Immolate","Berserk"],"picked":"Exhume","floor":16},{"not_picked":["Cleave+1","Fire Breathing+1"],"picked":"Armaments","floor":18},{"not_picked":["Reckless Charge+1","Power Through","Shockwave"],"picked":"SKIP","floor":21},{"not_picked":["Warcry","Wild Strike"],"picked":"Twin Strike","floor":24}],"player_experience":806962,"relics_obtained":[{"floor":9,"key":"Self Forming Clay"},{"floor":10,"key":"Blue Candle"},{"floor":12,"key":"Turnip"},{"floor":22,"key":"Necronomicon"}],"event_choices":[{"event_name":"Golden Shrine","player_choice":"Pray","floor":3,"damage_taken":0},{"event_name":"WeMeetAgain","player_choice":"Card","floor":5,"damage_taken":0},{"event_name":"The Woman in Blue","player_choice":"Bought 0 Potions","floor":11,"damage_taken":0},{"event_name":"The Library","player_choice":"Read","floor":19,"damage_taken":0},{"event_name":"Cursed Tome","player_choice":"Obtained Book","floor":22,"damage_taken":0}],"is_beta":false,"boss_relics":[{"not_picked":["Lizard Tail","Ectoplasm"],"picked":"Velvet Choker"}],"items_purged_floors":[4,20],"is_endless":false,"potions_floor_spawned":[8,10,14,16,21],"killed_by":"Slavers","ascension_level":9}