{"gold_per_floor":[110,122,122,122,139,139,166,185,185,185,202,202,235,249,249,326,626,643,160,176,176,186,186],"floor_reached":23,"playtime":1488,"items_purged":["Decay"],"score":365,"play_id":"8b8bee20-304b-49d7-99ac-5d2e119a7e5c","local_time":"20190813213329","is_ascension_mode":true,"campfire_choices":[{"data":"Crippling Poison","floor":6.0,"key":"SMITH"},{"data":"Corpse Explosion","floor":10.0,"key":"SMITH"},{"data":"Footwork","floor":15.0,"key":"SMITH"}],"neow_cost":"NONE","seed_source_timestamp":0,"circlet_count":0,"master_deck":["AscendersBane","Strike_G","Strike_G","Strike_G","Strike_G","Defend_G","Defend_G","Defend_G","Defend_G","Defend_G","Survivor","Neutralize+1","PiercingWail","PiercingWail","Crippling Poison+1","Poisoned Stab","Infinite Blades","Corpse Explosion+1","Footwork+1","Dagger Spray","Storm of Steel","Parasite","Crippling Poison","Noxious Fumes","Cloak And Dagger","Dagger Spray"],"special_seed":0,"relics":["Ring of the Snake","NeowsBlessing","Omamori","Vajra","WarpedTongs","Matryoshka","Calling Bell","Orichalcum","Ornamental Fan","Old Coin","Shuriken","Nilry\u0027s Codex"],"potions_floor_usage":[22],"damage_taken":[{"damage":0.0,"enemies":"Cultist","floor":1.0,"turns":1.0},{"damage":0.0,"enemies":"Small Slimes","floor":2.0,"turns":1.0},{"damage":0.0,"enemies":"Jaw Worm","floor":5.0,"turns":1.0},{"damage":16.0,"enemies":"Gremlin Nob","floor":7.0,"turns":4.0},{"damage":0.0,"enemies":"Lots of Slimes","floor":8.0,"turns":4.0},{"damage":3.0,"enemies":"Large Slime","floor":11.0,"turns":4.0},{"damage":10.0,"enemies":"3 Sentries","floor":13.0,"turns":3.0},{"damage":4.0,"enemies":"Gremlin Gang","floor":14.0,"turns":3.0},{"damage":18.0,"enemies":"Hexaghost","floor":16.0,"turns":10.0},{"damage":3.0,"enemies":"3 Byrds","floor":18.0,"turns":3.0},{"damage":5.0,"enemies":"Spheric Guardian","floor":20.0,"turns":3.0},{"damage":4,"enemies":"Chosen and Byrds","floor":22,"turns":6},{"damage":40,"enemies":"Slavers","floor":23,"turns":3}],"seed_played":"-1807819868055835068","potions_obtained":[{"floor":5.0,"key":"FearPotion"},{"floor":7.0,"key":"Weak Potion"},{"floor":14.0,"key":"Strength Potion"},{"floor":16.0,"key":"Regen Potion"}],"is_trial":false,"path_per_floor":["M","M","?","?","M","R","E","M","T","R","M","?","E","M","R","B",null,"M","$","M","?","M","E"],"character_chosen":"THE_SILENT","items_purchased":["Shuriken","Noxious Fumes","Cloak And Dagger"],"campfire_rested":0,"item_purchase_floors":[19,19,19],"current_hp_per_floor":[59,59,59,59,59,59,43,43,43,43,40,40,30,26,26,8,52,49,49,44,23,34,0],"gold":186,"neow_bonus":"THREE_ENEMY_KILL","is_prod":false,"is_daily":false,"chose_seed":false,"campfire_upgraded":3,"win_rate":0,"timestamp":1565746409,"path_taken":["M","?","?","?","M","R","E","M","T","R","?","?","E","?","R","BOSS","M","$","M","?","M","E"],"build_version":"2019-07-17","purchased_purges":1,"victory":false,"max_hp_per_floor":[66,66,66,66,66,66,66,66,66,66,66,66,66,66,66,66,66,66,66,66,66,66,66],"card_choices":[{"not_picked":["Slice","Bane"],"picked":"PiercingWail","floor":1.0},{"not_picked":["Acrobatics","Dodge and Roll"],"picked":"PiercingWail","floor":2.0},{"not_picked":["Quick Slash","Cloak And Dagger"],"picked":"Poisoned Stab","floor":5.0},{"not_picked":["Flying Knee","Dodge and Roll"],"picked":"Infinite Blades","floor":7.0},{"not_picked":["Well Laid Plans","Underhanded Strike"],"picked":"Corpse Explosion","floor":8.0},{"not_picked":["Riddle With Holes","Poisoned Stab"],"picked":"Footwork","floor":11.0},{"not_picked":["Bane","Slice"],"picked":"Dagger Spray","floor":13.0},{"not_picked":["Reflex","Dagger Spray","Flechettes"],"picked":"SKIP","floor":14.0},{"not_picked":["Phantasmal Killer","Grand Finale"],"picked":"Storm of Steel","floor":16.0},{"not_picked":["Bouncing Flask","Dodge and Roll"],"picked":"Crippling Poison","floor":18.0},{"not_picked":["Deadly Poison","Skewer+1"],"picked":"Dagger Spray","floor":20.0},{"not_picked":["Flying Knee+1","Deadly Poison","Dagger Throw"],"picked":"SKIP","floor":22}],"player_experience":505182,"relics_obtained":[{"floor":7.0,"key":"Omamori"},{"floor":9.0,"key":"Vajra"},{"floor":13.0,"key":"Matryoshka"},{"floor":17.0,"key":"Orichalcum"},{"floor":17.0,"key":"Ornamental Fan"},{"floor":17.0,"key":"Old Coin"},{"floor":21.0,"key":"Nilry\u0027s Codex"}],"event_choices":[{"damage_healed":0.0,"max_hp_gain":0.0,"max_hp_loss":0.0,"gold_gain":0.0,"event_name":"Living Wall","player_choice":"Grow","floor":3.0,"gold_loss":0.0,"damage_taken":0.0,"cards_upgraded":["Neutralize"]},{"damage_healed":0.0,"max_hp_gain":0.0,"max_hp_loss":0.0,"gold_gain":0.0,"cards_transformed":["Strike_G"],"event_name":"Transmorgrifier","player_choice":"Transformed","floor":4.0,"gold_loss":0.0,"damage_taken":0.0,"cards_obtained":["Crippling Poison"]},{"damage_healed":0.0,"max_hp_gain":0.0,"max_hp_loss":0.0,"gold_gain":0.0,"event_name":"Accursed Blacksmith","player_choice":"Rummage","floor":12.0,"gold_loss":0.0,"damage_taken":0.0,"relics_obtained":["WarpedTongs"],"cards_obtained":["Pain"]},{"damage_healed":0.0,"max_hp_gain":0.0,"max_hp_loss":0.0,"gold_gain":0.0,"event_name":"Cursed Tome","player_choice":"Obtained Book","floor":21.0,"gold_loss":0.0,"damage_taken":21.0}],"is_beta":false,"boss_relics":[{"not_picked":["HoveringKite","White Beast Statue"],"picked":"Calling Bell"}],"items_purged_floors":[19],"is_endless":false,"potions_floor_spawned":[5,7,14,16,18],"killed_by":"Slavers","ascension_level":16}