{"gold_per_floor":[112,122,122,47,65,65,90,90,141,169,444,137,137,149,149,149],"floor_reached":16,"playtime":780,"items_purged":["Strike_R","Regret"],"score":162,"play_id":"cfb1f218-5a5a-49a5-b1a2-5c5275d75c03","local_time":"20181103201214","is_ascension_mode":true,"campfire_choices":[{"data":"Bash","floor":6,"key":"SMITH"},{"data":"Wild Strike","floor":8,"key":"SMITH"},{"data":"Cleave","floor":13,"key":"SMITH"},{"data":"Wild Strike","floor":15,"key":"SMITH"}],"neow_cost":"NONE","seed_source_timestamp":691502488147476,"circlet_count":0,"master_deck":["AscendersBane","Strike_R","Strike_R","Strike_R","Strike_R","Defend_R","Defend_R","Defend_R","Bash+1","Purity","Cleave+1","Wild Strike+1","Wild Strike+1"],"relics":["Burning Blood","Juzu Bracelet","Bronze Scales","Odd Mushroom","Medical Kit"],"potions_floor_usage":[7,7,10,16],"damage_taken":[{"damage":8,"enemies":"Jaw Worm","floor":1,"turns":4},{"damage":7,"enemies":"Small Slimes","floor":2,"turns":5},{"damage":1,"enemies":"Cultist","floor":5,"turns":3},{"damage":35,"enemies":"3 Sentries","floor":7,"turns":8},{"damage":12,"enemies":"The Mushroom Lair","floor":10,"turns":3},{"damage":11,"enemies":"Blue Slaver","floor":14,"turns":3},{"damage":43,"enemies":"Hexaghost","floor":16,"turns":7}],"seed_played":"964415567203183079","potions_obtained":[{"floor":1,"key":"EntropicBrew"},{"floor":7,"key":"Strength Potion"},{"floor":14,"key":"FairyPotion"}],"is_trial":false,"path_per_floor":["M","M","?","$","M","R","E","R","T","?","?","$","R","M","R","B"],"character_chosen":"IRONCLAD","items_purchased":["Medical Kit"],"campfire_rested":0,"item_purchase_floors":[12],"current_hp_per_floor":[70,69,69,69,74,74,45,45,45,39,39,39,39,34,34,0],"gold":149,"neow_bonus":"RANDOM_COLORLESS","is_prod":false,"is_daily":false,"chose_seed":false,"campfire_upgraded":4,"win_rate":0,"timestamp":1541301134,"path_taken":["M","M","?","$","M","R","E","R","T","?","?","$","R","M","R","BOSS"],"build_version":"2018-11-01","purchased_purges":2,"victory":false,"max_hp_per_floor":[80,80,80,80,80,80,80,80,80,80,80,80,80,80,80,80],"card_choices":[{"not_picked":["Havoc","Body Slam","Rupture"],"picked":"SKIP","floor":1},{"not_picked":["Havoc","Shrug It Off"],"picked":"Cleave","floor":2},{"not_picked":["Impervious","Shrug It Off","Warcry"],"picked":"SKIP","floor":5},{"not_picked":["Body Slam","Intimidate"],"picked":"Wild Strike","floor":7},{"not_picked":["Armaments","Twin Strike"],"picked":"Wild Strike","floor":10},{"not_picked":["Perfected Strike","Havoc","Heavy Blade"],"picked":"SKIP","floor":14}],"player_experience":929965,"relics_obtained":[{"floor":7,"key":"Juzu Bracelet"},{"floor":9,"key":"Bronze Scales"},{"floor":10,"key":"Odd Mushroom"}],"event_choices":[{"cards_removed":["Defend_R"],"damage_healed":0,"gold_gain":0,"player_choice":"Forget","damage_taken":0,"max_hp_gain":0,"max_hp_loss":0,"event_name":"Living Wall","floor":3,"gold_loss":0},{"damage_healed":0,"gold_gain":0,"player_choice":"Fought Mushrooms","damage_taken":0,"max_hp_gain":0,"max_hp_loss":0,"event_name":"Mushrooms","floor":10,"gold_loss":0},{"damage_healed":0,"gold_gain":275,"player_choice":"Desecrate","damage_taken":0,"max_hp_gain":0,"max_hp_loss":0,"event_name":"Golden Shrine","floor":11,"gold_loss":0,"cards_obtained":["Regret"]}],"is_beta":false,"boss_relics":[],"items_purged_floors":[4,12],"is_endless":false,"potions_floor_spawned":[1,7,14],"killed_by":"Hexaghost","ascension_level":13}