{"gold_per_floor":[362,362,377,394,127,138,171,190,190,210,54,54,54,81,81,180,180,161,161,161,86,105,105,123,123,177,177],"floor_reached":27,"playtime":2108,"items_purged":[],"score":245,"play_id":"f829768a-4f8c-4726-9d1d-12264f3c861c","local_time":"20190305114427","is_ascension_mode":true,"campfire_choices":[{"floor":13.0,"key":"REST"},{"floor":15.0,"key":"REST"},{"floor":23,"key":"REST"},{"data":"Sunder","floor":25,"key":"SMITH"}],"neow_cost":"PERCENT_DAMAGE","seed_source_timestamp":0,"circlet_count":0,"master_deck":["Defend_B","Defend_B+1","Defend_B","Defend_B","Zap","Dualcast","Sunder+1","Storm","Storm","Redo+1","Reinforced Body","Ball Lightning","Amplify","Sweeping Beam","Echo Form","Loop","Necronomicurse","Capacitor","Double Energy","Genetic Algorithm","Tempest"],"special_seed":0,"relics":["Cracked Core","Runic Capacitor","Pear","Gremlin Horn","War Paint","Pen Nib","Ornamental Fan","Nuclear Battery","Necronomicon","Tiny Chest"],"potions_floor_usage":[],"damage_taken":[{"damage":2.0,"enemies":"Jaw Worm","floor":1.0,"turns":3.0},{"damage":0.0,"enemies":"Cultist","floor":3.0,"turns":3.0},{"damage":5.0,"enemies":"Small Slimes","floor":4.0,"turns":3.0},{"damage":0.0,"enemies":"2 Fungi Beasts","floor":6.0,"turns":3.0},{"damage":24.0,"enemies":"Gremlin Nob","floor":7.0,"turns":4.0},{"damage":9.0,"enemies":"Blue Slaver","floor":8.0,"turns":4.0},{"damage":4.0,"enemies":"Red Slaver","floor":10.0,"turns":4.0},{"damage":22.0,"enemies":"3 Sentries","floor":14.0,"turns":7.0},{"damage":10.0,"enemies":"Slime Boss","floor":16.0,"turns":8.0},{"damage":28.0,"enemies":"2 Thieves","floor":18.0,"turns":4.0},{"damage":28.0,"enemies":"3 Byrds","floor":22.0,"turns":4.0},{"damage":27,"enemies":"Centurion and Healer","floor":24,"turns":4},{"damage":14,"enemies":"Snake Plant","floor":27,"turns":2}],"seed_played":"-2680732129309991939","potions_obtained":[{"floor":4.0,"key":"LiquidBronze"},{"floor":6.0,"key":"Energy Potion"},{"floor":10.0,"key":"SteroidPotion"},{"floor":14.0,"key":"SteroidPotion"},{"floor":24,"key":"Regen Potion"}],"is_trial":false,"path_per_floor":["M","?","M","M","$","M","E","M","T","M","$","T","R","E","R","B",null,"M","?","?","?","M","R","M","R","T","M"],"character_chosen":"DEFECT","items_purchased":["Runic Capacitor","Storm","War Paint"],"campfire_rested":3,"item_purchase_floors":[5,5,11],"current_hp_per_floor":[52,52,52,47,47,47,33,24,24,20,20,20,45,23,48,38,85,57,41,41,41,13,38,11,11,11,0],"gold":177,"neow_bonus":"TWO_FIFTY_GOLD","is_prod":false,"is_daily":false,"chose_seed":false,"campfire_upgraded":1,"win_rate":0,"timestamp":1551782667,"path_taken":["M","?","M","M","$","M","E","M","T","M","$","?","R","E","R","BOSS","M","?","?","?","M","R","M","R","T","M"],"build_version":"2019-02-06","purchased_purges":0,"victory":false,"max_hp_per_floor":[75,75,75,75,75,75,85,85,85,85,85,85,85,85,85,85,85,85,85,85,85,85,85,85,85,85,85],"card_choices":[{"not_picked":["Go for the Eyes","Scrape"],"picked":"Sunder","floor":1.0},{"not_picked":["Melter","Conserve Battery","Hello World"],"picked":"SKIP","floor":3.0},{"not_picked":["BootSequence","Rebound"],"picked":"Storm","floor":4.0},{"not_picked":["Glacier","Stack"],"picked":"Redo","floor":6.0},{"not_picked":["Rebound","Leap"],"picked":"Reinforced Body","floor":7.0},{"not_picked":["Sweeping Beam","Conserve Battery"],"picked":"Ball Lightning","floor":8.0},{"not_picked":["Redo","Chaos"],"picked":"Amplify","floor":10.0},{"not_picked":["Beam Cell","Turbo"],"picked":"Sweeping Beam","floor":14.0},{"not_picked":["Fission","Core Surge"],"picked":"Echo Form","floor":16.0},{"not_picked":["Rebound","Steam"],"picked":"Loop","floor":18.0},{"not_picked":["Force Field+1","Steam+1"],"picked":"Genetic Algorithm","floor":22},{"not_picked":["Cold Snap","Barrage+1"],"picked":"Tempest","floor":24}],"player_experience":208041,"relics_obtained":[{"floor":7.0,"key":"Pear"},{"floor":9.0,"key":"Gremlin Horn"},{"floor":12.0,"key":"Pen Nib"},{"floor":14.0,"key":"Ornamental Fan"},{"floor":19.0,"key":"Necronomicon"},{"floor":26,"key":"Tiny Chest"}],"event_choices":[{"cards_removed":["Strike_B"],"damage_healed":0.0,"max_hp_gain":0.0,"max_hp_loss":0.0,"gold_gain":0.0,"event_name":"Purifier","player_choice":"Purged","floor":2.0,"gold_loss":0.0,"damage_taken":0.0},{"damage_healed":0.0,"max_hp_gain":0.0,"max_hp_loss":0.0,"gold_gain":0.0,"event_name":"Cursed Tome","player_choice":"Obtained Book","floor":19.0,"gold_loss":0.0,"damage_taken":16.0},{"damage_healed":0.0,"max_hp_gain":0.0,"max_hp_loss":0.0,"gold_gain":0.0,"cards_transformed":["Strike_B","Strike_B"],"event_name":"Drug Dealer","player_choice":"Became Test Subject","floor":20.0,"gold_loss":0.0,"damage_taken":0.0,"cards_obtained":["Capacitor","Double Energy"]},{"cards_removed":["Strike_B"],"damage_healed":0.0,"max_hp_gain":0.0,"max_hp_loss":0.0,"gold_gain":0.0,"event_name":"Beggar","player_choice":"Gave Gold","floor":21.0,"gold_loss":75.0,"damage_taken":0.0}],"is_beta":true,"boss_relics":[{"not_picked":["Black Star","Fusion Hammer"],"picked":"Nuclear Battery"}],"items_purged_floors":[],"is_endless":false,"potions_floor_spawned":[4,6,10,14,24],"killed_by":"Snake Plant","ascension_level":2}