{"gold_per_floor":[116,116,116,116,130,130,144,175,175,350,222,222,222,222,222,222],"floor_reached":16,"playtime":788,"items_purged":[],"score":96,"play_id":"14254220-2a4f-479d-a07e-9f1274f8f43d","local_time":"20190811124620","is_ascension_mode":false,"campfire_choices":[{"data":"Underhanded Strike","floor":6,"key":"SMITH"},{"data":"Caltrops","floor":12,"key":"SMITH"},{"data":"Calculated Gamble","floor":13,"key":"SMITH"},{"floor":15,"key":"REST"}],"neow_cost":"NONE","seed_source_timestamp":19048541684200,"circlet_count":0,"master_deck":["Strike_G","Strike_G","Strike_G","Strike_G","Strike_G","Defend_G","Defend_G","Defend_G","Defend_G","Defend_G","Survivor","Neutralize","Poisoned Stab+1","Underhanded Strike+1","Caltrops+1","Prepared","Doubt","Acrobatics","Calculated Gamble+1"],"relics":["Ring of the Snake","Boot","WingedGreaves","Ornamental Fan","Pocketwatch"],"potions_floor_usage":[8],"damage_taken":[{"damage":0,"enemies":"2 Louse","floor":1,"turns":2},{"damage":0,"enemies":"Small Slimes","floor":5,"turns":3},{"damage":0,"enemies":"Cultist","floor":7,"turns":4},{"damage":30,"enemies":"3 Sentries","floor":8,"turns":10},{"damage":69,"enemies":"Slime Boss","floor":16,"turns":6}],"seed_played":"8818273008109720760","potions_obtained":[{"floor":5,"key":"Ancient Potion"},{"floor":7,"key":"EntropicBrew"}],"is_trial":false,"path_per_floor":["M","?","?","?","M","R","M","E","T","?","$","R","R","T","R","B"],"character_chosen":"THE_SILENT","items_purchased":["Acrobatics","Calculated Gamble"],"campfire_rested":1,"item_purchase_floors":[11,11],"current_hp_per_floor":[70,75,75,75,75,75,75,45,45,45,45,45,45,45,67,0],"gold":222,"neow_bonus":"RANDOM_COMMON_RELIC","is_prod":false,"is_daily":false,"chose_seed":false,"campfire_upgraded":3,"win_rate":0.0,"timestamp":1565498780,"path_taken":["M","?","?","?","M","R","M","E","T","?","$","R","R","?","R","BOSS"],"build_version":"2019-07-17","purchased_purges":0,"victory":false,"max_hp_per_floor":[70,75,75,75,75,75,75,75,75,75,75,75,75,75,75,75],"card_choices":[{"not_picked":["Blade Dance","Footwork"],"picked":"Poisoned Stab","floor":1},{"not_picked":["Catalyst","Acrobatics"],"picked":"Underhanded Strike","floor":5},{"not_picked":["Underhanded Strike","Prepared"],"picked":"Caltrops","floor":7},{"not_picked":["Bane","Endless Agony"],"picked":"Prepared","floor":8}],"player_experience":49983,"relics_obtained":[{"floor":8,"key":"WingedGreaves"},{"floor":9,"key":"Ornamental Fan"},{"floor":14,"key":"Pocketwatch"}],"event_choices":[{"damage_healed":0,"gold_gain":0,"player_choice":"Donut","damage_taken":0,"max_hp_gain":5,"max_hp_loss":0,"event_name":"Big Fish","floor":2,"gold_loss":0},{"damage_healed":0,"gold_gain":0,"player_choice":"Grow","damage_taken":0,"max_hp_gain":0,"max_hp_loss":0,"event_name":"Living Wall","floor":3,"gold_loss":0,"cards_upgraded":["Poisoned Stab"]},{"damage_healed":0,"gold_gain":0,"player_choice":"Ignored","damage_taken":0,"max_hp_gain":0,"max_hp_loss":0,"event_name":"Golden Idol","floor":4,"gold_loss":0},{"damage_healed":0,"gold_gain":175,"player_choice":"AGREE","damage_taken":0,"max_hp_gain":0,"max_hp_loss":0,"event_name":"Liars Game","floor":10,"gold_loss":0,"cards_obtained":["Doubt"]}],"is_beta":false,"boss_relics":[],"items_purged_floors":[],"is_endless":false,"potions_floor_spawned":[5,7],"killed_by":"Slime Boss","ascension_level":0}