{"gold_per_floor":[18,18,18,33,48,48,62,78,78,130,150,150,162,179,179,275,275,285,302,401,53,76,76,87,87,113,127,127,143,65,75,75,174,174,185,199,26,40,40,40,67,83,83,96,96,115,133,0,0,0],"floor_reached":51,"playtime":2189,"items_purged":["Iron Wave","Body Slam"],"score":1028,"play_id":"03dd575e-448e-4c04-b69f-ed3bfb93df74","local_time":"20181002154038","is_ascension_mode":true,"campfire_choices":[{"data":"Limit Break","floor":6,"key":"SMITH"},{"floor":12,"key":"REST"},{"data":"1","floor":15,"key":"LIFT"},{"data":"2","floor":23,"key":"LIFT"},{"data":"3","floor":25,"key":"LIFT"},{"data":"Armaments","floor":32,"key":"SMITH"},{"data":"Heavy Blade","floor":40,"key":"SMITH"},{"floor":45,"key":"REST"},{"data":"Inflame","floor":49,"key":"SMITH"}],"neow_cost":"NO_GOLD","seed_source_timestamp":1034390633256826,"circlet_count":0,"master_deck":["Bash","AscendersBane","Limit Break+1","Heavy Blade+1","Cleave","Inflame+1","Twin Strike","Inflame","Feed","Cleave","Shrug It Off","Cleave","Sword Boomerang","Second Wind","Headbutt","Burning Pact+1","Pummel+1","Pummel","Flex","Whirlwind+1","Headbutt","Armaments+1","Sword Boomerang","Pummel","Twin Strike","Writhe","Armaments+1","Shrug It Off+1"],"relics":["Burning Blood","Girya","Dream Catcher","Pandora\u0027s Box","Red Skull","Vajra","Boot","Busted Crown","Thread and Needle","Self Forming Clay","Red Mask"],"potions_floor_usage":[11,11,11,11,16,27,33,33,33,33,41,50,50,50],"damage_taken":[{"damage":11,"enemies":"Jaw Worm","floor":1,"turns":5},{"damage":6,"enemies":"Cultist","floor":4,"turns":3},{"damage":2,"enemies":"2 Louse","floor":5,"turns":2},{"damage":51,"enemies":"Gremlin Gang","floor":7,"turns":5},{"damage":17,"enemies":"Exordium Wildlife","floor":8,"turns":3},{"damage":11,"enemies":"Blue Slaver","floor":11,"turns":4},{"damage":0,"enemies":"Large Slime","floor":13,"turns":4},{"damage":7,"enemies":"3 Louse","floor":14,"turns":2},{"damage":18,"enemies":"The Guardian","floor":16,"turns":7},{"damage":31,"enemies":"2 Thieves","floor":18,"turns":4},{"damage":28,"enemies":"3 Byrds","floor":19,"turns":5},{"damage":0,"enemies":"Snecko","floor":24,"turns":2},{"damage":18,"enemies":"Snake Plant","floor":27,"turns":2},{"damage":0,"enemies":"3 Cultists","floor":29,"turns":2},{"damage":0,"enemies":"Sentry and Sphere","floor":31,"turns":2},{"damage":48,"enemies":"Automaton","floor":33,"turns":5},{"damage":24,"enemies":"3 Shapes","floor":35,"turns":1},{"damage":0,"enemies":"3 Darklings","floor":36,"turns":2},{"damage":16,"enemies":"Sphere and 2 Shapes","floor":38,"turns":2},{"damage":25,"enemies":"2 Orb Walkers","floor":41,"turns":3},{"damage":31,"enemies":"Spire Growth","floor":42,"turns":3},{"damage":4,"enemies":"3 Darklings","floor":44,"turns":2},{"damage":0,"enemies":"Reptomancer","floor":46,"turns":3},{"damage":0,"enemies":"Transient","floor":47,"turns":5},{"damage":73,"enemies":"Awakened One","floor":50,"turns":7}],"seed_played":"-3403908066273758951","potions_obtained":[{"floor":1,"key":"PowerPotion"},{"floor":5,"key":"EntropicBrew"},{"floor":8,"key":"Weak Potion"},{"floor":11,"key":"Weak Potion"},{"floor":29,"key":"Explosive Potion"},{"floor":31,"key":"BloodPotion"},{"floor":33,"key":"AttackPotion"},{"floor":35,"key":"Weak Potion"},{"floor":44,"key":"AttackPotion"},{"floor":47,"key":"BloodPotion"}],"is_trial":false,"path_per_floor":["M","?","?","M","M","R","M","M","T","T","M","R","M","M","R","B",null,"M","M","?","$","T","R","M","R","T","M","?","M","$","M","R","B",null,"M","M","$","M","?","R","E","M","T","M","R","M","M","?","R","B"],"character_chosen":"IRONCLAD","items_purchased":["Red Skull","Pummel","Flex","Regen Potion","Pummel"],"campfire_rested":2,"item_purchase_floors":[21,21,21,30,37],"current_hp_per_floor":[67,67,67,67,71,71,26,15,15,15,10,34,40,39,39,27,67,42,23,23,23,23,23,29,29,29,17,17,23,23,29,29,9,65,47,53,53,46,68,68,49,24,24,26,51,57,63,63,63,7],"gold":0,"neow_bonus":"THREE_RARE_CARDS","is_prod":false,"is_daily":false,"chose_seed":false,"campfire_upgraded":4,"win_rate":0,"timestamp":1538520038,"path_taken":["M","?","?","M","?","R","M","M","T","?","M","R","M","M","R","BOSS","M","M","?","$","?","R","M","R","T","M","?","M","$","M","R","BOSS","M","M","$","M","?","R","E","M","T","M","R","M","M","?","R","BOSS"],"build_version":"2018-09-27","purchased_purges":2,"victory":true,"max_hp_per_floor":[80,80,80,80,80,80,80,80,80,80,80,80,80,80,80,80,80,80,83,83,83,83,83,83,83,83,83,83,83,83,83,83,83,83,83,83,83,86,86,86,86,86,86,86,86,86,86,86,86,89],"card_choices":[{"not_picked":["Dark Embrace","Offering"],"picked":"Limit Break","floor":0},{"not_picked":["Sentinel","Carnage"],"picked":"Heavy Blade","floor":1},{"not_picked":["Flame Barrier","Clash"],"picked":"Cleave","floor":4},{"not_picked":["Disarm","Thunderclap"],"picked":"Inflame","floor":5},{"not_picked":["Body Slam","Cleave"],"picked":"Twin Strike","floor":7},{"not_picked":["Perfected Strike","Pommel Strike"],"picked":"Inflame","floor":8},{"not_picked":["Uppercut","Immolate","Clash"],"picked":"SKIP","floor":11},{"not_picked":["Combust","Metallicize","Intimidate"],"picked":"SKIP","floor":13},{"not_picked":["Clash","Warcry","Cleave"],"picked":"SKIP","floor":14},{"not_picked":["Immolate","Double Tap"],"picked":"Feed","floor":16},{"not_picked":["Body Slam","True Grit"],"picked":"Burning Pact+1","floor":18},{"not_picked":["Headbutt","Anger"],"picked":"Pummel+1","floor":19},{"not_picked":["Intimidate","Shockwave+1","Metallicize+1"],"picked":"SKIP","floor":24},{"not_picked":["Evolve","Bloodletting"],"picked":"Whirlwind+1","floor":27},{"not_picked":["Flame Barrier+1","Havoc+1"],"picked":"Headbutt","floor":29},{"not_picked":["Iron Wave","Perfected Strike"],"picked":"Armaments","floor":31},{"not_picked":[],"picked":"Sword Boomerang","floor":35},{"not_picked":["Perfected Strike"],"picked":"SKIP","floor":36},{"not_picked":[],"picked":"Twin Strike","floor":38},{"not_picked":["Rampage"],"picked":"SKIP","floor":41},{"not_picked":[],"picked":"Armaments+1","floor":42},{"not_picked":[],"picked":"Shrug It Off+1","floor":44},{"not_picked":["Iron Wave+1"],"picked":"SKIP","floor":46},{"not_picked":["Reckless Charge"],"picked":"SKIP","floor":47}],"player_experience":862612,"relics_obtained":[{"floor":9,"key":"Girya"},{"floor":10,"key":"Dream Catcher"},{"floor":22,"key":"Vajra"},{"floor":26,"key":"Boot"},{"floor":41,"key":"Thread and Needle"},{"floor":43,"key":"Self Forming Clay"}],"event_choices":[{"event_name":"Liars Game","player_choice":"disagreed","floor":2,"damage_taken":0},{"event_name":"Transmorgrifier","player_choice":"Transform","floor":3,"damage_taken":0},{"event_name":"Nest","player_choice":"Stole From Cult","floor":20,"damage_taken":0},{"event_name":"Back to Basics","player_choice":"Elegance","floor":28,"damage_taken":0},{"event_name":"Winding Halls","player_choice":"Writhe","floor":39,"damage_taken":0},{"event_name":"Tomb of Lord Red Mask","player_choice":"Paid","floor":48,"damage_taken":0}],"is_beta":false,"boss_relics":[{"not_picked":["Astrolabe","Calling Bell"],"picked":"Pandora\u0027s Box"},{"not_picked":["Lizard Tail","Empty Cage"],"picked":"Busted Crown"}],"items_purged_floors":[21,37],"is_endless":false,"potions_floor_spawned":[1,5,8,11,29,31,33,35,36,44,47],"ascension_level":10}