{"gold_per_floor":[114,129,129,144,159,189,189,219,244,274],"floor_reached":10,"playtime":3215,"items_purged":[],"score":88,"play_id":"6e428e49-c11f-40b3-ae1b-c6a1d9212e88","local_time":"20190227162836","daily_mods":["Chimera","Time Dilation","Elite Swarm"],"is_ascension_mode":false,"campfire_choices":[{"data":"Creative AI","floor":7,"key":"SMITH"}],"neow_cost":"","seed_source_timestamp":0,"circlet_count":0,"master_deck":["Bash+1","Survivor","Zap","Strike_R","Strike_G","Strike_B+1","Defend_R","Defend_G","Defend_B","Ball Lightning","Lockon","Creative AI+1","Electrodynamics","Buffer"],"special_seed":17954,"relics":["Cracked Core","Orichalcum","Torii","Centennial Puzzle","MawBank"],"potions_floor_usage":[5,6],"damage_taken":[{"damage":2,"enemies":"Jaw Worm","floor":1,"turns":4},{"damage":5,"enemies":"Small Slimes","floor":2,"turns":3},{"damage":0,"enemies":"Cultist","floor":4,"turns":2},{"damage":0,"enemies":"Large Slime","floor":5,"turns":2},{"damage":19,"enemies":"3 Sentries","floor":6,"turns":7},{"damage":13,"enemies":"Lagavulin","floor":8,"turns":7},{"damage":16,"enemies":"Gremlin Nob","floor":10,"turns":4}],"seed_played":"8256108652723844663","potions_obtained":[{"floor":1,"key":"Swift Potion"},{"floor":2,"key":"Strength Potion"},{"floor":4,"key":"SteroidPotion"},{"floor":10,"key":"SpeedPotion"}],"is_trial":false,"path_per_floor":["M","M","?","M","M","E","R","E","T","E"],"character_chosen":"DEFECT","items_purchased":[],"campfire_rested":0,"item_purchase_floors":[],"current_hp_per_floor":[73,68,53,53,53,34,34,21,21,5],"gold":274,"neow_bonus":"","is_prod":false,"is_daily":true,"chose_seed":false,"campfire_upgraded":1,"win_rate":0,"timestamp":1551281316,"path_taken":["M","M","?","M","M","E","R","E","T","E"],"build_version":"2019-02-06","purchased_purges":0,"victory":false,"max_hp_per_floor":[75,75,75,75,75,75,75,75,75,75],"card_choices":[{"not_picked":["Darkness","Hello World"],"picked":"Ball Lightning","floor":1},{"not_picked":["Sweeping Beam","Hologram"],"picked":"Lockon","floor":2},{"not_picked":["Steam Power","Turbo","Rip and Tear"],"picked":"SKIP","floor":4},{"not_picked":["Cold Snap","Blizzard","Compile Driver"],"picked":"SKIP","floor":5},{"not_picked":["Fission","Multi-Cast"],"picked":"Creative AI","floor":6},{"not_picked":["Fission","Amplify"],"picked":"Electrodynamics","floor":8},{"not_picked":["Machine Learning","Electrodynamics"],"picked":"Buffer","floor":10}],"player_experience":169707,"relics_obtained":[{"floor":6,"key":"Orichalcum"},{"floor":8,"key":"Torii"},{"floor":9,"key":"Centennial Puzzle"},{"floor":10,"key":"MawBank"}],"event_choices":[{"damage_healed":0,"gold_gain":0,"player_choice":"Entered Light","damage_taken":15,"max_hp_gain":0,"max_hp_loss":0,"event_name":"Shining Light","floor":3,"gold_loss":0,"cards_upgraded":["Bash","Strike_B"]}],"is_beta":true,"boss_relics":[],"items_purged_floors":[],"is_endless":false,"potions_floor_spawned":[1,2,4,10],"killed_by":"Gremlin Nob","ascension_level":0}