{"gold_per_floor":[109,109,85,103,103,103,160,160,212,251,263,290,81,99,99,197,197,209,209,41,51,0,0],"floor_reached":23,"playtime":1555,"items_purged":["Strike_R","Strike_R"],"score":177,"play_id":"6a1b4624-6901-45c3-9a5d-3f6ceb5fbba6","local_time":"20190816123636","is_ascension_mode":false,"campfire_choices":[{"data":"Bash","floor":6,"key":"SMITH"},{"data":"Iron Wave","floor":8,"key":"SMITH"},{"data":"Havoc","floor":11,"key":"SMITH"},{"data":"Rampage","floor":15,"key":"SMITH"}],"neow_cost":"NONE","seed_source_timestamp":54665562458000,"circlet_count":0,"master_deck":["Strike_R+1","Defend_R","Defend_R","Defend_R","Defend_R","Bash+1","Havoc+1","Sword Boomerang+1","Iron Wave+1","Shrug It Off","Clothesline","Armaments","Rampage+1","Impervious","Seeing Red+1","Inflame"],"relics":["Burning Blood","Bottled Flame","MawBank","Odd Mushroom","Vajra","Runic Cube","Nilry\u0027s Codex"],"potions_floor_usage":[16,21,23],"damage_taken":[{"damage":6,"enemies":"Jaw Worm","floor":1,"turns":3},{"damage":0,"enemies":"2 Louse","floor":4,"turns":3},{"damage":8,"enemies":"Gremlin Nob","floor":7,"turns":4},{"damage":10,"enemies":"The Mushroom Lair","floor":10,"turns":6},{"damage":0,"enemies":"Small Slimes","floor":12,"turns":3},{"damage":4,"enemies":"Blue Slaver","floor":14,"turns":4},{"damage":23,"enemies":"The Guardian","floor":16,"turns":9},{"damage":20,"enemies":"Spheric Guardian","floor":18,"turns":4},{"damage":22,"enemies":"3 Byrds","floor":21,"turns":7},{"damage":37,"enemies":"Gremlin Leader","floor":23,"turns":7}],"seed_played":"5691056578129443886","potions_obtained":[{"floor":10,"key":"Dexterity Potion"},{"floor":12,"key":"SkillPotion"},{"floor":14,"key":"Fire Potion"},{"floor":18,"key":"PowerPotion"}],"is_trial":false,"path_per_floor":["M","?","$","M","?","R","?","R","T","?","R","M","$","M","R","B",null,"M","?","$","M","?","E"],"character_chosen":"IRONCLAD","items_purchased":["Iron Wave","Vajra","Inflame"],"campfire_rested":0,"item_purchase_floors":[3,13,20],"current_hp_per_floor":[80,64,64,70,63,63,61,61,61,57,57,63,63,65,65,48,80,66,50,50,34,34,0],"gold":0,"neow_bonus":"TRANSFORM_CARD","is_prod":false,"is_daily":false,"chose_seed":false,"campfire_upgraded":4,"win_rate":0,"timestamp":1565930196,"path_taken":["M","?","$","M","?","R","?","R","T","?","R","M","$","M","R","BOSS","M","?","$","M","?","E"],"build_version":"2019-07-17","purchased_purges":2,"victory":false,"max_hp_per_floor":[80,80,80,80,80,80,80,80,80,80,80,80,80,80,80,80,80,80,80,80,80,80,80],"card_choices":[{"not_picked":["Wild Strike","Warcry"],"picked":"Sword Boomerang","floor":1},{"not_picked":["Reckless Charge","Body Slam"],"picked":"Shrug It Off","floor":4},{"not_picked":["Bloodletting","Havoc"],"picked":"Clothesline","floor":7},{"not_picked":["Battle Trance","Warcry"],"picked":"Armaments","floor":12},{"not_picked":["Perfected Strike","Anger"],"picked":"Rampage","floor":14},{"not_picked":["Berserk","Limit Break"],"picked":"Impervious","floor":16},{"not_picked":["Havoc","Sword Boomerang"],"picked":"Seeing Red+1","floor":18},{"not_picked":["Seeing Red","Wild Strike","Pommel Strike"],"picked":"SKIP","floor":21}],"player_experience":184632,"relics_obtained":[{"floor":7,"key":"Bottled Flame"},{"floor":9,"key":"MawBank"},{"floor":10,"key":"Odd Mushroom"},{"floor":19,"key":"Nilry\u0027s Codex"}],"event_choices":[{"damage_healed":0,"gold_gain":0,"player_choice":"Entered Light","damage_taken":16,"max_hp_gain":0,"max_hp_loss":0,"event_name":"Shining Light","floor":2,"gold_loss":0,"cards_upgraded":["Sword Boomerang","Strike_R"]},{"cards_removed":["Strike_R"],"damage_healed":0,"gold_gain":0,"player_choice":"Card Removal","damage_taken":7,"max_hp_gain":0,"max_hp_loss":0,"event_name":"Golden Wing","floor":5,"gold_loss":0},{"damage_healed":0,"gold_gain":0,"player_choice":"Searched \u00271\u0027 times","damage_taken":0,"max_hp_gain":0,"max_hp_loss":0,"event_name":"Dead Adventurer","floor":7,"gold_loss":0},{"damage_healed":0,"gold_gain":0,"player_choice":"Fought Mushrooms","damage_taken":0,"max_hp_gain":0,"max_hp_loss":0,"event_name":"Mushrooms","floor":10,"gold_loss":0},{"damage_healed":0,"gold_gain":0,"player_choice":"Obtained Book","damage_taken":16,"max_hp_gain":0,"max_hp_loss":0,"event_name":"Cursed Tome","floor":19,"gold_loss":0},{"damage_healed":0,"gold_gain":0,"player_choice":"Paid Fearfully","damage_taken":0,"max_hp_gain":0,"max_hp_loss":0,"event_name":"Masked Bandits","floor":22,"gold_loss":51}],"is_beta":false,"boss_relics":[{"not_picked":["Calling Bell","Orrery"],"picked":"Runic Cube"}],"items_purged_floors":[13,20],"is_endless":false,"potions_floor_spawned":[10,12,14,18],"killed_by":"Gremlin Leader","ascension_level":0}