{"gold_per_floor":[118,128,139,60,75,102,102,114,139,89,124,124,49,49,49,154,154,174,274,292,110,35,35,66,66,91,91,43,60,80,100,100,200,200,218,218,218,40,60,60,60,60,60,60,92,92,103,128,128,128],"floor_reached":51,"playtime":9382,"items_purged":["Strike_R","Strike_R","Strike_R"],"score":1054,"play_id":"7ec89205-86c9-437a-8260-c9261b92387c","local_time":"20190506175548","is_ascension_mode":true,"campfire_choices":[{"data":"Flame Barrier","floor":7,"key":"SMITH"},{"data":"Body Slam","floor":12,"key":"SMITH"},{"data":"True Grit","floor":15,"key":"SMITH"},{"data":"Metallicize","floor":23,"key":"SMITH"},{"floor":25,"key":"REST"},{"data":"Barricade","floor":32,"key":"SMITH"},{"data":"Dual Wield","floor":40,"key":"SMITH"},{"data":"Apotheosis","floor":44,"key":"SMITH"},{"floor":46,"key":"REST"},{"data":"Secret Technique","floor":49,"key":"SMITH"}],"neow_cost":"NONE","seed_source_timestamp":60528474352600,"circlet_count":0,"master_deck":["Defend_R","Defend_R","Defend_R","Bash","True Grit+1","Warcry","Evolve","Barricade+1","Flame Barrier+1","Body Slam+1","Impervious","Dual Wield+1","Warcry","Metallicize+1","Battle Trance","Armaments+1","Power Through+1","Shrug It Off","Shrug It Off+1","Secret Technique+1","Apotheosis+1","Blind","Regret","Burning Pact+1"],"relics":["Burning Blood","Orichalcum","Boot","Dream Catcher","Pen Nib","Velvet Choker","Unceasing Top","Shuriken","Red Skull","Lantern","Cursed Key","Kunai","Bottled Flame","Bird Faced Urn"],"potions_floor_usage":[11,16,19,30,33,33,33,50,50],"damage_taken":[{"damage":0,"enemies":"Cultist","floor":1,"turns":3},{"damage":5,"enemies":"Jaw Worm","floor":2,"turns":5},{"damage":6,"enemies":"Small Slimes","floor":3,"turns":5},{"damage":6,"enemies":"Red Slaver","floor":5,"turns":5},{"damage":33,"enemies":"3 Sentries","floor":6,"turns":16},{"damage":4,"enemies":"Large Slime","floor":8,"turns":9},{"damage":21,"enemies":"Gremlin Nob","floor":11,"turns":4},{"damage":28,"enemies":"Slime Boss","floor":16,"turns":9},{"damage":9,"enemies":"Chosen","floor":18,"turns":5},{"damage":25,"enemies":"Colosseum Slavers","floor":19,"turns":5},{"damage":0,"enemies":"Colosseum Nobs","floor":19,"turns":2},{"damage":14,"enemies":"2 Thieves","floor":20,"turns":5},{"damage":38,"enemies":"Gremlin Leader","floor":24,"turns":6},{"damage":5,"enemies":"Snake Plant","floor":29,"turns":5},{"damage":0,"enemies":"Shelled Parasite and Fungi","floor":30,"turns":5},{"damage":0,"enemies":"Chosen and Byrds","floor":31,"turns":7},{"damage":11,"enemies":"Automaton","floor":33,"turns":6},{"damage":19,"enemies":"3 Darklings","floor":35,"turns":5},{"damage":0,"enemies":"3 Shapes","floor":39,"turns":4},{"damage":49,"enemies":"Reptomancer","floor":45,"turns":5},{"damage":0,"enemies":"Writhing Mass","floor":47,"turns":6},{"damage":4,"enemies":"Giant Head","floor":48,"turns":6},{"damage":3,"enemies":"Time Eater","floor":50,"turns":5}],"seed_played":"-4218299714297766269","potions_obtained":[{"floor":6,"key":"Strength Potion"},{"floor":11,"key":"LiquidBronze"},{"floor":16,"key":"Poison Potion"},{"floor":24,"key":"PowerPotion"},{"floor":29,"key":"Fruit Juice"},{"floor":30,"key":"SpeedPotion"},{"floor":39,"key":"Explosive Potion"},{"floor":45,"key":"Energy Potion"},{"floor":47,"key":"EssenceOfSteel"}],"is_trial":false,"path_per_floor":["M","M","M","$","M","E","R","M","T","?","E","R","$","?","R","B",null,"M","?","M","$","?","R","E","R","T","?","$","M","M","M","R","B",null,"M","?","?","$","M","R","?","?","T","R","E","R","M","E","R","B",null],"character_chosen":"IRONCLAD","items_purchased":["Barricade","Metallicize","SkillPotion","Shrug It Off"],"campfire_rested":2,"item_purchase_floors":[4,21,28,38],"current_hp_per_floor":[78,79,79,79,79,52,52,54,54,54,39,39,39,32,32,10,63,60,47,39,39,39,39,7,31,31,31,31,32,43,49,49,44,75,62,62,62,62,68,68,58,58,58,58,15,39,45,47,47,54],"gold":128,"neow_bonus":"RANDOM_COMMON_RELIC","is_prod":false,"is_daily":false,"chose_seed":false,"campfire_upgraded":8,"win_rate":0,"timestamp":1557158148,"path_taken":["M","M","M","$","M","E","R","M","T","?","E","R","$","?","R","BOSS","M","?","M","$","?","R","E","R","T","?","$","M","?","M","R","BOSS","M","?","?","$","M","R","?","?","T","R","E","R","M","E","R","BOSS"],"build_version":"2019-04-23","purchased_purges":3,"victory":true,"max_hp_per_floor":[80,80,80,80,80,80,80,80,80,80,80,80,80,80,80,80,80,80,80,80,80,80,80,80,80,80,80,80,80,85,85,85,85,85,85,81,81,81,81,81,81,81,81,81,81,81,81,81,81,81],"card_choices":[{"not_picked":["Armaments","Perfected Strike"],"picked":"True Grit","floor":1},{"not_picked":["Flex","Burning Pact"],"picked":"Warcry","floor":2},{"not_picked":["Burning Pact","Clothesline"],"picked":"Evolve","floor":3},{"not_picked":["Burning Pact","Heavy Blade","Flex"],"picked":"SKIP","floor":5},{"not_picked":["Second Wind","Barricade"],"picked":"Flame Barrier","floor":6},{"not_picked":["Wild Strike","Pommel Strike"],"picked":"Cleave","floor":8},{"not_picked":["Evolve","Armaments"],"picked":"Body Slam","floor":11},{"not_picked":["Immolate","Demon Form"],"picked":"Impervious","floor":16},{"not_picked":["Headbutt","Fire Breathing+1"],"picked":"Dual Wield","floor":18},{"not_picked":["Twin Strike+1","Iron Wave"],"picked":"Warcry","floor":19},{"not_picked":["Spot Weakness","Blood for Blood","Wild Strike"],"picked":"SKIP","floor":20},{"not_picked":["Fire Breathing","Sword Boomerang"],"picked":"Battle Trance","floor":24},{"not_picked":["Flex+1","Wild Strike"],"picked":"Armaments+1","floor":25},{"not_picked":["Cleave+1","Warcry","Blood for Blood"],"picked":"SKIP","floor":29},{"not_picked":["Second Wind","Corruption","Thunderclap"],"picked":"SKIP","floor":30},{"not_picked":["Searing Blow+1","Rampage","Warcry"],"picked":"SKIP","floor":31},{"not_picked":["Fire Breathing+1","Flex+1"],"picked":"Power Through+1","floor":35},{"not_picked":["Body Slam","Pommel Strike"],"picked":"Shrug It Off+1","floor":39},{"not_picked":["Bandage Up","Metamorphosis"],"picked":"Secret Technique","floor":41},{"not_picked":["Dramatic Entrance","Mayhem"],"picked":"Apotheosis","floor":41},{"not_picked":["Forethought","Swift Strike"],"picked":"Blind","floor":41},{"not_picked":["Twin Strike","Clash+1"],"picked":"Burning Pact+1","floor":45},{"not_picked":["Perfected Strike+1","Heavy Blade+1","Disarm"],"picked":"SKIP","floor":47},{"not_picked":["Heavy Blade+1","Searing Blow+1","Evolve+1"],"picked":"SKIP","floor":48}],"player_experience":375171,"relics_obtained":[{"floor":6,"key":"Boot"},{"floor":9,"key":"Dream Catcher"},{"floor":11,"key":"Pen Nib"},{"floor":19,"key":"Unceasing Top"},{"floor":19,"key":"Shuriken"},{"floor":24,"key":"Red Skull"},{"floor":26,"key":"Lantern"},{"floor":43,"key":"Kunai"},{"floor":45,"key":"Bottled Flame"},{"floor":48,"key":"Bird Faced Urn"}],"event_choices":[{"cards_removed":["Strike_R"],"damage_healed":0,"gold_gain":0,"player_choice":"Card Removal","damage_taken":0,"max_hp_gain":0,"max_hp_loss":0,"event_name":"The Cleric","floor":10,"gold_loss":50},{"cards_removed":["Defend_R"],"damage_healed":0,"gold_gain":0,"player_choice":"Card Removal","damage_taken":7,"max_hp_gain":0,"max_hp_loss":0,"event_name":"Golden Wing","floor":14,"gold_loss":0},{"damage_healed":0,"gold_gain":0,"player_choice":"Fight","damage_taken":0,"max_hp_gain":0,"max_hp_loss":0,"event_name":"Colosseum","floor":19,"gold_loss":0},{"damage_healed":0,"gold_gain":0,"player_choice":"Fought Nobs","damage_taken":0,"max_hp_gain":0,"max_hp_loss":0,"event_name":"Colosseum","floor":19,"gold_loss":0},{"cards_removed":["Strike_R"],"damage_healed":0,"gold_gain":0,"player_choice":"Gave Gold","damage_taken":0,"max_hp_gain":0,"max_hp_loss":0,"event_name":"Beggar","floor":22,"gold_loss":75},{"damage_healed":0,"gold_gain":0,"player_choice":"0 cards matched","damage_taken":0,"max_hp_gain":0,"max_hp_loss":0,"event_name":"Match and Keep!","floor":27,"gold_loss":0,"cards_obtained":[]},{"damage_healed":0,"gold_gain":0,"player_choice":"Max HP","damage_taken":0,"max_hp_gain":0,"max_hp_loss":4,"event_name":"Winding Halls","floor":36,"gold_loss":0},{"damage_healed":0,"gold_gain":0,"player_choice":"Ignored","damage_taken":0,"max_hp_gain":0,"max_hp_loss":0,"event_name":"Tomb of Lord Red Mask","floor":37,"gold_loss":0},{"damage_healed":0,"gold_gain":0,"player_choice":"Memory 3","damage_taken":10,"max_hp_gain":0,"max_hp_loss":0,"event_name":"SensoryStone","floor":41,"gold_loss":0},{"cards_removed":["Cleave"],"damage_healed":0,"gold_gain":0,"player_choice":"Removed Attack","damage_taken":0,"max_hp_gain":0,"max_hp_loss":0,"event_name":"Falling","floor":42,"gold_loss":0}],"is_beta":true,"boss_relics":[{"not_picked":["Black Blood","Astrolabe"],"picked":"Velvet Choker"},{"not_picked":["Coffee Dripper","Snecko Eye"],"picked":"Cursed Key"}],"items_purged_floors":[13,21,38],"is_endless":false,"potions_floor_spawned":[6,11,16,24,29,30,31,39,45,47],"ascension_level":7}