{"gold_per_floor":[118,68,243,68,84,111,111,139,139,168,210,222,234,264,276,365,377,405,417,448,460,33,67,84,111,135,135,164,175,29,46,46,120,120,135,0,10,26,26,59,59,85,112,122,122,138,167,177,177,177],"floor_reached":51,"playtime":4674,"items_purged":["Doubt"],"score":1717,"play_id":"03988807-5c63-45ff-8ad5-d4f82a806be9","local_time":"20190813015401","is_ascension_mode":true,"campfire_choices":[{"data":"Footwork","floor":7.0,"key":"SMITH"},{"data":"Neutralize","floor":15.0,"key":"SMITH"},{"data":"Doppelganger","floor":27.0,"key":"SMITH"},{"data":"Adrenaline","floor":32.0,"key":"SMITH"},{"data":"Adrenaline","floor":41.0,"key":"SMITH"},{"data":"Noxious Fumes","floor":49.0,"key":"SMITH"}],"neow_cost":"NONE","seed_source_timestamp":1215986927848801,"circlet_count":0,"master_deck":["AscendersBane","Strike_G+1","Strike_G+1","Strike_G+1","Strike_G+1","Defend_G+1","Defend_G+1","Defend_G+1","Defend_G+1","Defend_G+1","Survivor","Neutralize+1","Backflip","Footwork+1","Sucker Punch","Poisoned Stab","Dash","Dodge and Roll","Bullet Time","Ghostly","Ghostly","Ghostly","Ghostly","Ghostly","PiercingWail","Doppelganger+1","Adrenaline+1","Poisoned Stab+1","Acrobatics+1","Adrenaline+1","Dodge and Roll+1","PiercingWail","Noxious Fumes+1","Malaise","Backflip","Quick Slash"],"special_seed":0,"relics":["Ring of the Snake","NeowsBlessing","Kunai","Bronze Scales","MawBank","Strawberry","Black Star","Mercury Hourglass","Orichalcum","Happy Flower","Paper Crane","StoneCalendar","Vajra","Omamori","Sundial","Snake Skull","Oddly Smooth Stone","Cursed Key","Red Mask","Regal Pillow","Boot","Lantern","Pen Nib","Bag of Marbles","Bag of Preparation","Anchor"],"potions_floor_usage":[50],"damage_taken":[{"damage":0.0,"enemies":"Jaw Worm","floor":1.0,"turns":1.0},{"damage":0.0,"enemies":"Small Slimes","floor":5.0,"turns":1.0},{"damage":0.0,"enemies":"Lagavulin","floor":6.0,"turns":1.0},{"damage":21.0,"enemies":"Gremlin Nob","floor":8.0,"turns":4.0},{"damage":0.0,"enemies":"2 Louse","floor":10.0,"turns":3.0},{"damage":6.0,"enemies":"Lagavulin","floor":11.0,"turns":8.0},{"damage":0.0,"enemies":"Large Slime","floor":14.0,"turns":8.0},{"damage":0.0,"enemies":"The Guardian","floor":16.0,"turns":17.0},{"damage":0.0,"enemies":"Spheric Guardian","floor":18.0,"turns":6.0},{"damage":1.0,"enemies":"Shell Parasite","floor":20.0,"turns":8.0},{"damage":0.0,"enemies":"Book of Stabbing","floor":23.0,"turns":7.0},{"damage":0.0,"enemies":"Centurion and Healer","floor":24.0,"turns":12.0},{"damage":34.0,"enemies":"Gremlin Leader","floor":25.0,"turns":11.0},{"damage":0.0,"enemies":"Slavers","floor":28.0,"turns":7.0},{"damage":0.0,"enemies":"Cultist and Chosen","floor":29.0,"turns":6.0},{"damage":0.0,"enemies":"Snecko","floor":31.0,"turns":6.0},{"damage":11.0,"enemies":"Collector","floor":33.0,"turns":11.0},{"damage":0.0,"enemies":"3 Darklings","floor":35.0,"turns":5.0},{"damage":0.0,"enemies":"3 Shapes","floor":37.0,"turns":5.0},{"damage":0.0,"enemies":"Sphere and 2 Shapes","floor":38.0,"turns":7.0},{"damage":0.0,"enemies":"Nemesis","floor":40.0,"turns":7.0},{"damage":0.0,"enemies":"Reptomancer","floor":42.0,"turns":7.0},{"damage":0.0,"enemies":"4 Shapes","floor":44.0,"turns":7.0},{"damage":0.0,"enemies":"Jaw Worm Horde","floor":46.0,"turns":4.0},{"damage":0.0,"enemies":"Nemesis","floor":47.0,"turns":7.0},{"damage":0.0,"enemies":"Spire Growth","floor":48.0,"turns":6.0},{"damage":10,"enemies":"Awakened One","floor":50,"turns":17}],"seed_played":"1252219531673745716","potions_obtained":[{"floor":1.0,"key":"Strength Potion"},{"floor":6.0,"key":"EssenceOfSteel"},{"floor":10.0,"key":"Weak Potion"},{"floor":14.0,"key":"SteroidPotion"},{"floor":16.0,"key":"Regen Potion"},{"floor":18.0,"key":"SkillPotion"},{"floor":23.0,"key":"Block Potion"},{"floor":25.0,"key":"GamblersBrew"},{"floor":29.0,"key":"AttackPotion"},{"floor":37.0,"key":"FairyPotion"},{"floor":38.0,"key":"Block Potion"}],"is_trial":false,"path_per_floor":["M","?","?","$","M","E","R","E","T","M","E","$","?","M","R","B",null,"M","?","M","?","$","E","M","E","T","R","E","M","$","M","R","B",null,"M","?","M","M","?","E","R","E","T","M","?","M","E","M","R","B",null],"character_chosen":"THE_SILENT","items_purchased":["Footwork","Sucker Punch","Mercury Hourglass","Orichalcum","PiercingWail","Oddly Smooth Stone"],"campfire_rested":0,"item_purchase_floors":[4,4,22,22,22,30],"current_hp_per_floor":[63,63,63,63,63,63,63,42,42,42,43,43,28,28,28,28,65,65,65,64,38,38,38,38,16,16,16,16,16,16,16,16,5,30,30,30,30,30,30,30,30,30,30,30,30,30,30,30,30,20],"gold":177,"neow_bonus":"THREE_ENEMY_KILL","is_prod":false,"is_daily":false,"chose_seed":false,"campfire_upgraded":6,"win_rate":0,"timestamp":1565675641,"path_taken":["M","?","?","$","M","E","R","E","T","M","E","?","?","M","R","BOSS","M","?","M","?","?","E","M","E","T","R","E","M","$","?","R","BOSS","M","?","M","M","?","E","R","E","T","M","?","M","E","M","R","BOSS"],"build_version":"2019-07-17","purchased_purges":1,"victory":true,"max_hp_per_floor":[70,70,70,70,70,70,70,70,70,70,77,77,77,77,77,77,77,77,77,77,38,38,38,38,38,38,38,38,38,38,38,38,38,38,38,38,38,38,38,38,38,38,38,38,38,38,38,38,38,38],"card_choices":[{"not_picked":["Accuracy","Catalyst"],"picked":"Backflip","floor":1.0},{"not_picked":["Flying Knee","Backflip"],"picked":"Poisoned Stab","floor":5.0},{"not_picked":["Calculated Gamble","Venomology"],"picked":"Dash","floor":6.0},{"not_picked":["Outmaneuver","Catalyst"],"picked":"Dodge and Roll","floor":8.0},{"not_picked":["Reflex","Dagger Throw","Blade Dance"],"picked":"SKIP","floor":10.0},{"not_picked":["Terror","Riddle With Holes","Concentrate"],"picked":"SKIP","floor":11.0},{"not_picked":["Bane","Outmaneuver","Reflex"],"picked":"SKIP","floor":14.0},{"not_picked":["Glass Knife","Venomology"],"picked":"Bullet Time","floor":16.0},{"not_picked":["Accuracy","Flechettes","Reflex"],"picked":"SKIP","floor":18.0},{"not_picked":["Sucker Punch","Finisher","Terror"],"picked":"SKIP","floor":20.0},{"not_picked":["Underhanded Strike","Flechettes","Crippling Poison"],"picked":"SKIP","floor":23.0},{"not_picked":["Accuracy","Deflect","Dagger Throw"],"picked":"SKIP","floor":24.0},{"not_picked":["Dagger Throw","Skewer+1"],"picked":"Doppelganger","floor":25.0},{"not_picked":["Storm of Steel","Underhanded Strike"],"picked":"Adrenaline","floor":28.0},{"not_picked":["Slice","PiercingWail"],"picked":"Poisoned Stab+1","floor":29.0},{"not_picked":["Prepared","Sucker Punch+1"],"picked":"Acrobatics+1","floor":31.0},{"not_picked":["Burst","Malaise"],"picked":"Adrenaline","floor":33.0},{"not_picked":["Poisoned Stab","PiercingWail"],"picked":"Dodge and Roll+1","floor":35.0},{"not_picked":["Bane","Masterful Stab"],"picked":"PiercingWail","floor":37.0},{"not_picked":["Endless Agony+1","Quick Slash"],"picked":"Noxious Fumes","floor":38.0},{"not_picked":["Enlightenment","Forethought"],"picked":"Finesse","floor":39.0},{"not_picked":["Dash","Escape Plan"],"picked":"Malaise","floor":40.0},{"not_picked":["Deflect","Dagger Spray","Skewer"],"picked":"SKIP","floor":42.0},{"not_picked":["Deflect","Dagger Throw+1","Tactician+1"],"picked":"SKIP","floor":44.0},{"not_picked":["PiercingWail","Deadly Poison"],"picked":"Backflip","floor":46.0},{"not_picked":["Flying Knee","Sucker Punch"],"picked":"Quick Slash","floor":47.0},{"not_picked":["Blade Dance","Dagger Throw","Deflect"],"picked":"SKIP","floor":48.0}],"player_experience":486358,"relics_obtained":[{"floor":6.0,"key":"Kunai"},{"floor":8.0,"key":"Bronze Scales"},{"floor":9.0,"key":"MawBank"},{"floor":11.0,"key":"Strawberry"},{"floor":23.0,"key":"Happy Flower"},{"floor":23.0,"key":"Paper Crane"},{"floor":25.0,"key":"StoneCalendar"},{"floor":25.0,"key":"Vajra"},{"floor":26.0,"key":"Omamori"},{"floor":28.0,"key":"Sundial"},{"floor":28.0,"key":"Snake Skull"},{"floor":40.0,"key":"Regal Pillow"},{"floor":40.0,"key":"Boot"},{"floor":42.0,"key":"Lantern"},{"floor":42.0,"key":"Pen Nib"},{"floor":43.0,"key":"Bag of Marbles"},{"floor":47.0,"key":"Bag of Preparation"},{"floor":47.0,"key":"Anchor"}],"event_choices":[{"cards_removed":["Strike_G"],"damage_healed":0.0,"max_hp_gain":0.0,"max_hp_loss":0.0,"gold_gain":0.0,"event_name":"The Cleric","player_choice":"Card Removal","floor":2.0,"gold_loss":50.0,"damage_taken":0.0},{"damage_healed":0.0,"max_hp_gain":0.0,"max_hp_loss":0.0,"gold_gain":175.0,"event_name":"Liars Game","player_choice":"AGREE","floor":3.0,"gold_loss":0.0,"damage_taken":0.0,"cards_obtained":["Doubt"]},{"damage_healed":0.0,"max_hp_gain":0.0,"max_hp_loss":0.0,"gold_gain":0.0,"event_name":"Shining Light","player_choice":"Entered Light","floor":13.0,"gold_loss":0.0,"damage_taken":15.0,"cards_upgraded":["Defend_G","Strike_G"]},{"damage_healed":0.0,"max_hp_gain":0.0,"max_hp_loss":0.0,"gold_gain":0.0,"event_name":"Back to Basics","player_choice":"Simplicity","floor":19.0,"gold_loss":0.0,"damage_taken":0.0,"cards_upgraded":["Strike_G","Strike_G","Strike_G","Defend_G","Defend_G","Defend_G","Defend_G"]},{"damage_healed":0.0,"max_hp_gain":0.0,"max_hp_loss":39.0,"gold_gain":0.0,"event_name":"Ghosts","player_choice":"Became a Ghost","floor":21.0,"gold_loss":0.0,"damage_taken":0.0,"cards_obtained":["Ghostly","Ghostly","Ghostly","Ghostly","Ghostly"]},{"damage_healed":0.0,"max_hp_gain":0.0,"max_hp_loss":0.0,"gold_gain":0.0,"event_name":"Tomb of Lord Red Mask","player_choice":"Paid","floor":36.0,"gold_loss":135.0,"damage_taken":0.0,"relics_obtained":["Red Mask"]},{"damage_healed":0.0,"max_hp_gain":0.0,"max_hp_loss":0.0,"gold_gain":0.0,"event_name":"SensoryStone","player_choice":"Memory 1","floor":39.0,"gold_loss":0.0,"damage_taken":0.0},{"cards_removed":["Finesse"],"damage_healed":0.0,"max_hp_gain":0.0,"max_hp_loss":0.0,"gold_gain":0.0,"event_name":"Falling","player_choice":"Removed Skill","floor":45.0,"gold_loss":0.0,"damage_taken":0.0}],"is_beta":false,"boss_relics":[{"not_picked":["Tiny House","Philosopher\u0027s Stone"],"picked":"Black Star"},{"not_picked":["WristBlade","Empty Cage"],"picked":"Cursed Key"}],"items_purged_floors":[4],"is_endless":false,"potions_floor_spawned":[1,6,10,14,16,18,23,24,25,29,37,38,42,48],"ascension_level":13}