{"gold_per_floor":[114,14,32,32,49,49,82,93,119,119,151,169,199,253,253,328,378,395,395,415,435,435,435],"floor_reached":23,"playtime":1476,"items_purged":["Strike_R"],"score":419,"play_id":"75a00300-3d24-4738-b261-b120f3a70203","local_time":"20181230011848","is_ascension_mode":true,"campfire_choices":[{"floor":6,"key":"REST"},{"floor":10,"key":"REST"},{"floor":15,"key":"REST"}],"neow_cost":"PERCENT_DAMAGE","seed_source_timestamp":0,"circlet_count":0,"master_deck":["AscendersBane","Strike_R","Strike_R","Strike_R","Defend_R","Defend_R","Defend_R+1","Bash","Feed","Cleave","Dual Wield","Armaments+1","True Grit","Power Through","Shrug It Off+1","Juggernaut","Barricade","Sentinel","Shrug It Off","Disarm"],"special_seed":0,"relics":["Burning Blood","Centennial Puzzle","Dream Catcher","Boot","Bag of Preparation","War Paint","Tiny House"],"potions_floor_usage":[7,11,13,16,18,21],"damage_taken":[{"damage":12.0,"enemies":"Small Slimes","floor":1.0,"turns":2.0},{"damage":14,"enemies":"Jaw Worm","floor":3,"turns":4},{"damage":8,"enemies":"2 Louse","floor":5,"turns":3},{"damage":32,"enemies":"Gremlin Nob","floor":7,"turns":5},{"damage":0,"enemies":"Large Slime","floor":8,"turns":4},{"damage":5,"enemies":"3 Sentries","floor":11,"turns":8},{"damage":8,"enemies":"Blue Slaver","floor":12,"turns":4},{"damage":25,"enemies":"Gremlin Nob","floor":13,"turns":5},{"damage":49,"enemies":"Hexaghost","floor":16,"turns":14},{"damage":6,"enemies":"2 Thieves","floor":18,"turns":4},{"damage":2,"enemies":"Chosen","floor":20,"turns":8},{"damage":48,"enemies":"Centurion and Healer","floor":21,"turns":8},{"damage":10,"enemies":"Slavers","floor":23,"turns":2}],"seed_played":"8857336587631681559","potions_obtained":[{"floor":3,"key":"Energy Potion"},{"floor":5,"key":"SpeedPotion"},{"floor":8,"key":"Fire Potion"},{"floor":12,"key":"SpeedPotion"},{"floor":16,"key":"Fire Potion"},{"floor":17,"key":"AttackPotion"}],"is_trial":false,"path_per_floor":["M","$","M","?","M","R","E","M","T","R","E","M","E","T","R","B",null,"M","?","M","M","?","E"],"character_chosen":"IRONCLAD","items_purchased":["Armaments"],"campfire_rested":3,"item_purchase_floors":[2],"current_hp_per_floor":[47,47,43,8,9,34,11,17,17,43,47,48,29,29,57,14,79,82,51,55,16,16,6],"gold":435,"neow_bonus":"TRANSFORM_TWO_CARDS","is_prod":false,"is_daily":false,"chose_seed":false,"campfire_upgraded":0,"win_rate":0,"timestamp":1546161528,"path_taken":["M","$","M","?","M","R","E","M","T","R","E","M","E","?","R","BOSS","M","?","M","M","?","E"],"build_version":"2018-12-20","purchased_purges":1,"victory":false,"max_hp_per_floor":[78,78,82,82,85,85,88,88,88,88,91,94,94,94,94,94,99,102,107,107,110,110,110],"card_choices":[{"not_picked":["Anger","Headbutt"],"picked":"Dual Wield","floor":1.0},{"not_picked":["Feel No Pain","Cleave","Headbutt"],"picked":"SKIP","floor":3},{"not_picked":["Sword Boomerang","Pummel"],"picked":"True Grit","floor":5},{"not_picked":["Evolve","Body Slam"],"picked":"Power Through","floor":7},{"not_picked":["Seeing Red","Shockwave"],"picked":"Shrug It Off","floor":8},{"not_picked":["Infernal Blade","Flex"],"picked":"Juggernaut","floor":11},{"not_picked":["Havoc","Headbutt","Pommel Strike"],"picked":"SKIP","floor":12},{"not_picked":["Whirlwind","Inflame","Combust"],"picked":"SKIP","floor":13},{"not_picked":["Bludgeon","Offering"],"picked":"Barricade","floor":16},{"not_picked":["Pummel","Pommel Strike"],"picked":"Sentinel","floor":17},{"not_picked":["Sever Soul","Reckless Charge","Heavy Blade"],"picked":"SKIP","floor":18},{"not_picked":["Disarm","Battle Trance"],"picked":"Shrug It Off","floor":20},{"not_picked":["Shrug It Off","Cleave"],"picked":"Disarm","floor":21}],"player_experience":1075431,"relics_obtained":[{"floor":7,"key":"Centennial Puzzle"},{"floor":9,"key":"Dream Catcher"},{"floor":11,"key":"Boot"},{"floor":13,"key":"Bag of Preparation"},{"floor":14,"key":"War Paint"}],"event_choices":[{"damage_healed":0,"gold_gain":0,"player_choice":"Fled","damage_taken":35,"max_hp_gain":0,"max_hp_loss":0,"event_name":"Scrap Ooze","floor":4,"gold_loss":0},{"damage_healed":0,"gold_gain":0,"player_choice":"Shed Blood","damage_taken":36,"max_hp_gain":5,"max_hp_loss":0,"event_name":"Forgotten Altar","floor":19,"gold_loss":0},{"damage_healed":0,"gold_gain":0,"player_choice":"Ignored","damage_taken":0,"max_hp_gain":0,"max_hp_loss":0,"event_name":"Vampires","floor":22,"gold_loss":0}],"is_beta":false,"boss_relics":[{"not_picked":["Black Star","Runic Cube"],"picked":"Tiny House"}],"items_purged_floors":[2],"is_endless":false,"potions_floor_spawned":[3,5,8,12,16],"killed_by":"Slavers","ascension_level":15}