{"gold_per_floor":[113,113,126,140,151,151,179,179,179,23,48,10,22,51,63,147,159,186,218,243,255,0,0,0],"floor_reached":24,"playtime":3355,"items_purged":["Strike_R"],"score":337,"play_id":"e536956d-4994-4b42-a93a-0318171a2fec","local_time":"20181112043039","is_ascension_mode":true,"campfire_choices":[{"data":"Armaments","floor":6.0,"key":"SMITH"},{"data":"Body Slam","floor":8.0,"key":"SMITH"},{"data":"Dual Wield","floor":13.0,"key":"SMITH"},{"data":"Flame Barrier","floor":15.0,"key":"SMITH"},{"floor":23.0,"key":"REST"}],"neow_cost":"TEN_PERCENT_HP_LOSS","seed_source_timestamp":0,"circlet_count":0,"master_deck":["AscendersBane","Strike_R","Strike_R","Strike_R","Defend_R","Defend_R+1","Defend_R","Defend_R+1","Bash","Finesse","Impatience","Shrug It Off","Armaments+1","Body Slam+1","Dual Wield+1","Flame Barrier+1","Barricade","True Grit","Shrug It Off","Entrench"],"special_seed":0,"relics":["Burning Blood","Dream Catcher","Letter Opener","MawBank","Runic Dome","Membership Card"],"potions_floor_usage":[],"damage_taken":[{"damage":7.0,"enemies":"Small Slimes","floor":1.0,"turns":4.0},{"damage":8.0,"enemies":"2 Louse","floor":3.0,"turns":4.0},{"damage":0.0,"enemies":"Cultist","floor":4.0,"turns":5.0},{"damage":8.0,"enemies":"Gremlin Gang","floor":5.0,"turns":3.0},{"damage":17.0,"enemies":"Lagavulin","floor":7.0,"turns":9.0},{"damage":0.0,"enemies":"3 Louse","floor":11.0,"turns":4.0},{"damage":2.0,"enemies":"Exordium Wildlife","floor":14.0,"turns":3.0},{"damage":38.0,"enemies":"The Guardian","floor":16.0,"turns":12.0},{"damage":15.0,"enemies":"Spheric Guardian","floor":18.0,"turns":4.0},{"damage":6.0,"enemies":"2 Thieves","floor":19.0,"turns":4.0},{"damage":14.0,"enemies":"Centurion and Healer","floor":20.0,"turns":5.0},{"damage":67,"enemies":"Gremlin Leader","floor":24,"turns":7}],"seed_played":"8639610328221829965","potions_obtained":[{"floor":1.0,"key":"PowerPotion"},{"floor":4.0,"key":"EssenceOfSteel"},{"floor":11.0,"key":"LiquidBronze"},{"floor":14.0,"key":"FearPotion"},{"floor":18.0,"key":"Poison Potion"}],"is_trial":false,"path_per_floor":["M","?","M","M","M","R","E","R","T","$","M","?","R","M","R","B",null,"M","M","M","?","$","R","E"],"character_chosen":"IRONCLAD","items_purchased":["MawBank","Membership Card","Entrench"],"campfire_rested":1,"item_purchase_floors":[10,22,22],"current_hp_per_floor":[67,53,51,57,55,55,44,44,44,44,50,50,50,54,54,22,57,48,48,40,34,34,54,0],"gold":0,"neow_bonus":"RANDOM_COLORLESS_2","is_prod":false,"is_daily":false,"chose_seed":false,"campfire_upgraded":4,"win_rate":0,"timestamp":1542025839,"path_taken":["M","?","M","M","M","R","E","R","T","$","M","?","R","M","R","BOSS","M","M","M","?","?","R","E"],"build_version":"2018-11-08","purchased_purges":1,"victory":false,"max_hp_per_floor":[68,68,68,68,68,68,68,68,68,68,68,68,68,68,68,68,68,68,68,68,68,68,68,68],"card_choices":[{"not_picked":["Iron Wave","Inflame"],"picked":"Shrug It Off","floor":1.0},{"not_picked":["Twin Strike","Thunderclap","Anger"],"picked":"SKIP","floor":3.0},{"not_picked":["Headbutt","Fire Breathing"],"picked":"Armaments","floor":4.0},{"not_picked":["Reckless Charge","Pummel"],"picked":"Body Slam","floor":5.0},{"not_picked":["Whirlwind","Blood for Blood"],"picked":"Dual Wield","floor":7.0},{"not_picked":["Clothesline","Second Wind","Bloodletting"],"picked":"SKIP","floor":11.0},{"not_picked":["Shrug It Off","Cleave"],"picked":"Flame Barrier","floor":14.0},{"not_picked":["Berserk","Impervious"],"picked":"Barricade","floor":16.0},{"not_picked":["Rupture","Armaments"],"picked":"True Grit","floor":18.0},{"not_picked":["True Grit","Feel No Pain"],"picked":"Shrug It Off","floor":19.0},{"not_picked":["Clash","Wild Strike","Clothesline"],"picked":"SKIP","floor":20.0}],"player_experience":961077,"relics_obtained":[{"floor":7.0,"key":"Dream Catcher"},{"floor":9.0,"key":"Letter Opener"}],"event_choices":[{"damage_healed":0.0,"max_hp_gain":0.0,"max_hp_loss":0.0,"gold_gain":0.0,"event_name":"Shining Light","player_choice":"Entered Light","floor":2.0,"gold_loss":0.0,"damage_taken":14.0,"cards_upgraded":["Defend_R","Defend_R"]},{"cards_removed":["Strike_R"],"damage_healed":0.0,"max_hp_gain":0.0,"max_hp_loss":0.0,"gold_gain":0.0,"event_name":"The Cleric","player_choice":"Card Removal","floor":12.0,"gold_loss":50.0,"damage_taken":0.0},{"damage_healed":0.0,"max_hp_gain":0.0,"max_hp_loss":0.0,"gold_gain":0.0,"event_name":"Knowing Skull","player_choice":"","floor":21.0,"potions_obtained":[],"gold_loss":0.0,"damage_taken":6.0,"cards_obtained":[]}],"is_beta":false,"boss_relics":[{"not_picked":["Calling Bell","Philosopher\u0027s Stone"],"picked":"Runic Dome"}],"items_purged_floors":[22],"is_endless":false,"potions_floor_spawned":[1,4,11,14,18],"killed_by":"Gremlin Leader","ascension_level":14}