{"gold_per_floor":[209,225,39,53,63,63,91,91,165,165,194,210,210,230,230,307,307,324,344,344,294,310,336,336,351,376,16,42,42,42,42,42,117,117,129,129,1,1,16,16,34,34,34,61,81,96,116,149,149,149],"floor_reached":51,"playtime":7614,"items_purged":["Strike_B","Writhe"],"score":1329,"play_id":"73c4d03d-7b52-4b2b-bc50-04527c46099c","local_time":"20190725180157","is_ascension_mode":true,"campfire_choices":[{"data":"Zap","floor":10.0,"key":"SMITH"},{"data":"Darkness","floor":13.0,"key":"SMITH"},{"data":"Redo","floor":15.0,"key":"SMITH"},{"floor":24.0,"key":"REST"},{"floor":30.0,"key":"REST"},{"floor":32.0,"key":"REST"},{"data":"Biased Cognition","floor":40.0,"key":"SMITH"},{"data":"Thunder Strike","floor":42.0,"key":"SMITH"},{"floor":49,"key":"REST"}],"neow_cost":"NONE","seed_source_timestamp":0,"circlet_count":0,"master_deck":["AscendersBane","Defend_B","Defend_B","Defend_B","Defend_B","Zap+1","Dualcast","Cold Snap","Genetic Algorithm","FTL","Conserve Battery","Darkness+1","Ball Lightning","Chill","Redo+1","All For One","Compile Driver","Undo","Steam+1","Defragment+1","Conserve Battery+1","Coolheaded","Electrodynamics","Thunder Strike+1","Biased Cognition+1","Cold Snap+1","Dark Shackles","Sweeping Beam+1","Defragment+1","Rainbow","Defragment+1"],"special_seed":0,"relics":["Cracked Core","PreservedInsect","FossilizedHelix","Ancient Tea Set","Blue Candle","Turnip","Philosopher\u0027s Stone","Smiling Mask","Mummified Hand","Art of War","Mercury Hourglass","Question Card","Busted Crown","Frozen Egg 2","Ornamental Fan","Sundial"],"potions_floor_usage":[50,50],"damage_taken":[{"damage":2.0,"enemies":"Small Slimes","floor":1.0,"turns":3.0},{"damage":7.0,"enemies":"Jaw Worm","floor":2.0,"turns":4.0},{"damage":4.0,"enemies":"Cultist","floor":4.0,"turns":3.0},{"damage":0.0,"enemies":"Exordium Wildlife","floor":5.0,"turns":3.0},{"damage":1.0,"enemies":"3 Sentries","floor":7.0,"turns":6.0},{"damage":0.0,"enemies":"Lagavulin","floor":11.0,"turns":4.0},{"damage":0.0,"enemies":"3 Louse","floor":12.0,"turns":3.0},{"damage":0.0,"enemies":"Exordium Thugs","floor":14.0,"turns":3.0},{"damage":3.0,"enemies":"Slime Boss","floor":16.0,"turns":8.0},{"damage":0.0,"enemies":"2 Thieves","floor":18.0,"turns":5.0},{"damage":0.0,"enemies":"Chosen","floor":19.0,"turns":5.0},{"damage":24.0,"enemies":"Snecko","floor":22.0,"turns":6.0},{"damage":37.0,"enemies":"Gremlin Leader","floor":23.0,"turns":6.0},{"damage":12.0,"enemies":"3 Cultists","floor":25.0,"turns":6.0},{"damage":0.0,"enemies":"Book of Stabbing","floor":28.0,"turns":5.0},{"damage":24.0,"enemies":"Automaton","floor":33.0,"turns":8.0},{"damage":0.0,"enemies":"3 Darklings","floor":35.0,"turns":4.0},{"damage":0.0,"enemies":"Orb Walker","floor":39.0,"turns":3.0},{"damage":0.0,"enemies":"Jaw Worm Horde","floor":41.0,"turns":3.0},{"damage":0.0,"enemies":"Nemesis","floor":44.0,"turns":5.0},{"damage":0.0,"enemies":"Spire Growth","floor":45.0,"turns":4.0},{"damage":20.0,"enemies":"3 Darklings","floor":46.0,"turns":3.0},{"damage":0.0,"enemies":"Sphere and 2 Shapes","floor":47.0,"turns":3.0},{"damage":7,"enemies":"Giant Head","floor":48,"turns":7},{"damage":43,"enemies":"Time Eater","floor":50,"turns":11}],"seed_played":"-508734459516789754","potions_obtained":[{"floor":5.0,"key":"Fire Potion"},{"floor":7.0,"key":"FocusPotion"},{"floor":14.0,"key":"Energy Potion"},{"floor":16.0,"key":"FocusPotion"},{"floor":23.0,"key":"Ancient Potion"},{"floor":28.0,"key":"Fire Potion"},{"floor":33.0,"key":"EssenceOfSteel"},{"floor":38.0,"key":"Dexterity Potion"}],"is_trial":false,"path_per_floor":["M","M","$","M","M","?","E","?","T","R","E","M","R","M","R","B",null,"M","M","?","?","M","E","R","M","T","$","E","?","R","?","R","B",null,"M","?","$","?","M","R","M","R","T","E","M","M","M","E","R","B",null],"character_chosen":"DEFECT","items_purchased":["PreservedInsect","FTL","SpeedPotion","Mercury Hourglass","FocusPotion"],"campfire_rested":4,"item_purchase_floors":[3,3,27,27,37],"current_hp_per_floor":[62,55,55,51,51,44,43,43,43,43,43,43,43,43,43,40,63,63,63,63,63,39,2,23,11,11,11,11,11,32,19,41,17,61,61,51,51,51,51,51,51,51,51,51,51,31,31,24,46,3],"gold":149,"neow_bonus":"HUNDRED_GOLD","is_prod":false,"is_daily":false,"chose_seed":false,"campfire_upgraded":5,"win_rate":0,"timestamp":1564092117,"path_taken":["M","M","$","M","M","?","E","?","T","R","E","?","R","M","R","BOSS","M","M","?","?","?","E","R","M","T","$","E","?","R","?","R","BOSS","M","?","$","?","M","R","M","R","T","E","M","M","M","E","R","BOSS"],"build_version":"2019-07-17","purchased_purges":2,"victory":true,"max_hp_per_floor":[71,71,71,71,71,71,71,71,71,71,71,71,71,71,71,71,71,71,71,71,71,71,71,71,71,71,71,71,71,71,76,76,76,76,76,76,76,76,76,76,76,76,76,76,76,76,76,76,76,76],"card_choices":[{"not_picked":["Stack","Streamline"],"picked":"Cold Snap","floor":1.0},{"not_picked":["Leap","Go for the Eyes"],"picked":"Genetic Algorithm","floor":2.0},{"not_picked":["Coolheaded","Melter"],"picked":"Conserve Battery","floor":4.0},{"not_picked":["Barrage","Fusion"],"picked":"Darkness","floor":5.0},{"not_picked":["Redo","Multi-Cast"],"picked":"Ball Lightning","floor":7.0},{"not_picked":["Double Energy","Thunder Strike","Force Field"],"picked":"SKIP","floor":11.0},{"not_picked":["Beam Cell","Force Field","Turbo"],"picked":"SKIP","floor":12.0},{"not_picked":["Blizzard","Beam Cell"],"picked":"Redo","floor":14.0},{"not_picked":["Creative AI","Seek"],"picked":"All For One","floor":16.0},{"not_picked":["Cold Snap","Chaos"],"picked":"Compile Driver","floor":18.0},{"not_picked":["Turbo","Redo"],"picked":"Undo","floor":19.0},{"not_picked":["Auto Shields+1","Redo"],"picked":"Steam+1","floor":22.0},{"not_picked":["Cold Snap","Reboot"],"picked":"Defragment+1","floor":23.0},{"not_picked":["Leap","FTL+1"],"picked":"Conserve Battery+1","floor":25.0},{"not_picked":["Aggregate+1","Gash"],"picked":"Coolheaded","floor":28.0},{"not_picked":["All For One","Meteor Strike","Hyperbeam"],"picked":"Biased Cognition","floor":33.0},{"not_picked":["Leap+1"],"picked":"Cold Snap+1","floor":35.0},{"not_picked":["Good Instincts"],"picked":"Dark Shackles","floor":36.0},{"not_picked":["FTL"],"picked":"Sweeping Beam+1","floor":39.0},{"not_picked":["Cold Snap","Beam Cell"],"picked":"SKIP","floor":41.0},{"not_picked":["Rebound"],"picked":"Defragment+1","floor":44.0},{"not_picked":["Force Field","Hello World+1"],"picked":"SKIP","floor":45.0},{"not_picked":["Sunder","Steam"],"picked":"SKIP","floor":46.0},{"not_picked":["Ball Lightning"],"picked":"Rainbow","floor":47.0},{"not_picked":["Sweeping Beam"],"picked":"Defragment+1","floor":48}],"player_experience":798001,"relics_obtained":[{"floor":7.0,"key":"Ancient Tea Set"},{"floor":9.0,"key":"Blue Candle"},{"floor":11.0,"key":"Turnip"},{"floor":23.0,"key":"Mummified Hand"},{"floor":26.0,"key":"Art of War"},{"floor":28.0,"key":"Question Card"},{"floor":43.0,"key":"Frozen Egg 2"},{"floor":44.0,"key":"Ornamental Fan"},{"floor":48,"key":"Sundial"}],"event_choices":[{"damage_healed":0.0,"max_hp_gain":0.0,"max_hp_loss":0.0,"gold_gain":0.0,"event_name":"Scrap Ooze","player_choice":"Success","floor":6.0,"gold_loss":0.0,"damage_taken":7.0,"relics_obtained":["FossilizedHelix"]},{"damage_healed":0.0,"max_hp_gain":0.0,"max_hp_loss":0.0,"gold_gain":0.0,"cards_transformed":["Strike_B"],"event_name":"Transmorgrifier","player_choice":"Transformed","floor":8.0,"gold_loss":0.0,"damage_taken":0.0,"cards_obtained":["Chill"]},{"damage_healed":0.0,"max_hp_gain":0.0,"max_hp_loss":0.0,"gold_gain":0.0,"event_name":"The Mausoleum","player_choice":"Opened","floor":20.0,"gold_loss":0.0,"damage_taken":0.0,"relics_obtained":["Smiling Mask"],"cards_obtained":["Writhe"]},{"damage_healed":0.0,"max_hp_gain":0.0,"max_hp_loss":0.0,"gold_gain":0.0,"event_name":"The Joust","player_choice":"Bet on Owner","floor":21.0,"gold_loss":50.0,"damage_taken":0.0},{"damage_healed":0.0,"max_hp_gain":0.0,"max_hp_loss":0.0,"gold_gain":0.0,"cards_transformed":["Strike_B","Strike_B"],"event_name":"Drug Dealer","player_choice":"Became Test Subject","floor":29.0,"gold_loss":0.0,"damage_taken":0.0,"cards_obtained":["Electrodynamics","Thunder Strike"]},{"damage_healed":0.0,"max_hp_gain":5.0,"max_hp_loss":0.0,"gold_gain":0.0,"event_name":"Forgotten Altar","player_choice":"Shed Blood","floor":31.0,"gold_loss":0.0,"damage_taken":18.0},{"damage_healed":0.0,"max_hp_gain":0.0,"max_hp_loss":0.0,"gold_gain":0.0,"event_name":"SensoryStone","player_choice":"Memory 3","floor":36.0,"gold_loss":0.0,"damage_taken":10.0},{"damage_healed":0.0,"max_hp_gain":0.0,"max_hp_loss":0.0,"gold_gain":0.0,"event_name":"Lab","player_choice":"Got Potions","floor":38.0,"gold_loss":0.0,"damage_taken":0.0}],"is_beta":false,"boss_relics":[{"not_picked":["Eternal Feather","Astrolabe"],"picked":"Philosopher\u0027s Stone"},{"not_picked":["White Beast Statue","Orrery"],"picked":"Busted Crown"}],"items_purged_floors":[27,37],"is_endless":false,"potions_floor_spawned":[5,7,14,16,23,28,33,35,44,46,48],"ascension_level":14}