{"gold_per_floor":[366,384,86,121,155,182,182,242,316,366,366,436,436,460,460,563,563,603,553,553,563,107,107,143,143,143,33,33,33,33,92,92,194,194,211,229,130,130,130,130,155,155,155,9,66,66,66,16,16,41],"floor_reached":51,"playtime":2059,"items_purged":["Clumsy","Strike_R","Strike_R","Iron Wave","Strike_R+1"],"score":1318,"play_id":"2540503a-99c1-4fda-81e2-a7be4f964f62","local_time":"20190722090428","is_ascension_mode":true,"campfire_choices":[{"data":"HandOfGreed","floor":7,"key":"SMITH"},{"data":"Evolve","floor":13,"key":"SMITH"},{"data":"Second Wind","floor":15,"key":"SMITH"},{"data":"Power Through","floor":23,"key":"SMITH"},{"data":"Armaments","floor":25,"key":"SMITH"},{"data":"Warcry","floor":32,"key":"SMITH"},{"data":"Enlightenment","floor":40,"key":"SMITH"},{"floor":42,"key":"REST"},{"floor":46,"key":"REST"},{"floor":49,"key":"REST"}],"neow_cost":"CURSE","seed_source_timestamp":868190229453434,"circlet_count":0,"master_deck":["AscendersBane","Defend_R+1","Defend_R+1","Defend_R+1","Bash+1","Power Through+1","Rampage+1","HandOfGreed+1","Shrug It Off+1","Shrug It Off+1","Second Wind+1","Body Slam+1","Feed+1","Evolve+1","Immolate+1","Thunderclap+1","Flex+1","Armaments+1","Inflame+1","Warcry+1","Power Through+1","Second Wind+1","Fiend Fire+1","Dual Wield+1","Enlightenment+1","Finesse+1","Flash of Steel+1","Feel No Pain+1"],"relics":["Burning Blood","Vajra","Pocketwatch","Mummified Hand","Juzu Bracelet","Smiling Mask","Runic Pyramid","Frozen Eye","War Paint","Happy Flower","Philosopher\u0027s Stone","Strawberry","Prayer Wheel","Bag of Preparation","Bronze Scales","Mark of the Bloom"],"potions_floor_usage":[6,16,33,35],"damage_taken":[{"damage":6,"enemies":"Cultist","floor":1,"turns":3},{"damage":5,"enemies":"Small Slimes","floor":2,"turns":5},{"damage":2,"enemies":"Jaw Worm","floor":4,"turns":5},{"damage":11,"enemies":"Exordium Thugs","floor":5,"turns":8},{"damage":34,"enemies":"Gremlin Nob","floor":6,"turns":5},{"damage":20,"enemies":"3 Sentries","floor":8,"turns":8},{"damage":11,"enemies":"Gremlin Nob","floor":10,"turns":4},{"damage":10,"enemies":"3 Louse","floor":12,"turns":3},{"damage":7,"enemies":"Hexaghost","floor":16,"turns":13},{"damage":3,"enemies":"Shell Parasite","floor":18,"turns":6},{"damage":0,"enemies":"Chosen","floor":21,"turns":4},{"damage":15,"enemies":"Centurion and Healer","floor":24,"turns":7},{"damage":22,"enemies":"Gremlin Leader","floor":31,"turns":7},{"damage":13,"enemies":"Collector","floor":33,"turns":10},{"damage":13,"enemies":"3 Darklings","floor":35,"turns":3},{"damage":0,"enemies":"Orb Walker","floor":36,"turns":2},{"damage":50,"enemies":"Giant Head","floor":41,"turns":7},{"damage":11,"enemies":"Nemesis","floor":45,"turns":7},{"damage":37,"enemies":"Awakened One","floor":50,"turns":10}],"seed_played":"4662963304429290193","potions_obtained":[{"floor":1,"key":"Strength Potion"},{"floor":4,"key":"SpeedPotion"},{"floor":10,"key":"EssenceOfSteel"},{"floor":31,"key":"SkillPotion"},{"floor":35,"key":"Energy Potion"}],"is_trial":false,"path_per_floor":["M","M","$","M","M","E","R","E","T","E","?","M","R","T","R","B",null,"M","$","?","M","$","R","M","R","T","?","?","?","$","E","R","B",null,"M","M","$","?","?","R","E","R","T","$","E","R","?","$","R","B",null],"character_chosen":"IRONCLAD","items_purchased":["HandOfGreed","Shrug It Off","Inflame","Warcry","Frozen Eye","Power Through","Swift Potion","Bag of Preparation"],"campfire_rested":3,"item_purchase_floors":[3,3,22,22,22,22,37,44],"current_hp_per_floor":[68,69,69,73,68,40,40,26,26,21,21,20,20,20,20,19,63,66,66,66,72,72,72,66,66,66,66,66,66,66,50,50,43,72,65,71,71,61,61,61,24,50,50,50,45,71,71,71,71,34],"gold":41,"neow_bonus":"TWO_FIFTY_GOLD","is_prod":false,"is_daily":false,"chose_seed":false,"campfire_upgraded":7,"win_rate":0,"timestamp":1563753868,"path_taken":["M","M","$","M","M","E","R","E","T","E","?","M","R","?","R","BOSS","M","$","?","M","$","R","M","R","T","?","?","?","?","E","R","BOSS","M","M","$","?","?","R","E","R","T","$","E","R","?","$","R","BOSS"],"build_version":"2019-07-17","purchased_purges":5,"victory":true,"max_hp_per_floor":[75,75,75,75,75,75,75,75,75,75,75,78,78,78,78,78,78,78,78,78,78,78,78,81,81,81,81,81,81,81,81,81,81,81,81,81,81,81,81,81,88,88,88,88,88,88,88,88,88,88],"card_choices":[{"not_picked":["Seeing Red","Anger"],"picked":"Power Through","floor":1},{"not_picked":["Seeing Red","Dropkick"],"picked":"Rampage","floor":2},{"not_picked":["Dual Wield","Twin Strike"],"picked":"Iron Wave","floor":4},{"not_picked":["Flame Barrier","True Grit"],"picked":"Shrug It Off","floor":5},{"not_picked":["Inflame","Blood for Blood"],"picked":"Second Wind","floor":6},{"not_picked":["Wild Strike","Sentinel"],"picked":"Body Slam","floor":8},{"not_picked":["Intimidate","Havoc"],"picked":"Feed","floor":10},{"not_picked":["Warcry","Infernal Blade"],"picked":"Evolve","floor":12},{"not_picked":["Feed","Dark Embrace"],"picked":"Immolate","floor":16},{"not_picked":["Rampage","Searing Blow","Cleave"],"picked":"SKIP","floor":18},{"not_picked":["Thunderclap","Corruption"],"picked":"Armaments","floor":21},{"not_picked":["Rampage","Metallicize"],"picked":"Second Wind","floor":24},{"not_picked":["Battle Trance","Clothesline","Dark Embrace"],"picked":"SKIP","floor":31},{"not_picked":["Barricade","Offering"],"picked":"Fiend Fire","floor":33},{"not_picked":["Thunderclap","Ghostly Armor","Sword Boomerang"],"picked":"SKIP","floor":35},{"not_picked":["Sever Soul+1","Havoc"],"picked":"Dual Wield","floor":36},{"not_picked":["Flash of Steel","Bandage Up"],"picked":"Enlightenment","floor":38},{"not_picked":["Panache","Chrysalis"],"picked":"Finesse","floor":38},{"not_picked":["Madness","Panache"],"picked":"Flash of Steel","floor":38},{"not_picked":["Clash","Pommel Strike","Offering"],"picked":"SKIP","floor":41},{"not_picked":["Shrug It Off","Blood for Blood+1"],"picked":"Feel No Pain","floor":45}],"player_experience":807202,"relics_obtained":[{"floor":6,"key":"Vajra"},{"floor":8,"key":"Pocketwatch"},{"floor":9,"key":"Mummified Hand"},{"floor":10,"key":"Juzu Bracelet"},{"floor":14,"key":"Smiling Mask"},{"floor":26,"key":"War Paint"},{"floor":31,"key":"Happy Flower"},{"floor":41,"key":"Strawberry"},{"floor":43,"key":"Prayer Wheel"},{"floor":45,"key":"Bronze Scales"}],"event_choices":[{"damage_healed":0,"gold_gain":0,"player_choice":"Forge","damage_taken":0,"max_hp_gain":0,"max_hp_loss":0,"event_name":"Accursed Blacksmith","floor":11,"gold_loss":0,"cards_upgraded":["Body Slam"]},{"damage_healed":0,"gold_gain":0,"cards_transformed":["Strike_R","Strike_R"],"player_choice":"Became Test Subject","damage_taken":0,"max_hp_gain":0,"max_hp_loss":0,"event_name":"Drug Dealer","floor":20,"gold_loss":0,"cards_obtained":["Thunderclap","Flex"]},{"cards_removed":["Defend_R"],"damage_healed":0,"gold_gain":0,"player_choice":"Upgrade and Remove","damage_taken":0,"max_hp_gain":0,"max_hp_loss":0,"event_name":"Designer","floor":27,"gold_loss":110,"cards_upgraded":["Inflame"]},{"damage_healed":0,"gold_gain":0,"player_choice":"Ignored","damage_taken":0,"max_hp_gain":0,"max_hp_loss":0,"event_name":"Ghosts","floor":28,"gold_loss":0},{"damage_healed":0,"gold_gain":0,"player_choice":"Upgraded","damage_taken":0,"max_hp_gain":0,"max_hp_loss":0,"event_name":"Upgrade Shrine","floor":29,"gold_loss":0,"cards_upgraded":["Rampage"]},{"damage_healed":0,"gold_gain":0,"player_choice":"Memory 3","damage_taken":10,"max_hp_gain":0,"max_hp_loss":0,"event_name":"SensoryStone","floor":38,"gold_loss":0},{"damage_healed":0,"gold_gain":0,"player_choice":"0 cards matched","damage_taken":0,"max_hp_gain":0,"max_hp_loss":0,"event_name":"Match and Keep!","floor":39,"gold_loss":0,"cards_obtained":[]},{"damage_healed":0,"gold_gain":0,"player_choice":"Upgrade","damage_taken":0,"relics_obtained":["Mark of the Bloom"],"max_hp_gain":0,"max_hp_loss":0,"event_name":"MindBloom","floor":47,"gold_loss":0,"cards_upgraded":["Strike_R","Defend_R","Defend_R","Bash","Power Through","Shrug It Off","Shrug It Off","Feed","Immolate","Thunderclap","Flex","Fiend Fire","Dual Wield","Finesse","Flash of Steel","Feel No Pain"]}],"is_beta":false,"boss_relics":[{"not_picked":["Black Blood","Runic Dome"],"picked":"Runic Pyramid"},{"not_picked":["Busted Crown","Mark of Pain"],"picked":"Philosopher\u0027s Stone"}],"items_purged_floors":[3,19,22,37,48],"is_endless":false,"potions_floor_spawned":[1,4,10,31,35,45],"ascension_level":15}