{"gold_per_floor":[365,42,62,62,72,72,107,107,133,167,167,187,204,233,233,333,333,346,366,8,8,8,8,8,0,0,0,14,46,59,59,59,155,155,173,191,236,30,42,72,0,18,18,18,47,63,96,108,108,108,108,108,58,90,90],"floor_reached":56,"playtime":4052,"items_purged":["Strike_R"],"score":1850,"play_id":"df63d953-ff3c-4431-baff-4b1b8120ba0d","local_time":"20190725102816","is_ascension_mode":true,"campfire_choices":[{"floor":6,"key":"REST"},{"data":"Heavy Blade","floor":11,"key":"SMITH"},{"data":"Seeing Red","floor":15,"key":"SMITH"},{"floor":23,"key":"REST"},{"floor":32,"key":"REST"},{"floor":49,"key":"RECALL"},{"data":"Barricade","floor":52,"key":"SMITH"}],"neow_cost":"PERCENT_DAMAGE","seed_source_timestamp":1210285561539400,"circlet_count":0,"master_deck":["AscendersBane","Strike_R","Strike_R","Strike_R","Strike_R","Defend_R","Defend_R","Defend_R","Defend_R","Bash","Cleave","Inflame","Metallicize","Seeing Red+1","Heavy Blade+1","Heavy Blade","Havoc","Clothesline","True Grit","Immolate","Shrug It Off","Headbutt","Pummel","Necronomicurse","Shame","Seeing Red","Dropkick+1","Pummel+1","Reaper","Seeing Red+1","Warcry","Warcry+1","Impervious","Inflame","True Grit+1","Whirlwind+1","Sentinel+1","Writhe","Sever Soul+1","Flame Barrier+1","Barricade+1","Whirlwind+1","Corruption+1"],"relics":["Burning Blood","Mummified Hand","Oddly Smooth Stone","Bird Faced Urn","Pen Nib","Bag of Marbles","Dead Branch","Runic Pyramid","Brimstone","Kunai","Necronomicon","Pear","Happy Flower","Blue Candle","MutagenicStrength","Lizard Tail","Peace Pipe","Mercury Hourglass","Red Mask","Bag of Preparation","Question Card","Nunchaku"],"potions_floor_usage":[10,12,14,29,37,37,42,45,46,50,54,55],"damage_taken":[{"damage":12,"enemies":"Jaw Worm","floor":1,"turns":3},{"damage":7,"enemies":"Small Slimes","floor":3,"turns":3},{"damage":0,"enemies":"Cultist","floor":5,"turns":4},{"damage":17,"enemies":"Gremlin Nob","floor":7,"turns":4},{"damage":3,"enemies":"3 Sentries","floor":10,"turns":7},{"damage":0,"enemies":"Blue Slaver","floor":12,"turns":2},{"damage":0,"enemies":"Large Slime","floor":13,"turns":5},{"damage":6,"enemies":"Lagavulin","floor":14,"turns":4},{"damage":56,"enemies":"The Guardian","floor":16,"turns":9},{"damage":16,"enemies":"2 Thieves","floor":18,"turns":2},{"damage":24,"enemies":"3 Byrds","floor":19,"turns":5},{"damage":0,"enemies":"Snake Plant","floor":28,"turns":1},{"damage":10,"enemies":"Gremlin Leader","floor":29,"turns":2},{"damage":13,"enemies":"Centurion and Healer","floor":30,"turns":2},{"damage":15,"enemies":"Automaton","floor":33,"turns":3},{"damage":0,"enemies":"3 Darklings","floor":35,"turns":2},{"damage":8,"enemies":"3 Shapes","floor":36,"turns":2},{"damage":21,"enemies":"2 Orb Walkers","floor":37,"turns":3},{"damage":15,"enemies":"Spire Growth","floor":39,"turns":4},{"damage":95,"enemies":"Reptomancer","floor":40,"turns":4},{"damage":1,"enemies":"Jaw Worm Horde","floor":42,"turns":1},{"damage":24,"enemies":"Nemesis","floor":45,"turns":5},{"damage":7,"enemies":"Maw","floor":46,"turns":3},{"damage":1,"enemies":"Reptomancer","floor":47,"turns":2},{"damage":0,"enemies":"3 Darklings","floor":48,"turns":1},{"damage":50,"enemies":"Donu and Deca","floor":50,"turns":5},{"damage":56,"enemies":"Shield and Spear","floor":54,"turns":4},{"damage":88,"enemies":"The Heart","floor":55,"turns":5}],"seed_played":"540430498758517805","potions_obtained":[{"floor":8,"key":"FearPotion"},{"floor":8,"key":"EssenceOfSteel"},{"floor":10,"key":"Weak Potion"},{"floor":12,"key":"Block Potion"},{"floor":13,"key":"Explosive Potion"},{"floor":14,"key":"Ancient Potion"},{"floor":16,"key":"Dexterity Potion"},{"floor":33,"key":"Block Potion"},{"floor":35,"key":"AttackPotion"},{"floor":40,"key":"AttackPotion"},{"floor":42,"key":"Block Potion"},{"floor":45,"key":"BloodPotion"},{"floor":46,"key":"Energy Potion"},{"floor":54,"key":"Poison Potion"}],"is_trial":false,"path_per_floor":["M","$","M","?","M","R","E","?","T","E","R","M","M","E","R","B",null,"M","M","$","?","?","R","?","?","T","$","M","E","M","?","R","B",null,"M","M","?","$","M","E","?","M","T","?","E","M","E","M","R","B",null,"R","$","E","B",null],"character_chosen":"IRONCLAD","items_purchased":["Mummified Hand","Inflame","Brimstone","Pummel","Impervious","Inflame","AttackPotion"],"campfire_rested":3,"item_purchase_floors":[2,2,20,20,38,38,53],"current_hp_per_floor":[45,45,44,37,43,67,56,56,56,63,63,71,80,80,80,30,68,60,46,46,46,30,54,64,64,64,64,72,70,65,65,90,85,89,90,88,75,75,82,41,41,48,48,71,59,85,90,90,90,90,90,90,90,42,76],"gold":90,"neow_bonus":"TWO_FIFTY_GOLD","is_prod":false,"is_daily":false,"chose_seed":false,"campfire_upgraded":3,"win_rate":0,"timestamp":1564046896,"path_taken":["M","$","M","?","M","R","E","?","T","E","R","M","M","E","R","BOSS","M","M","$","?","?","R","?","?","T","$","M","E","M","?","R","BOSS","M","M","?","$","M","E","?","M","T","?","E","M","E","?","R","BOSS","R","$","E","BOSS"],"build_version":"2019-07-17","purchased_purges":1,"victory":true,"max_hp_per_floor":[80,80,80,80,80,80,80,80,80,80,80,80,80,80,80,80,80,80,80,80,80,80,80,90,90,90,90,90,90,90,90,90,90,90,90,90,90,90,90,90,90,90,90,90,90,90,90,90,90,90,90,90,90,90,90],"card_choices":[{"not_picked":["Sword Boomerang","Rupture"],"picked":"Cleave","floor":1},{"not_picked":["Thunderclap","Twin Strike"],"picked":"Metallicize","floor":3},{"not_picked":["Headbutt","Burning Pact"],"picked":"Seeing Red","floor":5},{"not_picked":["Armaments","Rage"],"picked":"Heavy Blade","floor":7},{"not_picked":["Evolve","Thunderclap"],"picked":"Heavy Blade","floor":10},{"not_picked":["Fire Breathing","Heavy Blade"],"picked":"Havoc","floor":12},{"not_picked":["Warcry","Pommel Strike"],"picked":"Clothesline","floor":13},{"not_picked":["Power Through","Rupture"],"picked":"True Grit","floor":14},{"not_picked":["Offering","Brutality"],"picked":"Immolate","floor":16},{"not_picked":["Thunderclap","Wild Strike"],"picked":"Shrug It Off","floor":18},{"not_picked":["Infernal Blade","Twin Strike"],"picked":"Headbutt","floor":19},{"not_picked":["Headbutt","Whirlwind"],"picked":"Seeing Red","floor":28},{"not_picked":["Clash","Blood for Blood"],"picked":"Dropkick+1","floor":29},{"not_picked":["Cleave","Clash"],"picked":"Pummel+1","floor":30},{"not_picked":["Limit Break","Juggernaut"],"picked":"Reaper","floor":33},{"not_picked":["Infernal Blade+1","Perfected Strike+1"],"picked":"Seeing Red+1","floor":35},{"not_picked":["Dual Wield+1","Sword Boomerang"],"picked":"Warcry","floor":36},{"not_picked":["Disarm+1","Blood for Blood"],"picked":"Warcry+1","floor":37},{"not_picked":["Pummel","Thunderclap"],"picked":"True Grit+1","floor":39},{"not_picked":["Uppercut","Twin Strike"],"picked":"Whirlwind+1","floor":40},{"not_picked":["Twin Strike+1","Whirlwind+1"],"picked":"Sentinel+1","floor":42},{"not_picked":["Clothesline+1","Thunderclap"],"picked":"Sever Soul+1","floor":45},{"not_picked":["Shrug It Off+1","Hemokinesis"],"picked":"Flame Barrier+1","floor":46},{"not_picked":["Bloodletting","Flame Barrier"],"picked":"Barricade","floor":47},{"not_picked":["True Grit","Anger","Sword Boomerang"],"picked":"Whirlwind+1","floor":48},{"not_picked":["Pummel+1","Clash","Flex+1"],"picked":"Corruption+1","floor":54}],"player_experience":1084593,"relics_obtained":[{"floor":7,"key":"Bird Faced Urn"},{"floor":9,"key":"Pen Nib"},{"floor":10,"key":"Bag of Marbles"},{"floor":14,"key":"Dead Branch"},{"floor":22,"key":"Necronomicon"},{"floor":26,"key":"Happy Flower"},{"floor":29,"key":"Blue Candle"},{"floor":37,"key":"Peace Pipe"},{"floor":40,"key":"Mercury Hourglass"},{"floor":45,"key":"Bag of Preparation"},{"floor":47,"key":"Question Card"},{"floor":54,"key":"Nunchaku"}],"event_choices":[{"damage_healed":0,"gold_gain":0,"player_choice":"Success","damage_taken":7,"relics_obtained":["Oddly Smooth Stone"],"max_hp_gain":0,"max_hp_loss":0,"event_name":"Scrap Ooze","floor":4,"gold_loss":0},{"damage_healed":0,"gold_gain":0,"player_choice":"Got Potions","damage_taken":0,"max_hp_gain":0,"max_hp_loss":0,"event_name":"Lab","floor":8,"gold_loss":0},{"damage_healed":0,"gold_gain":0,"player_choice":"Opened","damage_taken":0,"relics_obtained":["Kunai"],"max_hp_gain":0,"max_hp_loss":0,"event_name":"The Mausoleum","floor":21,"gold_loss":0},{"damage_healed":0,"gold_gain":0,"player_choice":"Obtained Book","damage_taken":16,"max_hp_gain":0,"max_hp_loss":0,"event_name":"Cursed Tome","floor":22,"gold_loss":0},{"damage_healed":0,"gold_gain":0,"player_choice":"Stole Relic","damage_taken":0,"relics_obtained":["Pear"],"max_hp_gain":0,"max_hp_loss":0,"event_name":"Addict","floor":24,"gold_loss":0,"cards_obtained":["Shame"]},{"damage_healed":0,"gold_gain":0,"player_choice":"Paid Fearfully","damage_taken":0,"max_hp_gain":0,"max_hp_loss":0,"event_name":"Masked Bandits","floor":25,"gold_loss":8},{"damage_healed":0,"gold_gain":0,"player_choice":"Inject Mutagens","damage_taken":0,"relics_obtained":["MutagenicStrength"],"max_hp_gain":0,"max_hp_loss":0,"event_name":"Drug Dealer","floor":31,"gold_loss":0},{"damage_healed":0,"gold_gain":0,"player_choice":"Fight","damage_taken":0,"max_hp_gain":0,"max_hp_loss":0,"event_name":"Mysterious Sphere","floor":37,"gold_loss":0},{"damage_healed":0,"gold_gain":0,"player_choice":"Paid","damage_taken":0,"relics_obtained":["Red Mask"],"max_hp_gain":0,"max_hp_loss":0,"event_name":"Tomb of Lord Red Mask","floor":41,"gold_loss":72},{"damage_healed":23,"gold_gain":0,"player_choice":"Writhe","damage_taken":0,"max_hp_gain":0,"max_hp_loss":0,"event_name":"Winding Halls","floor":44,"gold_loss":0,"cards_obtained":["Writhe"]}],"is_beta":false,"boss_relics":[{"not_picked":["Eternal Feather","Ectoplasm"],"picked":"Runic Pyramid"},{"not_picked":["Tiny House","Busted Crown"],"picked":"Lizard Tail"}],"items_purged_floors":[20],"is_endless":false,"potions_floor_spawned":[10,12,13,14,16,28,33,35,40,42,45,46,54],"ascension_level":11}