{"gold_per_floor":[109,61,61,71,18,53,69,397,397,397,412,423,423,423,423,423],"floor_reached":16,"playtime":860,"items_purged":[],"score":135,"play_id":"b3d1ae53-d513-4233-bfc9-ee22979858d0","local_time":"20190710211053","is_ascension_mode":false,"campfire_choices":[{"data":"Sucker Punch","floor":10,"key":"SMITH"},{"data":"Infinite Blades","floor":13,"key":"SMITH"},{"data":"Neutralize","floor":15,"key":"SMITH"}],"neow_cost":"NONE","seed_source_timestamp":20665604279420,"circlet_count":0,"master_deck":["Strike_G","Strike_G","Strike_G","Strike_G","Strike_G","Defend_G","Defend_G","Defend_G","Defend_G","Defend_G","Survivor","Neutralize+1","Slice","Sucker Punch+1","Decay","Backstab","Flying Knee","Backflip+1","Flying Knee","Finisher","Infinite Blades+1","Slice"],"relics":["Ring of the Snake","NeowsBlessing","Mummified Hand","Old Coin","Tough Bandages"],"potions_floor_usage":[8,16],"damage_taken":[{"damage":0,"enemies":"Jaw Worm","floor":1,"turns":1},{"damage":0,"enemies":"Cultist","floor":4,"turns":1},{"damage":0,"enemies":"3 Sentries","floor":6,"turns":1},{"damage":0,"enemies":"2 Louse","floor":7,"turns":2},{"damage":14,"enemies":"Gremlin Nob","floor":8,"turns":5},{"damage":10,"enemies":"Gremlin Gang","floor":11,"turns":4},{"damage":0,"enemies":"Large Slime","floor":12,"turns":5},{"damage":41,"enemies":"The Guardian","floor":16,"turns":7}],"seed_played":"-6364476575510124222","potions_obtained":[{"floor":4,"key":"Dexterity Potion"},{"floor":6,"key":"Energy Potion"},{"floor":12,"key":"Block Potion"}],"is_trial":false,"path_per_floor":["M","$","?","M","$","E","M","E","T","R","M","M","R","?","R","B"],"character_chosen":"THE_SILENT","items_purchased":["Sucker Punch","Flying Knee"],"campfire_rested":0,"item_purchase_floors":[2,5],"current_hp_per_floor":[70,70,70,70,70,70,70,56,56,56,46,46,46,46,46,5],"gold":423,"neow_bonus":"THREE_ENEMY_KILL","is_prod":false,"is_daily":false,"chose_seed":false,"campfire_upgraded":3,"win_rate":0.0,"timestamp":1562811053,"path_taken":["M","$","?","M","$","E","M","E","T","R","?","M","R","?","R","BOSS"],"build_version":"2019-07-05","purchased_purges":0,"victory":false,"max_hp_per_floor":[70,70,70,70,70,70,70,70,70,70,70,70,70,70,70,70],"card_choices":[{"not_picked":["All Out Attack","Dagger Throw"],"picked":"Slice","floor":1},{"not_picked":["Crippling Poison","Deadly Poison"],"picked":"Backstab","floor":4},{"not_picked":["Finisher","Escape Plan"],"picked":"Backflip","floor":6},{"not_picked":["Blade Dance","Poisoned Stab"],"picked":"Flying Knee","floor":7},{"not_picked":["Prepared","Heel Hook"],"picked":"Finisher","floor":8},{"not_picked":["Calculated Gamble","Dagger Throw"],"picked":"Infinite Blades","floor":11},{"not_picked":["Bane","Masterful Stab"],"picked":"Slice","floor":12}],"player_experience":89305,"relics_obtained":[{"floor":6,"key":"Mummified Hand"},{"floor":8,"key":"Old Coin"},{"floor":9,"key":"Tough Bandages"}],"event_choices":[{"damage_healed":0,"gold_gain":0,"player_choice":"Cursed","damage_taken":0,"max_hp_gain":0,"max_hp_loss":0,"event_name":"Wheel of Change","floor":3,"gold_loss":0,"cards_obtained":["Decay"]},{"damage_healed":0,"gold_gain":0,"player_choice":"Forge","damage_taken":0,"max_hp_gain":0,"max_hp_loss":0,"event_name":"Accursed Blacksmith","floor":14,"gold_loss":0,"cards_upgraded":["Backflip"]}],"is_beta":false,"boss_relics":[],"items_purged_floors":[],"is_endless":false,"potions_floor_spawned":[4,6,12],"killed_by":"The Guardian","ascension_level":0}