{"gold_per_floor":[114,131,131,17,192,202,16,16,16,44,61,90,90,151,151,251,251,265,265,355,365,419,419,518,36,108,108,136,136,136,167,167,263,263,282,1281,1281,1298,299,327,358,358,385,397,420,41,373,419,419,419],"floor_reached":51,"playtime":11921,"items_purged":["Regret","Strike_B","Normality"],"score":923,"play_id":"1ecdbf52-e7db-4fcc-8397-1d4cfc9608de","local_time":"20190720172907","is_ascension_mode":false,"campfire_choices":[{"data":"Lockon","floor":8,"key":"SMITH"},{"data":"Defragment","floor":13,"key":"SMITH"},{"data":"Hello World","floor":15,"key":"SMITH"},{"data":"Double Energy","floor":23,"key":"SMITH"},{"floor":27,"key":"REST"},{"data":"Seek","floor":32,"key":"SMITH"},{"data":"Defend_B","floor":42,"key":"PURGE"},{"data":"Defend_B","floor":44,"key":"PURGE"},{"data":"Static Discharge","floor":49,"key":"SMITH"}],"neow_cost":"NONE","seed_source_timestamp":16599969603762,"circlet_count":0,"master_deck":["Zap","Dualcast","Double Energy+1","Hello World+1","Reprogram","Double Energy+1","Self Repair","Lockon+1","Auto Shields+1","Defragment+1","Sweeping Beam","Lockon","Undo","Electrodynamics","Redo+1","Discovery","FTL","Seek+1","Static Discharge+1","Hologram+1","Double Energy+1","Defragment+1","Creative AI+1","Turbo+1","Coolheaded+1","Go for the Eyes+1","Melter+1","Machine Learning+1","Magnetism+1","Steam+1","Seek+1","Double Energy+1","Turbo+1","Biased Cognition+1","Capacitor+1","Leap+1","Cold Snap+1","Double Energy+1"],"relics":["Cracked Core","Dream Catcher","Omamori","Pantograph","Ancient Tea Set","Strawberry","Pen Nib","Empty Cage","Lantern","HandDrill","Molten Egg 2","Toxic Egg 2","Enchiridion","WingedGreaves","Frozen Egg 2","Astrolabe","Thread and Needle","DollysMirror","Oddly Smooth Stone","Peace Pipe","MawBank","War Paint","Old Coin","Potion Belt"],"potions_floor_usage":[10,31,33,40,41,41,45,50],"damage_taken":[{"damage":11,"enemies":"Jaw Worm","floor":1,"turns":4},{"damage":2,"enemies":"Small Slimes","floor":2,"turns":3},{"damage":0,"enemies":"2 Louse","floor":6,"turns":3},{"damage":11,"enemies":"Lagavulin","floor":10,"turns":6},{"damage":0,"enemies":"Looter","floor":11,"turns":3},{"damage":20,"enemies":"3 Sentries","floor":12,"turns":7},{"damage":7,"enemies":"3 Sentries","floor":14,"turns":6},{"damage":38,"enemies":"Hexaghost","floor":16,"turns":9},{"damage":0,"enemies":"Shell Parasite","floor":18,"turns":6},{"damage":5,"enemies":"Chosen","floor":21,"turns":4},{"damage":0,"enemies":"Gremlin Leader","floor":28,"turns":4},{"damage":17,"enemies":"Book of Stabbing","floor":31,"turns":4},{"damage":49,"enemies":"Champ","floor":33,"turns":9},{"damage":3,"enemies":"3 Shapes","floor":35,"turns":2},{"damage":0,"enemies":"3 Darklings","floor":38,"turns":3},{"damage":23,"enemies":"Giant Head","floor":40,"turns":7},{"damage":0,"enemies":"Reptomancer","floor":41,"turns":4},{"damage":8,"enemies":"4 Shapes","floor":45,"turns":2},{"damage":2,"enemies":"Giant Head","floor":47,"turns":8},{"damage":10,"enemies":"Donu and Deca","floor":50,"turns":6}],"seed_played":"-333927429672991957","potions_obtained":[{"floor":6,"key":"Poison Potion"},{"floor":11,"key":"Dexterity Potion"},{"floor":14,"key":"SkillPotion"},{"floor":16,"key":"SpeedPotion"},{"floor":18,"key":"Fire Potion"},{"floor":33,"key":"Block Potion"},{"floor":35,"key":"Energy Potion"},{"floor":40,"key":"Block Potion"},{"floor":41,"key":"EssenceOfSteel"},{"floor":47,"key":"Energy Potion"}],"is_trial":false,"path_per_floor":["M","M","?","$","?","M","$","R","T","E","M","E","R","?","R","B",null,"M","?","?","M","T","R","?","$","T","R","E","?","T","E","R","B",null,"M","?","?","M","$","E","E","R","T","R","M","$","E","T","R","B",null],"character_chosen":"DEFECT","items_purchased":["Reprogram","Self Repair","Lockon","Auto Shields","Seek","HandDrill","Static Discharge","Thread and Needle","Machine Learning+1","Magnetism+1","Steam+1","DollysMirror","Capacitor+1","War Paint","Leap+1","Cold Snap+1","Weak Potion","AttackPotion"],"campfire_rested":1,"item_purchase_floors":[4,7,7,7,25,25,25,39,39,39,39,39,46,46,46,46,46,46],"current_hp_per_floor":[64,62,62,62,62,62,62,62,62,58,65,59,59,59,59,51,82,82,66,42,37,37,37,37,37,37,63,70,54,54,44,44,27,87,87,87,97,97,97,81,88,88,88,88,87,87,92,92,92,94],"gold":419,"neow_bonus":"RANDOM_COMMON_RELIC","is_prod":false,"is_daily":false,"chose_seed":false,"campfire_upgraded":6,"win_rate":0.0,"timestamp":1563636547,"path_taken":["M","M","?","$","?","M","?","R","T","E","M","E","R","?","R","BOSS","M","?","?","?","?","R","?","$","T","R","E","?","?","E","R","BOSS","M","?","?","?","$","E","E","R","T","R","M","$","E","?","R","BOSS"],"build_version":"2019-07-05","purchased_purges":3,"victory":true,"max_hp_per_floor":[75,75,75,75,75,75,75,75,75,75,75,82,82,82,82,82,82,82,87,87,87,87,87,87,87,87,87,87,87,87,87,87,87,87,87,87,97,97,97,97,97,97,97,97,97,97,97,97,97,97],"card_choices":[{"not_picked":["Gash","Turbo"],"picked":"Double Energy","floor":1},{"not_picked":["Steam","Hologram"],"picked":"Hello World","floor":2},{"not_picked":["Streamline","Go for the Eyes"],"picked":"Double Energy","floor":6},{"not_picked":["Coolheaded","Fission"],"picked":"Defragment","floor":10},{"not_picked":["Leap","Reprogram"],"picked":"Sweeping Beam","floor":11},{"not_picked":["Sweeping Beam","Darkness"],"picked":"Lockon","floor":12},{"not_picked":["Sweeping Beam","Go for the Eyes"],"picked":"Undo","floor":14},{"not_picked":["Rainbow","Creative AI"],"picked":"Electrodynamics","floor":16},{"not_picked":["Storm","Genetic Algorithm+1"],"picked":"Redo+1","floor":18},{"not_picked":["Fusion","Blizzard"],"picked":"FTL","floor":21},{"not_picked":["Fusion","Steam"],"picked":"Hologram+1","floor":27},{"not_picked":["Ball Lightning+1","Gash+1"],"picked":"Double Energy","floor":28},{"not_picked":["Beam Cell+1","Leap+1"],"picked":"Defragment","floor":31},{"not_picked":["Biased Cognition+1","Rainbow+1"],"picked":"Creative AI+1","floor":33},{"not_picked":["Leap+1","Ball Lightning+1"],"picked":"Go for the Eyes+1","floor":35},{"not_picked":["Redo+1","Coolheaded+1"],"picked":"Melter+1","floor":38},{"not_picked":["Lockon+1","Chaos+1"],"picked":"Double Energy+1","floor":40},{"not_picked":["Leap+1","Cold Snap+1"],"picked":"Turbo+1","floor":41},{"not_picked":["Beam Cell+1","Doom and Gloom+1"],"picked":"Biased Cognition+1","floor":45},{"not_picked":["Hologram+1","Barrage+1"],"picked":"Double Energy+1","floor":47}],"player_experience":31105,"relics_obtained":[{"floor":9,"key":"Pantograph"},{"floor":10,"key":"Ancient Tea Set"},{"floor":12,"key":"Strawberry"},{"floor":14,"key":"Pen Nib"},{"floor":22,"key":"Lantern"},{"floor":26,"key":"Molten Egg 2"},{"floor":28,"key":"Toxic Egg 2"},{"floor":29,"key":"Enchiridion"},{"floor":30,"key":"WingedGreaves"},{"floor":31,"key":"Frozen Egg 2"},{"floor":40,"key":"Oddly Smooth Stone"},{"floor":41,"key":"Peace Pipe"},{"floor":43,"key":"MawBank"},{"floor":47,"key":"Old Coin"},{"floor":48,"key":"Potion Belt"}],"event_choices":[{"damage_healed":0,"gold_gain":0,"player_choice":"Box","damage_taken":0,"relics_obtained":["Omamori"],"max_hp_gain":0,"max_hp_loss":0,"event_name":"Big Fish","floor":3,"gold_loss":0,"cards_obtained":["Regret"]},{"damage_healed":0,"gold_gain":175,"player_choice":"AGREE","damage_taken":0,"max_hp_gain":0,"max_hp_loss":0,"event_name":"Liars Game","floor":5,"gold_loss":0,"cards_obtained":["Doubt"]},{"damage_healed":0,"gold_gain":0,"player_choice":"Searched \u00272\u0027 times","damage_taken":0,"max_hp_gain":0,"max_hp_loss":0,"event_name":"Dead Adventurer","floor":14,"gold_loss":0},{"damage_healed":0,"gold_gain":0,"player_choice":"Shed Blood","damage_taken":21,"max_hp_gain":5,"max_hp_loss":0,"event_name":"Forgotten Altar","floor":19,"gold_loss":0},{"damage_healed":0,"gold_gain":90,"player_choice":"CARD GOLD ","damage_taken":24,"max_hp_gain":0,"max_hp_loss":0,"event_name":"Knowing Skull","floor":20,"potions_obtained":[],"gold_loss":0,"cards_obtained":["Discovery"]},{"damage_healed":0,"gold_gain":99,"player_choice":"Stole From Cult","damage_taken":0,"max_hp_gain":0,"max_hp_loss":0,"event_name":"Nest","floor":24,"gold_loss":0},{"damage_healed":0,"gold_gain":0,"player_choice":"Obtained Book","damage_taken":16,"max_hp_gain":0,"max_hp_loss":0,"event_name":"Cursed Tome","floor":29,"gold_loss":0},{"damage_healed":0,"gold_gain":999,"player_choice":"Gold","damage_taken":0,"max_hp_gain":0,"max_hp_loss":0,"event_name":"MindBloom","floor":36,"gold_loss":0,"cards_obtained":["Normality","Normality"]},{"cards_removed":["All For One"],"damage_healed":0,"gold_gain":0,"player_choice":"Offered Rare","damage_taken":0,"max_hp_gain":10,"max_hp_loss":0,"event_name":"Bonfire Elementals","floor":37,"gold_loss":0}],"is_beta":false,"boss_relics":[{"not_picked":["White Beast Statue","Busted Crown"],"picked":"Empty Cage"},{"not_picked":["Snecko Eye","Lizard Tail"],"picked":"Astrolabe"}],"items_purged_floors":[4,25,39],"is_endless":false,"potions_floor_spawned":[6,11,14,16,18,21,33,35,40,41,47],"ascension_level":0}