{"gold_per_floor":[209,223,236,311,328,361,361,386,386,400,420,420,440,457,457,552,602,622,7,19,19,19,54,69,104,172,172],"floor_reached":27,"playtime":1783,"items_purged":["Strike_R"],"score":317,"play_id":"c503a2d2-5746-4e33-b055-563f95f19f0e","local_time":"20190717203956","is_ascension_mode":false,"campfire_choices":[{"data":"Flex","floor":12,"key":"SMITH"},{"data":"Battle Trance","floor":15,"key":"SMITH"}],"neow_cost":"NONE","seed_source_timestamp":245068665062606,"circlet_count":0,"master_deck":["Strike_R","Strike_R","Strike_R","Strike_R","Defend_R","Defend_R","Defend_R","Defend_R","Bash","Heavy Blade","Heavy Blade+1","Flex+1","Heavy Blade","Battle Trance+1","Shrug It Off","Rampage","Heavy Blade","Shrug It Off","Brutality","Inflame","Warcry","Demon Form","Battle Trance+1"],"relics":["Burning Blood","Happy Flower","Pen Nib","Mercury Hourglass","Tiny House","Lee\u0027s Waffle","Lantern","Bag of Preparation","Champion Belt","Bag of Marbles","Pantograph"],"potions_floor_usage":[6,14,16,16,18,23,23,27],"damage_taken":[{"damage":11,"enemies":"Jaw Worm","floor":1,"turns":6},{"damage":12,"enemies":"2 Louse","floor":2,"turns":4},{"damage":1,"enemies":"Cultist","floor":3,"turns":4},{"damage":13,"enemies":"Large Slime","floor":5,"turns":6},{"damage":21,"enemies":"3 Sentries","floor":6,"turns":6},{"damage":44,"enemies":"Lagavulin","floor":8,"turns":6},{"damage":0,"enemies":"Blue Slaver","floor":10,"turns":3},{"damage":0,"enemies":"3 Louse","floor":11,"turns":2},{"damage":15,"enemies":"Exordium Thugs","floor":13,"turns":3},{"damage":0,"enemies":"Large Slime","floor":14,"turns":3},{"damage":46,"enemies":"Hexaghost","floor":16,"turns":8},{"damage":30,"enemies":"3 Byrds","floor":18,"turns":5},{"damage":13,"enemies":"Shell Parasite","floor":20,"turns":4},{"damage":10,"enemies":"Gremlin Leader","floor":23,"turns":4},{"damage":11,"enemies":"Snake Plant","floor":24,"turns":4},{"damage":39,"enemies":"Book of Stabbing","floor":25,"turns":4},{"damage":43,"enemies":"Slavers","floor":27,"turns":4}],"seed_played":"2903674652718927872","potions_obtained":[{"floor":3,"key":"Explosive Potion"},{"floor":6,"key":"Regen Potion"},{"floor":10,"key":"BloodPotion"},{"floor":13,"key":"LiquidBronze"},{"floor":16,"key":"PowerPotion"},{"floor":17,"key":"Block Potion"},{"floor":18,"key":"Fire Potion"},{"floor":24,"key":"FearPotion"}],"is_trial":false,"path_per_floor":["M","M","M","?","M","E","?","E","T","M","M","R","M","M","R","B",null,"M","$","M","?","?","E","M","E","T","E"],"character_chosen":"IRONCLAD","items_purchased":["Lee\u0027s Waffle","Lantern","Bag of Preparation","Warcry"],"campfire_rested":0,"item_purchase_floors":[19,19,19,19],"current_hp_per_floor":[75,69,74,63,56,41,80,42,42,48,54,54,45,71,71,46,85,61,92,85,85,85,81,76,43,43,0],"gold":172,"neow_bonus":"HUNDRED_GOLD","is_prod":false,"is_daily":false,"chose_seed":false,"campfire_upgraded":2,"win_rate":0,"timestamp":1563410396,"path_taken":["M","M","M","?","M","E","?","E","T","M","M","R","?","M","R","BOSS","M","$","M","?","?","E","M","E","T","E"],"build_version":"2019-07-05","purchased_purges":1,"victory":false,"max_hp_per_floor":[80,80,80,80,80,80,80,80,80,80,80,80,80,80,80,80,85,85,92,92,92,92,92,92,92,92,92],"card_choices":[{"not_picked":["Twin Strike","Ghostly Armor"],"picked":"Heavy Blade","floor":1},{"not_picked":["Entrench","Seeing Red"],"picked":"Heavy Blade","floor":2},{"not_picked":["Cleave","Anger"],"picked":"Flex","floor":3},{"not_picked":["Dark Embrace","Cleave"],"picked":"Heavy Blade","floor":5},{"not_picked":["Iron Wave","True Grit"],"picked":"Battle Trance","floor":6},{"not_picked":["Fire Breathing","Seeing Red"],"picked":"Shrug It Off","floor":8},{"not_picked":["Thunderclap","Flex"],"picked":"Rampage","floor":10},{"not_picked":["Headbutt","Perfected Strike"],"picked":"Heavy Blade","floor":11},{"not_picked":["Headbutt","Sword Boomerang"],"picked":"Shrug It Off","floor":13},{"not_picked":["Iron Wave","Sever Soul","Whirlwind"],"picked":"SKIP","floor":14},{"not_picked":["Dark Embrace","Juggernaut"],"picked":"Brutality","floor":16},{"not_picked":["Pommel Strike","Heavy Blade"],"picked":"Inflame","floor":17},{"not_picked":["Heavy Blade","Clash","Body Slam"],"picked":"SKIP","floor":18},{"not_picked":["Body Slam","Thunderclap","Heavy Blade"],"picked":"SKIP","floor":20},{"not_picked":["Rupture+1","Infernal Blade","Body Slam"],"picked":"SKIP","floor":23},{"not_picked":["Battle Trance","Armaments+1"],"picked":"Demon Form","floor":24},{"not_picked":["Clothesline","Anger"],"picked":"Battle Trance+1","floor":25}],"player_experience":12018,"relics_obtained":[{"floor":6,"key":"Happy Flower"},{"floor":8,"key":"Pen Nib"},{"floor":9,"key":"Mercury Hourglass"},{"floor":23,"key":"Champion Belt"},{"floor":25,"key":"Bag of Marbles"},{"floor":26,"key":"Pantograph"}],"event_choices":[{"damage_healed":0,"gold_gain":75,"player_choice":"Gather Gold","damage_taken":11,"max_hp_gain":0,"max_hp_loss":0,"event_name":"World of Goop","floor":4,"gold_loss":0},{"damage_healed":39,"gold_gain":0,"player_choice":"Full Heal","damage_taken":0,"max_hp_gain":0,"max_hp_loss":0,"event_name":"Wheel of Change","floor":7,"gold_loss":0},{"damage_healed":0,"gold_gain":0,"player_choice":"Ignored","damage_taken":0,"max_hp_gain":0,"max_hp_loss":0,"event_name":"The Mausoleum","floor":22,"gold_loss":0}],"is_beta":false,"boss_relics":[{"not_picked":["Velvet Choker","Coffee Dripper"],"picked":"Tiny House"}],"items_purged_floors":[19],"is_endless":false,"potions_floor_spawned":[3,6,10,13,16,18,24],"killed_by":"Slavers","ascension_level":0}