{"gold_per_floor":[117,129,229,249,29,29,60,60,86,101,118,128,147,226,226,321,321,340,34,34,34,50,50,50,50,75,86,38,51,51,61,61,61],"floor_reached":33,"playtime":5302,"items_purged":["Strike_R","Strike_R"],"score":249,"play_id":"e23a11b0-94d7-4bd6-8dd8-69fa742c224a","local_time":"20190707013338","is_ascension_mode":false,"campfire_choices":[{"data":"Armaments","floor":6,"key":"SMITH"},{"data":"Deep Breath","floor":8,"key":"SMITH"},{"floor":15,"key":"REST"},{"floor":23,"key":"REST"},{"floor":25,"key":"REST"},{"floor":30,"key":"REST"},{"floor":32,"key":"REST"}],"neow_cost":"","seed_source_timestamp":35138103409349,"circlet_count":0,"master_deck":["Strike_R+1","Strike_R+1","Strike_R+1","Defend_R+1","Defend_R+1","Defend_R+1","Defend_R+1","Bash","Pommel Strike","Cleave+1","Headbutt","Deep Breath+1","Armaments+1","Metallicize","Cleave+1","Anger","Double Tap","Pommel Strike+1","Anger","RitualDagger","Anger","Clash+1","Bloodletting"],"relics":["Burning Blood","Potion Belt","Bronze Scales","Bottled Tornado","Fusion Hammer","Lantern","Whetstone"],"potions_floor_usage":[7],"damage_taken":[{"damage":11,"enemies":"Jaw Worm","floor":1,"turns":5},{"damage":1,"enemies":"Cultist","floor":2,"turns":4},{"damage":7,"enemies":"Small Slimes","floor":4,"turns":3},{"damage":21,"enemies":"Lagavulin","floor":7,"turns":6},{"damage":0,"enemies":"Looter","floor":10,"turns":3},{"damage":16,"enemies":"Large Slime","floor":11,"turns":6},{"damage":8,"enemies":"Exordium Wildlife","floor":12,"turns":4},{"damage":3,"enemies":"Red Slaver","floor":13,"turns":4},{"damage":70,"enemies":"The Guardian","floor":16,"turns":10},{"damage":1,"enemies":"Chosen","floor":18,"turns":4},{"damage":0,"enemies":"Spheric Guardian","floor":22,"turns":3},{"damage":15,"enemies":"Shelled Parasite and Fungi","floor":27,"turns":4},{"damage":23,"enemies":"Centurion and Healer","floor":29,"turns":3},{"damage":18,"enemies":"Snake Plant","floor":31,"turns":2},{"damage":98,"enemies":"Champ","floor":33,"turns":9}],"seed_played":"1481578103061009884","potions_obtained":[{"floor":2,"key":"Swift Potion"},{"floor":4,"key":"Fire Potion"},{"floor":10,"key":"Fire Potion"},{"floor":12,"key":"Dexterity Potion"},{"floor":22,"key":"BloodPotion"}],"is_trial":false,"path_per_floor":["M","M","?","M","$","R","E","R","T","M","M","M","M","T","R","B",null,"M","$","?","?","M","R","?","R","T","M","$","M","R","M","R","B"],"character_chosen":"IRONCLAD","items_purchased":["Deep Breath","Armaments","Lantern","Anger","Anger"],"campfire_rested":5,"item_purchase_floors":[5,5,19,19,28],"current_hp_per_floor":[75,80,80,79,79,79,64,64,64,70,60,58,61,61,80,16,80,80,80,74,74,80,80,80,80,80,71,71,54,78,66,80,0],"gold":61,"neow_bonus":"","is_prod":false,"is_daily":false,"chose_seed":false,"campfire_upgraded":2,"win_rate":0.0,"timestamp":1562481218,"path_taken":["M","M","?","M","$","R","E","R","T","M","?","M","M","?","R","BOSS","M","?","?","?","M","R","?","R","T","M","?","M","R","M","R","BOSS"],"build_version":"2019-07-05","purchased_purges":2,"victory":false,"max_hp_per_floor":[80,80,80,80,80,80,80,80,80,80,80,80,80,80,80,80,80,80,80,80,80,80,80,80,80,80,80,80,80,80,80,80,80],"card_choices":[{"not_picked":["Seeing Red","Dropkick"],"picked":"Pommel Strike","floor":1},{"not_picked":["Ghostly Armor","Thunderclap"],"picked":"Cleave","floor":2},{"not_picked":["Flex","Body Slam"],"picked":"Headbutt","floor":4},{"not_picked":["Pummel","Clash","Armaments"],"picked":"SKIP","floor":7},{"not_picked":["Perfected Strike","Headbutt","Barricade"],"picked":"SKIP","floor":10},{"not_picked":["Pommel Strike","Twin Strike"],"picked":"Metallicize","floor":11},{"not_picked":["Flex","Reckless Charge"],"picked":"Cleave","floor":12},{"not_picked":["Armaments","Sword Boomerang"],"picked":"Anger","floor":13},{"not_picked":["Impervious","Berserk"],"picked":"Double Tap","floor":16},{"not_picked":["Headbutt","Twin Strike"],"picked":"Pommel Strike+1","floor":18},{"not_picked":["Warcry","Blood for Blood","Sword Boomerang+1"],"picked":"SKIP","floor":22},{"not_picked":["True Grit+1","Warcry","Clothesline"],"picked":"SKIP","floor":27},{"not_picked":["Body Slam","Headbutt"],"picked":"Clash+1","floor":29},{"not_picked":["Anger","Pommel Strike"],"picked":"Bloodletting","floor":31}],"player_experience":0,"relics_obtained":[{"floor":7,"key":"Potion Belt"},{"floor":9,"key":"Bronze Scales"},{"floor":14,"key":"Bottled Tornado"},{"floor":26,"key":"Whetstone"}],"event_choices":[{"damage_healed":0,"gold_gain":100,"player_choice":"Pray","damage_taken":0,"max_hp_gain":0,"max_hp_loss":0,"event_name":"Golden Shrine","floor":3,"gold_loss":0},{"damage_healed":0,"gold_gain":0,"player_choice":"Joined the Cult","damage_taken":6,"max_hp_gain":0,"max_hp_loss":0,"event_name":"Nest","floor":20,"gold_loss":0,"cards_obtained":["RitualDagger"]},{"damage_healed":0,"gold_gain":0,"player_choice":"Simplicity","damage_taken":0,"max_hp_gain":0,"max_hp_loss":0,"event_name":"Back to Basics","floor":21,"gold_loss":0,"cards_upgraded":["Strike_R","Strike_R","Strike_R","Defend_R","Defend_R","Defend_R","Defend_R"]},{"damage_healed":0,"gold_gain":0,"player_choice":"Ignored","damage_taken":0,"max_hp_gain":0,"max_hp_loss":0,"event_name":"Ghosts","floor":24,"gold_loss":0}],"is_beta":false,"boss_relics":[{"not_picked":["Runic Dome","Eternal Feather"],"picked":"Fusion Hammer"}],"items_purged_floors":[5,19],"is_endless":false,"potions_floor_spawned":[2,4,10,12,22],"killed_by":"Champ","ascension_level":0}