{"gold_per_floor":[113,113,113,132,151,151,168,168,168,168,43,43,43,59,59,59],"floor_reached":16,"playtime":626,"items_purged":["Strike_G"],"score":95,"play_id":"61d99f64-bfad-456d-a499-1d97bc5d87d1","local_time":"20190715021248","is_ascension_mode":true,"campfire_choices":[{"data":"Neutralize","floor":6,"key":"SMITH"},{"data":"Slice","floor":8,"key":"SMITH"},{"data":"Deflect","floor":13,"key":"SMITH"},{"data":"Flying Knee","floor":15,"key":"SMITH"}],"neow_cost":"NONE","seed_source_timestamp":34543886357419,"circlet_count":0,"master_deck":["Strike_G","Strike_G","Strike_G","Defend_G","Defend_G","Defend_G","Defend_G","Survivor","Neutralize+1","Slice+1","Backflip","Deflect+1","Underhanded Strike","Sucker Punch+1","Flying Knee+1"],"relics":["Ring of the Snake","NeowsBlessing","Matryoshka"],"potions_floor_usage":[16,16,16],"damage_taken":[{"damage":0,"enemies":"Cultist","floor":1,"turns":1},{"damage":0,"enemies":"2 Louse","floor":4,"turns":1},{"damage":0,"enemies":"Jaw Worm","floor":5,"turns":1},{"damage":2,"enemies":"Blue Slaver","floor":7,"turns":4},{"damage":8,"enemies":"Large Slime","floor":14,"turns":7},{"damage":60,"enemies":"Hexaghost","floor":16,"turns":15}],"seed_played":"-5605015982276740861","potions_obtained":[{"floor":4,"key":"LiquidBronze"},{"floor":7,"key":"Poison Potion"},{"floor":14,"key":"Fruit Juice"}],"is_trial":false,"path_per_floor":["M","?","?","M","M","R","M","R","T","?","$","?","R","M","R","B"],"character_chosen":"THE_SILENT","items_purchased":["Sucker Punch"],"campfire_rested":0,"item_purchase_floors":[11],"current_hp_per_floor":[70,70,63,63,63,63,61,61,61,61,61,61,61,53,53,0],"gold":59,"neow_bonus":"THREE_ENEMY_KILL","is_prod":false,"is_daily":false,"chose_seed":false,"campfire_upgraded":4,"win_rate":0,"timestamp":1563174768,"path_taken":["M","?","?","M","M","R","M","R","T","?","?","?","R","?","R","BOSS"],"build_version":"2019-07-05","purchased_purges":1,"victory":false,"max_hp_per_floor":[70,70,70,70,70,70,70,70,70,70,70,70,70,70,70,75],"card_choices":[{"not_picked":["Dagger Spray","Underhanded Strike"],"picked":"Slice","floor":1},{"not_picked":["Poisoned Stab","Blade Dance"],"picked":"Backflip","floor":4},{"not_picked":["Dodge and Roll","Bane"],"picked":"Deflect","floor":5},{"not_picked":["Calculated Gamble","Eviscerate"],"picked":"Underhanded Strike","floor":7},{"not_picked":["Expertise","Deadly Poison"],"picked":"Flying Knee","floor":14}],"player_experience":156930,"relics_obtained":[{"floor":9,"key":"Matryoshka"}],"event_choices":[{"damage_healed":0,"gold_gain":0,"player_choice":"Ignored","damage_taken":0,"max_hp_gain":0,"max_hp_loss":0,"event_name":"Liars Game","floor":2,"gold_loss":0},{"cards_removed":["Strike_G"],"damage_healed":0,"gold_gain":0,"player_choice":"Card Removal","damage_taken":7,"max_hp_gain":0,"max_hp_loss":0,"event_name":"Golden Wing","floor":3,"gold_loss":0},{"cards_removed":["Defend_G"],"damage_healed":0,"gold_gain":0,"player_choice":"Forget","damage_taken":0,"max_hp_gain":0,"max_hp_loss":0,"event_name":"Living Wall","floor":10,"gold_loss":0},{"damage_healed":0,"gold_gain":0,"player_choice":"Forge","damage_taken":0,"max_hp_gain":0,"max_hp_loss":0,"event_name":"Accursed Blacksmith","floor":12,"gold_loss":0,"cards_upgraded":["Sucker Punch"]}],"is_beta":false,"boss_relics":[],"items_purged_floors":[11],"is_endless":false,"potions_floor_spawned":[4,7,14],"killed_by":"Hexaghost","ascension_level":1}