{"gold_per_floor":[116,129,48,58,70,70,101,101,126,143,143,143,170,180,180,276,276,266,266,48,48,59,59,93,108,190,47,47,67,67,78,78,183,183,199,214,234,234,234,234,244,262,287,287,287,297,197,232,232,232],"floor_reached":50,"playtime":2009,"items_purged":["Strike_G","Strike_G"],"score":609,"play_id":"34604ea3-1f68-40b2-b5ef-fa29cb1f59eb","local_time":"20190720214149","is_ascension_mode":false,"campfire_choices":[{"data":"Noxious Fumes","floor":6,"key":"SMITH"},{"data":"Envenom","floor":8,"key":"SMITH"},{"data":"Catalyst","floor":12,"key":"SMITH"},{"floor":15,"key":"REST"},{"floor":23,"key":"REST"},{"floor":32,"key":"REST"},{"floor":44,"key":"REST"},{"floor":49,"key":"REST"}],"neow_cost":"NONE","seed_source_timestamp":507762478127557,"circlet_count":0,"master_deck":["Strike_G","Strike_G","Strike_G","Defend_G","Defend_G","Defend_G","Defend_G","Defend_G","Survivor","Neutralize","Poisoned Stab","Quick Slash","Catalyst+1","Noxious Fumes+1","Envenom+1","Prepared","Noxious Fumes","Envenom","Noxious Fumes","Ghostly","Ghostly","Ghostly","Ghostly","Ghostly","Corpse Explosion","Noxious Fumes"],"relics":["Ring of the Serpent","NeowsBlessing","Strawberry","Bronze Scales","Omamori","Fusion Hammer","Happy Flower","Anchor","Darkstone Periapt","Regal Pillow","Paper Crane","Snake Skull","Prayer Wheel","Juzu Bracelet"],"potions_floor_usage":[7,7,13,14,29,33,40,41,50,50,50],"damage_taken":[{"damage":0,"enemies":"Jaw Worm","floor":1,"turns":1},{"damage":0,"enemies":"2 Louse","floor":2,"turns":1},{"damage":0,"enemies":"Small Slimes","floor":4,"turns":1},{"damage":1,"enemies":"2 Fungi Beasts","floor":5,"turns":4},{"damage":18,"enemies":"Lagavulin","floor":7,"turns":5},{"damage":5,"enemies":"Looter","floor":10,"turns":3},{"damage":10,"enemies":"Gremlin Nob","floor":13,"turns":3},{"damage":23,"enemies":"Gremlin Gang","floor":14,"turns":4},{"damage":21,"enemies":"Slime Boss","floor":16,"turns":9},{"damage":14,"enemies":"2 Thieves","floor":18,"turns":4},{"damage":3,"enemies":"Shell Parasite","floor":22,"turns":5},{"damage":1,"enemies":"Gremlin Leader","floor":24,"turns":6},{"damage":2,"enemies":"Centurion and Healer","floor":25,"turns":7},{"damage":3,"enemies":"Snecko","floor":29,"turns":6},{"damage":1,"enemies":"Chosen and Byrds","floor":31,"turns":5},{"damage":7,"enemies":"Automaton","floor":33,"turns":8},{"damage":0,"enemies":"3 Shapes","floor":35,"turns":3},{"damage":2,"enemies":"Orb Walker","floor":36,"turns":4},{"damage":4,"enemies":"Writhing Mass","floor":37,"turns":5},{"damage":0,"enemies":"Reptomancer","floor":40,"turns":1},{"damage":3,"enemies":"Maw","floor":41,"turns":6},{"damage":0,"enemies":"Jaw Worm Horde","floor":42,"turns":4},{"damage":0,"enemies":"Transient","floor":46,"turns":5},{"damage":12,"enemies":"Nemesis","floor":48,"turns":7},{"damage":42,"enemies":"Time Eater","floor":50,"turns":11}],"seed_played":"-5778689569372936874","potions_obtained":[{"floor":2,"key":"Ancient Potion"},{"floor":5,"key":"PowerPotion"},{"floor":7,"key":"SpeedPotion"},{"floor":10,"key":"SkillPotion"},{"floor":16,"key":"SpeedPotion"},{"floor":22,"key":"Fire Potion"},{"floor":24,"key":"SmokeBomb"},{"floor":31,"key":"GhostInAJar"},{"floor":36,"key":"GamblersBrew"},{"floor":41,"key":"SteroidPotion"},{"floor":48,"key":"SpeedPotion"}],"is_trial":false,"path_per_floor":["M","M","$","M","M","R","E","R","T","M","?","R","E","M","R","B",null,"M","?","$","?","M","R","E","M","T","$","?","M","T","M","R","B",null,"M","M","M","?","?","E","M","M","T","R","T","M","$","E","R","B"],"character_chosen":"THE_SILENT","items_purchased":["Catalyst","Happy Flower","Regal Pillow"],"campfire_rested":5,"item_purchase_floors":[3,20,27],"current_hp_per_floor":[70,70,70,70,69,69,58,58,58,53,58,58,48,25,49,28,82,68,68,68,41,38,41,40,38,38,38,38,35,35,34,41,34,41,41,39,35,35,31,31,28,28,28,41,41,41,41,29,41,0],"gold":232,"neow_bonus":"THREE_ENEMY_KILL","is_prod":false,"is_daily":false,"chose_seed":false,"campfire_upgraded":3,"win_rate":0.0,"timestamp":1563673309,"path_taken":["M","M","$","M","M","R","E","R","T","M","?","R","E","M","R","BOSS","M","?","$","?","M","R","E","M","T","$","?","M","?","M","R","BOSS","M","?","M","?","?","E","M","?","T","R","?","M","$","E","R","BOSS"],"build_version":"2019-07-17","purchased_purges":2,"victory":false,"max_hp_per_floor":[70,70,70,70,70,70,77,77,77,77,82,82,82,82,82,82,82,82,82,82,41,41,41,41,41,41,41,41,41,41,41,41,41,41,41,41,41,41,41,41,41,41,41,41,41,41,41,41,41,41],"card_choices":[{"not_picked":["Blade Dance","Flying Knee"],"picked":"Poisoned Stab","floor":1},{"not_picked":["Eviscerate","Cloak And Dagger"],"picked":"Quick Slash","floor":2},{"not_picked":["Finisher","PiercingWail"],"picked":"Noxious Fumes","floor":4},{"not_picked":["Outmaneuver","Flechettes","Dagger Spray"],"picked":"SKIP","floor":5},{"not_picked":["Die Die Die","Dagger Spray"],"picked":"Envenom","floor":7},{"not_picked":["Slice","Flying Knee"],"picked":"Prepared","floor":10},{"not_picked":["Slice","Choke"],"picked":"Noxious Fumes","floor":13},{"not_picked":["Doppelganger","Accuracy","Eviscerate"],"picked":"SKIP","floor":14},{"not_picked":["Tools of the Trade","Die Die Die"],"picked":"Envenom","floor":16},{"not_picked":["Slice","Riddle With Holes+1","Underhanded Strike+1"],"picked":"SKIP","floor":18},{"not_picked":["Terror","Underhanded Strike","Quick Slash"],"picked":"SKIP","floor":22},{"not_picked":["Cloak And Dagger","Slice","Predator"],"picked":"SKIP","floor":24},{"not_picked":["Flying Knee","PiercingWail","Cloak And Dagger"],"picked":"SKIP","floor":25},{"not_picked":["Underhanded Strike","Dodge and Roll","Expertise+1"],"picked":"SKIP","floor":29},{"not_picked":["Accuracy+1","Distraction","Reflex"],"picked":"SKIP","floor":31},{"not_picked":["A Thousand Cuts","Envenom"],"picked":"Corpse Explosion","floor":33},{"not_picked":["Dagger Spray+1","Bane","Escape Plan+1"],"picked":"SKIP","floor":35},{"not_picked":["Outmaneuver","Skewer+1","Deflect+1"],"picked":"SKIP","floor":36},{"not_picked":["Bane","Heel Hook+1","Backflip+1"],"picked":"SKIP","floor":37},{"not_picked":["Underhanded Strike","PiercingWail","Flying Knee"],"picked":"SKIP","floor":41},{"not_picked":["PiercingWail","Blade Dance+1","Acrobatics"],"picked":"SKIP","floor":42},{"not_picked":["Slice","Blade Dance","Distraction+1"],"picked":"SKIP","floor":46},{"not_picked":["Predator+1","Dagger Spray","Crippling Poison"],"picked":"SKIP","floor":46},{"not_picked":["Backflip+1","Heel Hook"],"picked":"Noxious Fumes","floor":48}],"player_experience":57343,"relics_obtained":[{"floor":7,"key":"Strawberry"},{"floor":9,"key":"Bronze Scales"},{"floor":13,"key":"Omamori"},{"floor":24,"key":"Anchor"},{"floor":26,"key":"Darkstone Periapt"},{"floor":30,"key":"Paper Crane"},{"floor":43,"key":"Snake Skull"},{"floor":45,"key":"Prayer Wheel"},{"floor":48,"key":"Juzu Bracelet"}],"event_choices":[{"damage_healed":0,"gold_gain":0,"player_choice":"Donut","damage_taken":0,"max_hp_gain":5,"max_hp_loss":0,"event_name":"Big Fish","floor":11,"gold_loss":0},{"damage_healed":0,"gold_gain":0,"player_choice":"Read","damage_taken":0,"max_hp_gain":0,"max_hp_loss":0,"event_name":"The Library","floor":19,"gold_loss":0,"cards_obtained":["Noxious Fumes"]},{"damage_healed":0,"gold_gain":0,"player_choice":"Became a Ghost","damage_taken":0,"max_hp_gain":0,"max_hp_loss":41,"event_name":"Ghosts","floor":21,"gold_loss":0,"cards_obtained":["Ghostly","Ghostly","Ghostly","Ghostly","Ghostly"]},{"damage_healed":0,"gold_gain":0,"player_choice":"Ignored","damage_taken":0,"max_hp_gain":0,"max_hp_loss":0,"event_name":"Cursed Tome","floor":28,"gold_loss":0},{"damage_healed":0,"gold_gain":0,"player_choice":"Memory 1","damage_taken":0,"max_hp_gain":0,"max_hp_loss":0,"event_name":"SensoryStone","floor":38,"gold_loss":0},{"damage_healed":0,"gold_gain":0,"player_choice":"Damaged","damage_taken":4,"max_hp_gain":0,"max_hp_loss":0,"event_name":"Wheel of Change","floor":39,"gold_loss":0}],"is_beta":false,"boss_relics":[{"not_picked":["Tiny House","Black Star"],"picked":"Fusion Hammer"},{"not_picked":["Eternal Feather","Lizard Tail"],"picked":"Ring of the Serpent"}],"items_purged_floors":[20,47],"is_endless":false,"potions_floor_spawned":[2,5,7,10,16,22,24,31,36,37,41,48],"killed_by":"Time Eater","ascension_level":0}