{"path_per_floor":["M","M","M","M","?","E","?","R","T","R","$","M","M","M","R","B",null,"M","M","?","M","?","R","M","R","T","$","M","?","E","$","R","B",null,"M","$","?","M","?","R","?","?","T","R","E","M","$","M","R","B"],"character_chosen":"THE_SILENT","items_purchased":["Snake Skull","Bane","Orichalcum","Weak Potion","Regen Potion","Block Potion","Explosive Potion"],"gold_per_floor":[316,329,340,357,457,484,484,484,510,510,279,295,310,329,329,425,425,444,459,459,472,472,472,484,484,484,330,347,347,382,60,60,164,164,184,34,34,48,0,0,53,53,105,105,134,147,0,16,16,16],"floor_reached":51,"campfire_rested":6,"playtime":5833,"current_hp_per_floor":[69,69,69,69,69,63,63,63,63,63,63,63,59,70,70,31,70,59,59,59,48,35,57,42,64,64,64,53,53,37,37,59,23,75,52,52,75,53,53,75,57,57,57,75,78,73,73,62,82,29],"items_purged":["Defend_G","Strike_G","Strike_G","Strike_G"],"gold":16,"score":574,"play_id":"82ea6729-b4c9-4ebf-b3c6-8bbb754f825d","is_prod":false,"is_daily":false,"is_ascension_mode":false,"campfire_upgraded":3,"path_taken":["M","M","M","?","?","E","?","R","T","R","$","M","M","M","R","BOSS","M","M","?","M","?","R","M","R","T","$","M","?","E","$","R","BOSS","M","$","?","M","?","R","?","?","T","R","E","M","?","M","R","BOSS"],"build_version":"2018-02-15-PROD1","purchased_purges":4,"victory":true,"master_deck":["Defend_G","Defend_G","Defend_G","Defend_G","Strike_G","Strike_G","Survivor","Neutralize","Dagger Spray+1","Bane","Dash+1","Blur","Prepared","Bouncing Flask+1","Poisoned Stab","Unload","Poisoned Stab","Deadly Poison","Leg Sweep","Bane","Well Laid Plans","Terror","Envenom","Corpse Explosion","Acrobatics+1","Poisoned Stab+1","Bane+1","Bane+1","Acrobatics+1","Prepared","Poisoned Stab+1"],"max_hp_per_floor":[70,70,70,70,70,70,70,70,70,70,70,70,70,70,70,70,70,70,70,70,70,75,75,75,75,75,75,75,75,75,75,75,75,75,75,75,75,75,75,75,75,75,75,75,82,82,82,82,82,82],"relics":["Ring of the Snake","Old Coin","Oddly Smooth Stone","Bag of Marbles","Snake Skull","Question Card","Juzu Bracelet","Happy Flower","Orichalcum","Velvet Choker","Red Mask","Unceasing Top","Dream Catcher","Strawberry"],"card_choices":[{"not_picked":["Masterful Stab","Flechettes"],"picked":"Dagger Spray"},{"not_picked":["Flying Knee","Slice"],"picked":"Bane"},{"not_picked":["Footwork","Sucker Punch"],"picked":"Dash"},{"not_picked":["Terror","Dagger Throw"],"picked":"Blur"},{"not_picked":["Flying Knee","Finisher"],"picked":"Dash"},{"not_picked":["Flying Knee","Expertise"],"picked":"Prepared"},{"not_picked":["After Image","Noxious Fumes"],"picked":"Bouncing Flask"},{"not_picked":["Leg Sweep","Sucker Punch"],"picked":"Poisoned Stab"},{"not_picked":["Glass Knife","Doppelganger"],"picked":"Unload"},{"not_picked":["Distraction","Sucker Punch","Dash"],"picked":"Outmaneuver"},{"not_picked":["Calculated Gamble","Deflect","Eviscerate"],"picked":"Poisoned Stab"},{"not_picked":["Dash","Backstab","Calculated Gamble"],"picked":"Deadly Poison"},{"not_picked":["Dodge and Roll","Outmaneuver","Dagger Throw"],"picked":"Leg Sweep"},{"not_picked":["Acrobatics","Venomology","Backflip"],"picked":"Well Laid Plans"},{"not_picked":["PiercingWail","Flying Knee","Dash"],"picked":"Envenom"},{"not_picked":["Wraith Form","Venomology","Die Die Die"],"picked":"Corpse Explosion"},{"not_picked":["Slice","Prepared","Riddle With Holes"],"picked":"Acrobatics"},{"not_picked":["Outmaneuver","Skewer","Dagger Throw"],"picked":"Poisoned Stab"},{"not_picked":["Terror","Leg Sweep","Flechettes"],"picked":"Bane"},{"not_picked":["Calculated Gamble","Backstab","Sucker Punch"],"picked":"Bane"},{"not_picked":["Quick Slash","Distraction","Dagger Throw"],"picked":"Acrobatics"},{"not_picked":["Deflect","Expertise","Skewer"],"picked":"Prepared"},{"not_picked":["A Thousand Cuts","Slice","Prepared"],"picked":"Poisoned Stab"}],"player_experience":18563,"potions_floor_usage":[6,14,28,30,30,33,38,38,45,45,50,50,50],"damage_taken":[{"damage":1,"enemies":"Cultist","floor":1,"turns":5},{"damage":0,"enemies":"Small Slimes","floor":2,"turns":2},{"damage":0,"enemies":"Jaw Worm","floor":3,"turns":4},{"damage":0,"enemies":"2 Fungi Beasts","floor":4,"turns":3},{"damage":6,"enemies":"3 Sentries","floor":6,"turns":7},{"damage":0,"enemies":"Blue Slaver","floor":12,"turns":2},{"damage":4,"enemies":"Gremlin Gang","floor":13,"turns":4},{"damage":0,"enemies":"Large Slime","floor":14,"turns":5},{"damage":39,"enemies":"Hexaghost","floor":16,"turns":7},{"damage":11,"enemies":"Shell Parasite","floor":18,"turns":4},{"damage":0,"enemies":"Chosen","floor":19,"turns":3},{"damage":11,"enemies":"Centurion and Healer","floor":21,"turns":6},{"damage":15,"enemies":"Snecko","floor":24,"turns":3},{"damage":11,"enemies":"Snake Plant","floor":28,"turns":4},{"damage":16,"enemies":"Slavers","floor":30,"turns":6},{"damage":36,"enemies":"Collector","floor":33,"turns":9},{"damage":23,"enemies":"3 Shapes","floor":35,"turns":5},{"damage":22,"enemies":"3 Darklings","floor":38,"turns":4},{"damage":18,"enemies":"Mysterious Sphere","floor":41,"turns":4},{"damage":4,"enemies":"Giant Head","floor":45,"turns":6},{"damage":5,"enemies":"Sphere and 2 Shapes","floor":46,"turns":3},{"damage":11,"enemies":"Maw","floor":48,"turns":6},{"damage":68,"enemies":"Donu and Deca","floor":50,"turns":7}],"event_choices":[{"event_name":"Golden Shrine","player_choice":"Pray","floor":5,"damage_taken":0},{"event_name":"Liars Game","player_choice":"disagreed","floor":7,"damage_taken":0},{"event_name":"Cursed Tome","player_choice":"Ignored","floor":20,"damage_taken":0},{"event_name":"Forgotten Altar","player_choice":"Shed Blood","floor":22,"damage_taken":0},{"event_name":"The Library","player_choice":"Read","floor":29,"damage_taken":0},{"event_name":"Bonfire Elementals","player_choice":"UNCOMMON","floor":37,"damage_taken":0},{"event_name":"Tomb of Lord Red Mask","player_choice":"Paid","floor":39,"damage_taken":0},{"event_name":"Mysterious Sphere","player_choice":"Fight","floor":41,"damage_taken":0}],"boss_relics":[{"not_picked":["Tiny House","Calling Bell"],"picked":"Question Card"},{"not_picked":["Runic Dome","Black Star"],"picked":"Velvet Choker"}],"potions_floor_spawned":[1,2,4,18,21,24,30,33,35,38],"seed_played":"5004314925161539042","ascension_level":0,"is_trial":false}