{"gold_per_floor":[119,132,147,45,56,56,81,91,115,65,41,41,70,85,85,187,187,152,71,83,83,101,101,135,135,135,148,166,166],"floor_reached":29,"playtime":1877,"items_purged":[],"score":257,"play_id":"4ead2ec1-877f-404d-9046-4c2cef5d8dc9","local_time":"20190721144509","is_ascension_mode":false,"campfire_choices":[{"data":"Echo Form","floor":6,"key":"SMITH"},{"floor":15,"key":"REST"},{"data":"Echo Form","floor":23,"key":"SMITH"},{"data":"Zap","floor":25,"key":"SMITH"}],"neow_cost":"NONE","seed_source_timestamp":569294426343069,"circlet_count":0,"master_deck":["Strike_B","Strike_B","Strike_B","Defend_B+1","Defend_B","Defend_B","Defend_B+1","Zap+1","Dualcast","Steam","Leap","BootSequence","Coolheaded","Self Repair","Echo Form+1","Conserve Battery","Conserve Battery","Coolheaded","Cold Snap","Echo Form+1","Self Repair","Cold Snap","Go for the Eyes","Self Repair"],"relics":["Cracked Core","War Paint","Strawberry","Potion Belt","Art of War","Happy Flower","Runic Pyramid","Unceasing Top","Dream Catcher"],"potions_floor_usage":[7,7,13,13,27],"damage_taken":[{"damage":0,"enemies":"Cultist","floor":1,"turns":4},{"damage":2,"enemies":"Small Slimes","floor":2,"turns":3},{"damage":0,"enemies":"2 Louse","floor":3,"turns":4},{"damage":11,"enemies":"2 Fungi Beasts","floor":5,"turns":5},{"damage":34,"enemies":"3 Sentries","floor":7,"turns":8},{"damage":8,"enemies":"Looter","floor":8,"turns":4},{"damage":20,"enemies":"Gremlin Nob","floor":13,"turns":5},{"damage":2,"enemies":"Blue Slaver","floor":14,"turns":6},{"damage":33,"enemies":"Slime Boss","floor":16,"turns":26},{"damage":23,"enemies":"2 Thieves","floor":18,"turns":5},{"damage":0,"enemies":"Shell Parasite","floor":20,"turns":8},{"damage":41,"enemies":"Centurion and Healer","floor":22,"turns":13},{"damage":6,"enemies":"Book of Stabbing","floor":24,"turns":10},{"damage":21,"enemies":"Snake Plant","floor":27,"turns":7},{"damage":49,"enemies":"Cultist and Chosen","floor":28,"turns":15},{"damage":61,"enemies":"Masked Bandits","floor":29,"turns":5}],"seed_played":"7895417203007156838","potions_obtained":[{"floor":1,"key":"GamblersBrew"},{"floor":5,"key":"FocusPotion"},{"floor":7,"key":"PowerPotion"},{"floor":8,"key":"GamblersBrew"},{"floor":22,"key":"SkillPotion"},{"floor":28,"key":"FocusPotion"}],"is_trial":false,"path_per_floor":["M","M","M","$","M","R","E","M","T","?","$","?","E","M","R","B",null,"M","$","M","?","M","R","E","R","T","M","M","?"],"character_chosen":"DEFECT","items_purchased":["Coolheaded","Self Repair","Coolheaded","Self Repair"],"campfire_rested":1,"item_purchase_floors":[4,4,11,19],"current_hp_per_floor":[75,73,73,73,69,69,56,55,55,55,55,43,37,49,73,47,82,66,66,82,82,62,62,77,77,77,70,56,0],"gold":166,"neow_bonus":"RANDOM_COMMON_RELIC","is_prod":false,"is_daily":false,"chose_seed":false,"campfire_upgraded":3,"win_rate":0.0,"timestamp":1563734709,"path_taken":["M","M","M","$","M","R","E","?","T","?","$","?","E","M","R","BOSS","M","$","M","?","M","R","E","R","T","M","M","?"],"build_version":"2019-07-17","purchased_purges":0,"victory":false,"max_hp_per_floor":[75,75,75,75,75,75,82,82,82,82,82,82,82,82,82,82,82,82,82,82,82,82,82,82,82,82,82,82,82],"card_choices":[{"not_picked":["Auto Shields","Beam Cell"],"picked":"Steam","floor":1},{"not_picked":["Skim","Compile Driver"],"picked":"Leap","floor":2},{"not_picked":["Scrape","Stack"],"picked":"BootSequence","floor":3},{"not_picked":["Compile Driver","Ball Lightning"],"picked":"Echo Form","floor":5},{"not_picked":["Leap","Barrage"],"picked":"Conserve Battery","floor":7},{"not_picked":["Stack","Force Field"],"picked":"Conserve Battery","floor":8},{"not_picked":["Hello World","Barrage","Multi-Cast"],"picked":"SKIP","floor":13},{"not_picked":["Conserve Battery","Coolheaded"],"picked":"Cold Snap","floor":14},{"not_picked":["Fission","Reboot"],"picked":"Echo Form","floor":16},{"not_picked":["Tempest","Barrage+1","Conserve Battery"],"picked":"SKIP","floor":18},{"not_picked":["Barrage","Blizzard"],"picked":"Cold Snap","floor":20},{"not_picked":["Scrape","Sweeping Beam","Loop"],"picked":"SKIP","floor":22},{"not_picked":["Auto Shields","Scrape+1"],"picked":"Go for the Eyes","floor":24},{"not_picked":["Gash","Glacier"],"picked":"Self Repair","floor":27},{"not_picked":["Sweeping Beam","Consume","Barrage"],"picked":"SKIP","floor":28}],"player_experience":72422,"relics_obtained":[{"floor":7,"key":"Strawberry"},{"floor":9,"key":"Potion Belt"},{"floor":13,"key":"Happy Flower"},{"floor":24,"key":"Unceasing Top"},{"floor":26,"key":"Dream Catcher"}],"event_choices":[{"cards_removed":["Strike_B"],"damage_healed":0,"gold_gain":0,"player_choice":"Card Removal","damage_taken":0,"max_hp_gain":0,"max_hp_loss":0,"event_name":"The Cleric","floor":10,"gold_loss":50},{"damage_healed":0,"gold_gain":0,"player_choice":"Success","damage_taken":12,"relics_obtained":["Art of War"],"max_hp_gain":0,"max_hp_loss":0,"event_name":"Scrap Ooze","floor":12,"gold_loss":0},{"damage_healed":0,"gold_gain":0,"player_choice":"Fought Bandits","damage_taken":0,"max_hp_gain":0,"max_hp_loss":0,"event_name":"Masked Bandits","floor":29,"gold_loss":0}],"is_beta":false,"boss_relics":[{"not_picked":["White Beast Statue","Black Star"],"picked":"Runic Pyramid"}],"items_purged_floors":[],"is_endless":false,"potions_floor_spawned":[1,5,7,8,22,28],"killed_by":"Masked Bandits","ascension_level":0}