{"gold_per_floor":[117,117,117,192,41,41,65,105,105,105],"floor_reached":10,"playtime":838,"items_purged":[],"score":99,"play_id":"2eb37d2e-c639-47f0-810d-f753cb1a8f88","local_time":"20190720090949","is_ascension_mode":true,"campfire_choices":[{"floor":6,"key":"REST"}],"neow_cost":"PERCENT_DAMAGE","seed_source_timestamp":776860010116100,"circlet_count":0,"master_deck":["AscendersBane","Strike_R","Strike_R","Strike_R","Defend_R","Defend_R","Defend_R","Bash","Cleave","Dual Wield","Armaments","Body Slam","Metallicize","Ghostly Armor","Shrug It Off","Uppercut"],"relics":["Burning Blood","Golden Idol","Singing Bowl","Anchor"],"potions_floor_usage":[10],"damage_taken":[{"damage":13,"enemies":"Jaw Worm","floor":1,"turns":4},{"damage":15,"enemies":"2 Louse","floor":7,"turns":3},{"damage":27,"enemies":"3 Sentries","floor":8,"turns":13},{"damage":32,"enemies":"Gremlin Nob","floor":10,"turns":4}],"seed_played":"338055391362007389","potions_obtained":[{"floor":8,"key":"Fire Potion"}],"is_trial":false,"path_per_floor":["M","?","?","?","$","R","M","E","T","E"],"character_chosen":"IRONCLAD","items_purchased":["Metallicize","Ghostly Armor"],"campfire_rested":1,"item_purchase_floors":[5,5],"current_hp_per_floor":[44,44,44,33,33,55,46,25,25,0],"gold":105,"neow_bonus":"TRANSFORM_TWO_CARDS","is_prod":false,"is_daily":false,"chose_seed":false,"campfire_upgraded":0,"win_rate":0,"timestamp":1563610189,"path_taken":["M","?","?","?","$","R","M","E","T","E"],"build_version":"2019-07-17","purchased_purges":0,"victory":false,"max_hp_per_floor":[80,80,74,74,74,74,74,74,74,74],"card_choices":[{"not_picked":["Warcry","Heavy Blade"],"picked":"Armaments","floor":1},{"not_picked":["Havoc","Twin Strike"],"picked":"Shrug It Off","floor":7},{"not_picked":["Dual Wield","Shrug It Off"],"picked":"Uppercut","floor":8}],"player_experience":1060550,"relics_obtained":[{"floor":8,"key":"Singing Bowl"},{"floor":9,"key":"Anchor"}],"event_choices":[{"damage_healed":0,"gold_gain":0,"cards_transformed":["Defend_R"],"player_choice":"Change","damage_taken":0,"max_hp_gain":0,"max_hp_loss":0,"event_name":"Living Wall","floor":2,"gold_loss":0,"cards_obtained":["Body Slam"]},{"damage_healed":0,"gold_gain":0,"player_choice":"Lose Max HP","damage_taken":0,"relics_obtained":["Golden Idol"],"max_hp_gain":0,"max_hp_loss":6,"event_name":"Golden Idol","floor":3,"gold_loss":0},{"damage_healed":0,"gold_gain":75,"player_choice":"Gather Gold","damage_taken":11,"max_hp_gain":0,"max_hp_loss":0,"event_name":"World of Goop","floor":4,"gold_loss":0}],"is_beta":false,"boss_relics":[],"items_purged_floors":[],"is_endless":false,"potions_floor_spawned":[8],"killed_by":"Gremlin Nob","ascension_level":11}