{"gold_per_floor":[216,231,38,38,53,78,78,103,103,103,103,131,56,73,73,177,177,163,176,188,188,188,188,206,131,131,131],"floor_reached":27,"playtime":934,"items_purged":["Strike_R"],"score":254,"play_id":"b3f9fc12-cad4-4251-ad9d-9f30ab38a688","local_time":"20190130212138","is_ascension_mode":true,"campfire_choices":[{"data":"Inflame","floor":7,"key":"SMITH"},{"floor":11,"key":"REST"},{"data":"Heavy Blade","floor":15,"key":"SMITH"},{"floor":23,"key":"REST"}],"neow_cost":"NONE","seed_source_timestamp":1817832294505252,"circlet_count":0,"master_deck":["Strike_R","Strike_R","Strike_R","Defend_R","Defend_R","Defend_R","Bash","Heavy Blade+1","Inflame+1","Shrug It Off","Demon Form+1","Offering","Reaper","Seeing Red","Cleave","Warcry","Ghostly Armor","Thunderclap","RitualDagger","Shrug It Off"],"relics":["Burning Blood","Sling","Question Card","Red Skull","Frozen Egg 2","Oddly Smooth Stone","Orrery","Bronze Scales"],"potions_floor_usage":[6,12,12,18,19,27],"damage_taken":[{"damage":0,"enemies":"Small Slimes","floor":1,"turns":3},{"damage":6,"enemies":"Cultist","floor":2,"turns":4},{"damage":14,"enemies":"Jaw Worm","floor":5,"turns":3},{"damage":29,"enemies":"Lagavulin","floor":6,"turns":4},{"damage":24,"enemies":"3 Sentries","floor":8,"turns":7},{"damage":18,"enemies":"Lagavulin","floor":12,"turns":5},{"damage":3,"enemies":"Exordium Wildlife","floor":14,"turns":4},{"damage":32,"enemies":"Slime Boss","floor":16,"turns":7},{"damage":38,"enemies":"2 Thieves","floor":18,"turns":4},{"damage":24,"enemies":"Spheric Guardian","floor":19,"turns":4},{"damage":49,"enemies":"Cultist and Chosen","floor":20,"turns":6},{"damage":27,"enemies":"Shelled Parasite and Fungi","floor":24,"turns":5},{"damage":10,"enemies":"Colosseum Slavers","floor":27,"turns":2}],"seed_played":"2323780258939248763","potions_obtained":[{"floor":1,"key":"SkillPotion"},{"floor":5,"key":"Swift Potion"},{"floor":8,"key":"Strength Potion"},{"floor":16,"key":"PowerPotion"},{"floor":18,"key":"AttackPotion"},{"floor":24,"key":"PowerPotion"}],"is_trial":false,"path_per_floor":["M","M","$","?","M","E","R","E","T","?","R","E","$","M","R","B",null,"M","M","M","?","?","R","M","?","T","?"],"character_chosen":"IRONCLAD","items_purchased":["Sling"],"campfire_rested":2,"item_purchase_floors":[3],"current_hp_per_floor":[80,80,80,72,64,41,41,23,23,28,53,41,41,44,44,18,85,53,35,12,6,6,31,10,10,10,0],"gold":131,"neow_bonus":"HUNDRED_GOLD","is_prod":false,"is_daily":false,"chose_seed":false,"campfire_upgraded":2,"win_rate":0,"timestamp":1548879698,"path_taken":["M","M","$","?","?","E","R","E","T","?","R","E","?","?","R","BOSS","M","M","M","?","?","R","?","?","T","?"],"build_version":"2019-01-23","purchased_purges":1,"victory":false,"max_hp_per_floor":[80,80,80,80,80,80,80,80,80,85,85,85,85,85,85,85,85,85,85,85,85,85,85,85,85,85,85],"card_choices":[{"not_picked":["Infernal Blade","Twin Strike"],"picked":"Heavy Blade","floor":1},{"not_picked":["Pommel Strike","Feel No Pain","Fire Breathing"],"picked":"SKIP","floor":2},{"not_picked":["Headbutt","Perfected Strike"],"picked":"Inflame","floor":5},{"not_picked":["Infernal Blade","Hemokinesis"],"picked":"Shrug It Off","floor":6},{"not_picked":["Headbutt","Burning Pact","Hemokinesis","Anger"],"picked":"SKIP","floor":8},{"not_picked":["Shrug It Off","Sever Soul","Clothesline"],"picked":"Demon Form+1","floor":12},{"not_picked":["Combust+1","True Grit","Wild Strike"],"picked":"Offering","floor":14},{"not_picked":["Demon Form+1","Immolate","Exhume"],"picked":"Reaper","floor":16},{"not_picked":["True Grit","Clash","Carnage"],"picked":"Seeing Red","floor":17},{"not_picked":["Intimidate","Body Slam","Flex"],"picked":"Cleave","floor":17},{"not_picked":["Power Through","Sentinel","Spot Weakness"],"picked":"Warcry","floor":17},{"not_picked":["Sword Boomerang","Warcry","Shrug It Off","True Grit"],"picked":"SKIP","floor":18},{"not_picked":["Iron Wave","Corruption+1","Carnage"],"picked":"Ghostly Armor","floor":19},{"not_picked":["Twin Strike","Anger","Cleave"],"picked":"Thunderclap","floor":20},{"not_picked":["Barricade+1","Warcry","Iron Wave"],"picked":"Shrug It Off","floor":24}],"player_experience":159282,"relics_obtained":[{"floor":6,"key":"Question Card"},{"floor":8,"key":"Red Skull"},{"floor":9,"key":"Frozen Egg 2"},{"floor":12,"key":"Oddly Smooth Stone"},{"floor":26,"key":"Bronze Scales"}],"event_choices":[{"damage_healed":0,"gold_gain":0,"player_choice":"Damaged","damage_taken":8,"max_hp_gain":0,"max_hp_loss":0,"event_name":"Wheel of Change","floor":4,"gold_loss":0},{"damage_healed":0,"gold_gain":0,"player_choice":"Donut","damage_taken":0,"max_hp_gain":5,"max_hp_loss":0,"event_name":"Big Fish","floor":10,"gold_loss":0},{"damage_healed":0,"gold_gain":0,"player_choice":"Joined the Cult","damage_taken":6,"max_hp_gain":0,"max_hp_loss":0,"event_name":"Nest","floor":21,"gold_loss":0,"cards_obtained":["RitualDagger"]},{"cards_removed":["Defend_R"],"damage_healed":0,"gold_gain":0,"player_choice":"Offered Basic","damage_taken":0,"max_hp_gain":0,"max_hp_loss":0,"event_name":"Bonfire Elementals","floor":22,"gold_loss":0},{"cards_removed":["Strike_R"],"damage_healed":0,"gold_gain":0,"player_choice":"Gave Gold","damage_taken":0,"max_hp_gain":0,"max_hp_loss":0,"event_name":"Beggar","floor":25,"gold_loss":75},{"damage_healed":0,"gold_gain":0,"player_choice":"Fight","damage_taken":0,"max_hp_gain":0,"max_hp_loss":0,"event_name":"Colosseum","floor":27,"gold_loss":0}],"is_beta":false,"boss_relics":[{"not_picked":["Calling Bell","Snecko Eye"],"picked":"Orrery"}],"items_purged_floors":[13],"is_endless":false,"potions_floor_spawned":[1,5,8,16,18,24],"killed_by":"Colosseum Slavers","ascension_level":2}