{"gold_per_floor":[119,136,155,38,113,139,139,168,168,168,179,179,179,199,199,300,300,319,29,41,61,61,92,92],"floor_reached":24,"playtime":2229,"items_purged":["Strike_B"],"score":226,"play_id":"7e63920b-6c82-40fe-9346-192199028047","local_time":"20190724080118","is_ascension_mode":false,"campfire_choices":[{"data":"Static Discharge","floor":10,"key":"SMITH"},{"data":"Capacitor","floor":12,"key":"SMITH"},{"data":"Redo","floor":15,"key":"SMITH"}],"neow_cost":"NONE","seed_source_timestamp":22172539528482,"circlet_count":0,"master_deck":["Strike_B","Strike_B","Defend_B","Defend_B+1","Defend_B+1","Defend_B","Zap","Dualcast","Melter","Compile Driver","Cold Snap","Double Energy","Static Discharge+1","Self Repair","Capacitor+1","Redo+1","Gash","Barrage","Buffer","Compile Driver","Conserve Battery","Metamorphosis","Beam Cell+1","Coolheaded+1","Decay","Undo"],"relics":["Nuclear Battery","War Paint","Kunai","Bag of Marbles","Coffee Dripper","Potion Belt"],"potions_floor_usage":[8,16,16,20,23],"damage_taken":[{"damage":0,"enemies":"2 Louse","floor":1,"turns":3},{"damage":1,"enemies":"Jaw Worm","floor":2,"turns":3},{"damage":5,"enemies":"Small Slimes","floor":3,"turns":3},{"damage":14,"enemies":"3 Sentries","floor":6,"turns":7},{"damage":12,"enemies":"Gremlin Nob","floor":8,"turns":4},{"damage":11,"enemies":"Exordium Thugs","floor":11,"turns":4},{"damage":9,"enemies":"2 Fungi Beasts","floor":14,"turns":4},{"damage":44,"enemies":"Slime Boss","floor":16,"turns":7},{"damage":12,"enemies":"Shell Parasite","floor":18,"turns":5},{"damage":44,"enemies":"2 Thieves","floor":20,"turns":4},{"damage":13,"enemies":"3 Cultists","floor":21,"turns":5},{"damage":29,"enemies":"Book of Stabbing","floor":23,"turns":5},{"damage":10,"enemies":"Centurion and Healer","floor":24,"turns":2}],"seed_played":"6710220798222431410","potions_obtained":[{"floor":1,"key":"FearPotion"},{"floor":3,"key":"Dexterity Potion"},{"floor":6,"key":"GamblersBrew"},{"floor":16,"key":"SteroidPotion"},{"floor":18,"key":"Regen Potion"}],"is_trial":false,"path_per_floor":["M","M","M","$","?","E","?","E","T","R","M","R","?","M","R","B",null,"M","$","M","M","?","E","M"],"character_chosen":"DEFECT","items_purchased":["Double Energy","Static Discharge","Conserve Battery","Metamorphosis"],"campfire_rested":0,"item_purchase_floors":[4,4,19,19],"current_hp_per_floor":[75,74,69,69,58,44,69,64,64,64,60,60,60,58,58,21,75,70,70,42,36,36,7,0],"gold":92,"neow_bonus":"BOSS_RELIC","is_prod":false,"is_daily":false,"chose_seed":false,"campfire_upgraded":3,"win_rate":0,"timestamp":1563948078,"path_taken":["M","M","M","$","?","E","?","E","T","R","M","R","?","M","R","BOSS","M","$","M","M","?","E","M"],"build_version":"2019-07-05","purchased_purges":1,"victory":false,"max_hp_per_floor":[75,75,75,75,75,75,75,75,75,75,75,75,75,75,75,75,75,75,75,75,75,75,75,75],"card_choices":[{"not_picked":["Go for the Eyes","Steam"],"picked":"Melter","floor":1},{"not_picked":["Go for the Eyes","Redo"],"picked":"Compile Driver","floor":2},{"not_picked":["Beam Cell","Stack"],"picked":"Cold Snap","floor":3},{"not_picked":["Compile Driver","Storm"],"picked":"Self Repair","floor":6},{"not_picked":["Rebound","Compile Driver"],"picked":"Capacitor","floor":8},{"not_picked":["Coolheaded","Steam Power"],"picked":"Redo","floor":11},{"not_picked":["Blizzard","Undo"],"picked":"Barrage","floor":14},{"not_picked":["Reboot","Fission"],"picked":"Buffer","floor":16},{"not_picked":["Sweeping Beam","Gash"],"picked":"Compile Driver","floor":18},{"not_picked":["Conserve Battery","Cold Snap"],"picked":"Beam Cell+1","floor":20},{"not_picked":["Barrage","Auto Shields"],"picked":"Coolheaded+1","floor":21},{"not_picked":["Leap","Steam"],"picked":"Undo","floor":23}],"player_experience":94413,"relics_obtained":[{"floor":6,"key":"War Paint"},{"floor":8,"key":"Kunai"},{"floor":9,"key":"Bag of Marbles"},{"floor":23,"key":"Potion Belt"}],"event_choices":[{"damage_healed":0,"gold_gain":75,"player_choice":"Gather Gold","damage_taken":11,"max_hp_gain":0,"max_hp_loss":0,"event_name":"World of Goop","floor":5,"gold_loss":0},{"damage_healed":25,"gold_gain":0,"player_choice":"Banana","damage_taken":0,"max_hp_gain":0,"max_hp_loss":0,"event_name":"Big Fish","floor":7,"gold_loss":0},{"damage_healed":0,"gold_gain":0,"cards_transformed":["Strike_B"],"player_choice":"Change","damage_taken":0,"max_hp_gain":0,"max_hp_loss":0,"event_name":"Living Wall","floor":13,"gold_loss":0,"cards_obtained":["Gash"]},{"damage_healed":0,"gold_gain":0,"player_choice":"Smashed Altar","damage_taken":0,"max_hp_gain":0,"max_hp_loss":0,"event_name":"Forgotten Altar","floor":22,"gold_loss":0,"cards_obtained":["Decay"]}],"is_beta":false,"boss_relics":[{"not_picked":["Cursed Key","Busted Crown"],"picked":"Coffee Dripper"}],"items_purged_floors":[19],"is_endless":false,"potions_floor_spawned":[1,3,6,16,18],"killed_by":"Centurion and Healer","ascension_level":0}