{"gold_per_floor":[368,45,61,75,75,75,109,120,120,146,159,192,192,209,209,314,314,324,335,28,45,56,56,73,107,107,121,121,121,150,167,167,266,266,278,21,38,57,77,103,103,113,138,151,174,174,37,37,37,37],"floor_reached":50,"playtime":2575,"items_purged":["Strike_G","Strike_G","Strike_G"],"score":738,"play_id":"9edd3c26-6f12-45a5-b3d9-99e881980920","local_time":"20190720224946","is_ascension_mode":false,"campfire_choices":[{"floor":6,"key":"REST"},{"data":"Crippling Poison","floor":13,"key":"SMITH"},{"data":"Bouncing Flask","floor":15,"key":"SMITH"},{"floor":23,"key":"REST"},{"floor":29,"key":"REST"},{"floor":32,"key":"REST"},{"floor":41,"key":"REST"},{"floor":46,"key":"REST"},{"floor":49,"key":"REST"}],"neow_cost":"PERCENT_DAMAGE","seed_source_timestamp":511265818639866,"circlet_count":0,"master_deck":["Strike_G","Defend_G","Defend_G","Defend_G","Defend_G","Defend_G","Survivor","Neutralize","Bane","Bouncing Flask+1","Quick Slash","Blur","Crippling Poison+1","PiercingWail","Malaise","Caltrops+1","Prepared+1","Quick Slash","PiercingWail+1","Venomology","Noxious Fumes","Deadly Poison","Backflip","Poisoned Stab","Crippling Poison","Poisoned Stab+1","Poisoned Stab"],"relics":["Ring of the Snake","Toolbox","FossilizedHelix","Incense Burner","Thread and Needle","Darkstone Periapt","Fusion Hammer","Regal Pillow","PreservedInsect","Mango","Pear","Shuriken","Orrery","Membership Card","Matryoshka","Juzu Bracelet","Strawberry","Snake Skull","Boot","Happy Flower"],"potions_floor_usage":[7,8,10,10,16,22,25,33,37,38,38,39,40,40,42,44,44,50,50],"damage_taken":[{"damage":1,"enemies":"Jaw Worm","floor":1,"turns":7},{"damage":2,"enemies":"Cultist","floor":3,"turns":6},{"damage":0,"enemies":"Small Slimes","floor":4,"turns":2},{"damage":13,"enemies":"Lagavulin","floor":7,"turns":5},{"damage":0,"enemies":"Exordium Thugs","floor":8,"turns":3},{"damage":0,"enemies":"Gremlin Nob","floor":10,"turns":3},{"damage":0,"enemies":"Looter","floor":11,"turns":3},{"damage":1,"enemies":"Lagavulin","floor":12,"turns":5},{"damage":0,"enemies":"2 Fungi Beasts","floor":14,"turns":3},{"damage":0,"enemies":"The Guardian","floor":16,"turns":8},{"damage":0,"enemies":"Shell Parasite","floor":18,"turns":6},{"damage":0,"enemies":"3 Byrds","floor":19,"turns":4},{"damage":0,"enemies":"Snake Plant","floor":21,"turns":4},{"damage":0,"enemies":"Centurion and Healer","floor":22,"turns":8},{"damage":4,"enemies":"Snecko","floor":24,"turns":5},{"damage":0,"enemies":"Slavers","floor":25,"turns":3},{"damage":4,"enemies":"Sentry and Sphere","floor":27,"turns":8},{"damage":0,"enemies":"Gremlin Leader","floor":30,"turns":7},{"damage":0,"enemies":"Snake Plant","floor":31,"turns":3},{"damage":87,"enemies":"Champ","floor":33,"turns":12},{"damage":0,"enemies":"3 Darklings","floor":35,"turns":5},{"damage":0,"enemies":"Orb Walker","floor":37,"turns":4},{"damage":6,"enemies":"Transient","floor":38,"turns":5},{"damage":0,"enemies":"Maw","floor":39,"turns":7},{"damage":16,"enemies":"Giant Head","floor":40,"turns":9},{"damage":6,"enemies":"3 Darklings","floor":42,"turns":5},{"damage":14,"enemies":"Sphere and 2 Shapes","floor":44,"turns":4},{"damage":101,"enemies":"Donu and Deca","floor":50,"turns":9}],"seed_played":"2150853564593554810","potions_obtained":[{"floor":1,"key":"SpeedPotion"},{"floor":4,"key":"PowerPotion"},{"floor":7,"key":"Strength Potion"},{"floor":8,"key":"AttackPotion"},{"floor":12,"key":"Ancient Potion"},{"floor":18,"key":"GamblersBrew"},{"floor":19,"key":"GamblersBrew"},{"floor":24,"key":"AttackPotion"},{"floor":33,"key":"Weak Potion"},{"floor":37,"key":"Ancient Potion"},{"floor":38,"key":"Strength Potion"},{"floor":40,"key":"Poison Potion"}],"is_trial":false,"path_per_floor":["M","$","M","M","?","R","E","M","T","E","M","E","R","M","R","B",null,"M","M","$","M","M","R","M","E","T","M","?","R","E","M","R","B",null,"M","$","M","M","M","E","R","M","T","M","T","R","$","?","R","B"],"character_chosen":"THE_SILENT","items_purchased":["Toolbox","Bane","Regal Pillow","PreservedInsect","Membership Card","Happy Flower"],"campfire_rested":7,"item_purchase_floors":[2,2,20,20,36,47],"current_hp_per_floor":[48,48,46,46,46,67,54,54,54,54,54,53,53,53,53,53,70,70,70,70,70,70,70,66,80,90,86,86,94,94,94,94,7,94,94,94,94,88,88,72,94,88,95,81,81,101,101,101,101,0],"gold":37,"neow_bonus":"TWO_FIFTY_GOLD","is_prod":false,"is_daily":false,"chose_seed":false,"campfire_upgraded":2,"win_rate":0.0,"timestamp":1563677386,"path_taken":["M","$","M","M","?","R","E","M","T","E","M","E","R","M","R","BOSS","M","M","$","M","M","R","?","E","T","M","?","R","E","M","R","BOSS","M","$","?","?","M","E","R","M","T","M","?","R","$","?","R","BOSS"],"build_version":"2019-07-17","purchased_purges":3,"victory":false,"max_hp_per_floor":[70,70,70,70,70,70,70,70,70,70,70,70,70,70,70,70,70,70,70,70,70,70,70,70,84,94,94,94,94,94,94,94,94,94,94,94,94,94,94,94,94,94,101,101,101,101,101,101,101,101],"card_choices":[{"not_picked":["Finisher","Riddle With Holes","Outmaneuver"],"picked":"SKIP","floor":1},{"not_picked":["Caltrops","Escape Plan"],"picked":"Bouncing Flask","floor":3},{"not_picked":["Slice","Cloak And Dagger"],"picked":"Quick Slash","floor":4},{"not_picked":["Terror","Deflect","Underhanded Strike"],"picked":"SKIP","floor":7},{"not_picked":["All Out Attack","Quick Slash"],"picked":"Crippling Poison","floor":8},{"not_picked":["Flying Knee","Dodge and Roll","Riddle With Holes"],"picked":"SKIP","floor":10},{"not_picked":["Skewer","Reflex","Riddle With Holes"],"picked":"SKIP","floor":11},{"not_picked":["Burst","Dagger Spray"],"picked":"PiercingWail","floor":12},{"not_picked":["Blade Dance","Cloak And Dagger","Dodge and Roll"],"picked":"SKIP","floor":14},{"not_picked":["Glass Knife","Bullet Time"],"picked":"Malaise","floor":16},{"not_picked":["Dash+1","Finisher"],"picked":"Caltrops+1","floor":18},{"not_picked":["Sucker Punch","Deflect","Footwork"],"picked":"SKIP","floor":19},{"not_picked":["Underhanded Strike","Dagger Spray+1"],"picked":"Prepared+1","floor":21},{"not_picked":["Slice","Dodge and Roll","Sucker Punch"],"picked":"SKIP","floor":22},{"not_picked":["Endless Agony","Masterful Stab","All Out Attack"],"picked":"SKIP","floor":24},{"not_picked":["Dodge and Roll","Bullet Time"],"picked":"Quick Slash","floor":25},{"not_picked":["Finisher+1","Underhanded Strike"],"picked":"PiercingWail+1","floor":27},{"not_picked":["Dagger Throw","Infinite Blades+1","Underhanded Strike+1"],"picked":"SKIP","floor":30},{"not_picked":["Heel Hook+1","Flying Knee","Choke"],"picked":"SKIP","floor":31},{"not_picked":["Wraith Form v2","Bullet Time"],"picked":"Venomology","floor":33},{"not_picked":["Flying Knee","Heel Hook"],"picked":"Noxious Fumes","floor":34},{"not_picked":["Endless Agony","Prepared"],"picked":"Deadly Poison","floor":34},{"not_picked":["Footwork+1","Blade Dance"],"picked":"Backflip","floor":34},{"not_picked":["Outmaneuver","Expertise"],"picked":"Poisoned Stab","floor":35},{"not_picked":["Night Terror","Bane+1","PiercingWail+1"],"picked":"SKIP","floor":37},{"not_picked":["Dagger Throw","Dodge and Roll+1","Blade Dance"],"picked":"SKIP","floor":38},{"not_picked":["Masterful Stab","Riddle With Holes"],"picked":"Crippling Poison","floor":39},{"not_picked":["Escape Plan","Bullet Time"],"picked":"Poisoned Stab+1","floor":40},{"not_picked":["Calculated Gamble+1","Blade Dance","PiercingWail+1"],"picked":"SKIP","floor":42},{"not_picked":["Dodge and Roll+1","Glass Knife"],"picked":"Poisoned Stab","floor":44}],"player_experience":60576,"relics_obtained":[{"floor":7,"key":"FossilizedHelix"},{"floor":9,"key":"Incense Burner"},{"floor":10,"key":"Thread and Needle"},{"floor":12,"key":"Darkstone Periapt"},{"floor":25,"key":"Mango"},{"floor":26,"key":"Pear"},{"floor":30,"key":"Shuriken"},{"floor":40,"key":"Matryoshka"},{"floor":43,"key":"Juzu Bracelet"},{"floor":43,"key":"Strawberry"},{"floor":45,"key":"Snake Skull"},{"floor":45,"key":"Boot"}],"event_choices":[{"damage_healed":0,"gold_gain":0,"cards_transformed":["Strike_G"],"player_choice":"Transformed","damage_taken":0,"max_hp_gain":0,"max_hp_loss":0,"event_name":"Transmorgrifier","floor":5,"gold_loss":0,"cards_obtained":["Blur"]},{"damage_healed":0,"gold_gain":0,"player_choice":"Ignored","damage_taken":0,"max_hp_gain":0,"max_hp_loss":0,"event_name":"NoteForYourself","floor":28,"gold_loss":0},{"damage_healed":0,"gold_gain":0,"player_choice":"Ignored","damage_taken":0,"max_hp_gain":0,"max_hp_loss":0,"event_name":"Mysterious Sphere","floor":48,"gold_loss":0}],"is_beta":false,"boss_relics":[{"not_picked":["Empty Cage","Sozu"],"picked":"Fusion Hammer"},{"not_picked":["Philosopher\u0027s Stone","Coffee Dripper"],"picked":"Orrery"}],"items_purged_floors":[2,36,47],"is_endless":false,"potions_floor_spawned":[1,4,7,8,12,18,19,24,33,37,38,40],"killed_by":"Donu and Deca","ascension_level":0}