{"path_per_floor":["M","M","?","$","M","E","R","E","T","R","?","R","M","$","R","B",null,"M","?","$","M","M","E","M","R","T","?","M","M","R","M","R"],"character_chosen":"THE_SILENT","items_purchased":["Noxious Fumes","Blur","Bouncing Flask","Bane"],"gold_per_floor":[17,35,35,0,14,41,41,70,70,70,93,93,111,3,3,100,100,116,116,13,23,38,69,80,80,80,5,22,33,33,43,43,43],"floor_reached":33,"campfire_rested":5,"playtime":3135,"item_purchase_floors":[4,14,20,20],"current_hp_per_floor":[70,70,75,75,65,54,75,52,62,62,50,75,75,75,75,43,85,75,75,75,55,52,41,28,53,53,53,43,28,53,28,53,0],"items_purged":["Strike_G"],"gold":43,"score":302,"play_id":"5527f8b2-b220-489b-b727-628e2d8d191a","local_time":"20180609213150","is_prod":false,"is_daily":false,"chose_seed":false,"is_ascension_mode":false,"campfire_upgraded":2,"win_rate":0,"timestamp":1528572710,"campfire_choices":[{"floor":7,"key":"REST"},{"data":"Noxious Fumes","floor":10,"key":"SMITH"},{"floor":12,"key":"REST"},{"data":"Noxious Fumes","floor":15,"key":"SMITH"},{"floor":25,"key":"REST"},{"floor":30,"key":"REST"},{"floor":32,"key":"REST"}],"path_taken":["M","M","?","$","M","E","R","E","T","R","?","R","M","$","R","BOSS","M","?","$","M","M","E","M","R","T","?","M","M","R","M","R","BOSS"],"build_version":"2018-06-07v3","seed_source_timestamp":13551805974109,"purchased_purges":1,"victory":false,"master_deck":["Defend_G","Defend_G","Defend_G","Defend_G","Strike_G","Strike_G","Strike_G","Survivor","Neutralize","Burst","Quick Slash","Dodge and Roll","Noxious Fumes+1","Deadly Poison","Noxious Fumes+1","Deadly Poison","Backflip","Deadly Poison","Blur","Envenom","Crippling Poison","Bouncing Flask","Bane","Outmaneuver+1","Footwork","Backflip+1","Distraction+1"],"max_hp_per_floor":[70,70,75,75,75,75,75,75,85,85,85,85,85,85,85,85,85,85,85,85,85,85,85,85,85,85,85,85,85,85,85,85,85],"relics":["Ring of the Snake","Darkstone Periapt","Meat on the Bone","Pear","Odd Mushroom","Velvet Choker","Happy Flower","Bottled Flame"],"card_choices":[{"not_picked":["Glass Knife","Die Die Die"],"picked":"Burst","floor":0},{"not_picked":["Blade Dance","Skewer"],"picked":"Quick Slash","floor":1},{"not_picked":["Expertise","Dagger Spray"],"picked":"Dodge and Roll","floor":2},{"not_picked":["Bane","Blur"],"picked":"Deadly Poison","floor":5},{"not_picked":["Heel Hook","Sucker Punch"],"picked":"Noxious Fumes","floor":6},{"not_picked":["Backflip","Finisher"],"picked":"Deadly Poison","floor":8},{"not_picked":["Distraction","Masterful Stab"],"picked":"Backflip","floor":11},{"not_picked":["Blur","Riddle With Holes"],"picked":"Deadly Poison","floor":13},{"not_picked":["Wraith Form v2","Die Die Die"],"picked":"Envenom","floor":16},{"not_picked":["Deadly Poison","Poisoned Stab"],"picked":"Crippling Poison","floor":18},{"not_picked":["Riddle With Holes+1","Deflect+1","Underhanded Strike"],"picked":"SKIP","floor":21},{"not_picked":["PiercingWail","Poisoned Stab"],"picked":"Outmaneuver+1","floor":22},{"not_picked":["Blur","Riddle With Holes","Slice"],"picked":"SKIP","floor":23},{"not_picked":["Deadly Poison","Tactician"],"picked":"Footwork","floor":24},{"not_picked":["Masterful Stab","Finisher","Underhanded Strike"],"picked":"SKIP","floor":28},{"not_picked":["Outmaneuver","Eviscerate"],"picked":"Backflip+1","floor":29},{"not_picked":["Slice","Underhanded Strike"],"picked":"Distraction+1","floor":31}],"player_experience":38433,"potions_floor_usage":[18,31,33,33],"damage_taken":[{"damage":0,"enemies":"Cultist","floor":1,"turns":5},{"damage":0,"enemies":"Jaw Worm","floor":2,"turns":4},{"damage":10,"enemies":"Small Slimes","floor":5,"turns":5},{"damage":11,"enemies":"3 Sentries","floor":6,"turns":8},{"damage":23,"enemies":"Gremlin Nob","floor":8,"turns":5},{"damage":12,"floor":11,"turns":4},{"damage":0,"enemies":"Exordium Thugs","floor":13,"turns":4},{"damage":32,"enemies":"Hexaghost","floor":16,"turns":7},{"damage":10,"enemies":"Spheric Guardian","floor":18,"turns":5},{"damage":20,"enemies":"3 Byrds","floor":21,"turns":4},{"damage":15,"enemies":"Snake Plant","floor":22,"turns":4},{"damage":23,"enemies":"Slavers","floor":23,"turns":5},{"damage":25,"enemies":"Sentry and Sphere","floor":24,"turns":4},{"damage":10,"enemies":"Snecko","floor":28,"turns":5},{"damage":27,"enemies":"3 Cultists","floor":29,"turns":5},{"damage":37,"enemies":"Cultist and Chosen","floor":31,"turns":6},{"damage":64,"enemies":"Champ","floor":33,"turns":11}],"relics_obtained":[{"floor":6,"key":"Darkstone Periapt"},{"floor":8,"key":"Meat on the Bone"},{"floor":9,"key":"Pear"},{"floor":11,"key":"Odd Mushroom"},{"floor":23,"key":"Happy Flower"},{"floor":26,"key":"Bottled Flame"}],"event_choices":[{"event_name":"Big Fish","player_choice":"Donut","floor":3,"damage_taken":0},{"event_name":"Mushrooms","player_choice":"Fought Mushrooms","floor":11,"damage_taken":0},{"event_name":"Back to Basics","player_choice":"Elegance","floor":19,"damage_taken":0},{"event_name":"Beggar","player_choice":"Gave Gold","floor":27,"damage_taken":0}],"boss_relics":[{"not_picked":["Runic Dome","Sozu"],"picked":"Velvet Choker"}],"items_purged_floors":[14],"potions_floor_spawned":[8,11,16,22,29,31],"seed_played":"7598175448071643316","killed_by":"Champ","ascension_level":0,"potions_obtained":[{"floor":8,"key":"SteroidPotion"},{"floor":11,"key":"Swift Potion"},{"floor":16,"key":"EssenceOfSteel"},{"floor":22,"key":"Ancient Potion"},{"floor":29,"key":"AttackPotion"},{"floor":31,"key":"Block Potion"}],"is_trial":false}