{"gold_per_floor":[115,115,115,190,201,221,241,267,267,232,260,260,295,308,308,308],"floor_reached":16,"playtime":8274,"items_purged":[],"score":180,"play_id":"95f05236-73bc-4f5b-a633-8c5018849956","local_time":"20190717141350","is_ascension_mode":true,"campfire_choices":[{"floor":12,"key":"REST"},{"floor":15,"key":"REST"}],"neow_cost":"NONE","seed_source_timestamp":528490803813300,"circlet_count":0,"master_deck":["AscendersBane","Strike_R","Strike_R","Strike_R","Strike_R","Defend_R","Defend_R","Defend_R","Defend_R","Bash","Battle Trance","Power Through","Headbutt","Havoc","Iron Wave","Ghostly Armor","Double Tap","Infernal Blade"],"relics":["Burning Blood","Self Forming Clay","Dodecahedron","Molten Egg 2","Happy Flower"],"potions_floor_usage":[6,7,13,16],"damage_taken":[{"damage":12,"enemies":"2 Louse","floor":1,"turns":4},{"damage":4,"enemies":"Small Slimes","floor":5,"turns":5},{"damage":2,"enemies":"Jaw Worm","floor":6,"turns":4},{"damage":0,"enemies":"Exordium Wildlife","floor":7,"turns":3},{"damage":63,"enemies":"Lagavulin","floor":8,"turns":10},{"damage":35,"enemies":"3 Sentries","floor":11,"turns":16},{"damage":32,"enemies":"Lagavulin","floor":13,"turns":9},{"damage":3,"enemies":"Blue Slaver","floor":14,"turns":4},{"damage":53,"enemies":"Slime Boss","floor":16,"turns":18}],"seed_played":"2913284121526115780","potions_obtained":[{"floor":1,"key":"AttackPotion"},{"floor":6,"key":"BloodPotion"},{"floor":7,"key":"GamblersBrew"},{"floor":11,"key":"SkillPotion"}],"is_trial":false,"path_per_floor":["M","?","?","?","M","M","M","E","T","?","E","R","E","M","R","B"],"character_chosen":"IRONCLAD","items_purchased":[],"campfire_rested":2,"item_purchase_floors":[],"current_hp_per_floor":[74,74,67,56,58,62,88,31,31,53,24,50,24,27,53,0],"gold":308,"neow_bonus":"TEN_PERCENT_HP_BONUS","is_prod":false,"is_daily":false,"chose_seed":false,"campfire_upgraded":0,"win_rate":0,"timestamp":1563369230,"path_taken":["M","?","?","?","M","M","M","E","T","?","E","R","E","M","R","BOSS"],"build_version":"2019-07-05","purchased_purges":0,"victory":false,"max_hp_per_floor":[88,88,88,88,88,88,88,88,88,88,88,88,88,88,88,88],"card_choices":[{"not_picked":["Bloodletting","Twin Strike"],"picked":"Battle Trance","floor":1},{"not_picked":["True Grit","Twin Strike"],"picked":"Power Through","floor":5},{"not_picked":["Sword Boomerang","Dropkick"],"picked":"Headbutt","floor":6},{"not_picked":["Twin Strike","Clash"],"picked":"Havoc","floor":7},{"not_picked":["Perfected Strike","Cleave"],"picked":"Iron Wave","floor":8},{"not_picked":["Warcry","True Grit"],"picked":"Ghostly Armor","floor":11},{"not_picked":["Whirlwind+1","Hemokinesis+1"],"picked":"Double Tap","floor":13},{"not_picked":["Flex","Hemokinesis+1"],"picked":"Infernal Blade","floor":14}],"player_experience":1004111,"relics_obtained":[{"floor":8,"key":"Self Forming Clay"},{"floor":9,"key":"Dodecahedron"},{"floor":11,"key":"Molten Egg 2"},{"floor":13,"key":"Happy Flower"}],"event_choices":[{"damage_healed":0,"gold_gain":0,"player_choice":"Ignored","damage_taken":0,"max_hp_gain":0,"max_hp_loss":0,"event_name":"Liars Game","floor":2,"gold_loss":0},{"cards_removed":["Strike_R"],"damage_healed":0,"gold_gain":0,"player_choice":"Card Removal","damage_taken":7,"max_hp_gain":0,"max_hp_loss":0,"event_name":"Golden Wing","floor":3,"gold_loss":0},{"damage_healed":0,"gold_gain":75,"player_choice":"Gather Gold","damage_taken":11,"max_hp_gain":0,"max_hp_loss":0,"event_name":"World of Goop","floor":4,"gold_loss":0},{"damage_healed":22,"gold_gain":0,"player_choice":"Healed","damage_taken":0,"max_hp_gain":0,"max_hp_loss":0,"event_name":"The Cleric","floor":10,"gold_loss":35}],"is_beta":false,"boss_relics":[],"items_purged_floors":[],"is_endless":false,"potions_floor_spawned":[1,6,7,11],"killed_by":"Slime Boss","ascension_level":10}