{"gold_per_floor":[20,37,56,56,72,100,25,25,25,57,57,76,90,90,90,191,191,202,234,234],"floor_reached":20,"playtime":1542,"items_purged":["Decay"],"score":301,"play_id":"5c2dbcd7-0761-432c-99c2-9fbc314e7d5e","local_time":"20190707083345","is_ascension_mode":true,"campfire_choices":[{"floor":8,"key":"REST"},{"floor":15,"key":"REST"}],"neow_cost":"NO_GOLD","seed_source_timestamp":322707113137200,"circlet_count":0,"master_deck":["AscendersBane","Strike_R","Strike_R","Strike_R","Strike_R","Strike_R","Defend_R","Defend_R","Defend_R","Defend_R","Bash","Pommel Strike","Shockwave","Clothesline","Wild Strike","Thunderclap","Cleave","Power Through","Body Slam","Offering","Feel No Pain","Wild Strike","Combust","Iron Wave","Feed","Havoc","Flame Barrier+1"],"relics":["Burning Blood","Paper Frog","Unceasing Top","Calipers","Mercury Hourglass","Orrery","Red Mask"],"potions_floor_usage":[10,16,16,16,18],"damage_taken":[{"damage":23,"enemies":"Cultist","floor":1,"turns":6},{"damage":3,"enemies":"2 Louse","floor":2,"turns":3},{"damage":0,"enemies":"Small Slimes","floor":3,"turns":3},{"damage":11,"enemies":"Exordium Wildlife","floor":5,"turns":4},{"damage":24,"enemies":"Gremlin Nob","floor":6,"turns":5},{"damage":52,"enemies":"3 Sentries","floor":10,"turns":8},{"damage":9,"enemies":"3 Louse","floor":12,"turns":2},{"damage":1,"enemies":"2 Fungi Beasts","floor":13,"turns":2},{"damage":20,"enemies":"Slime Boss","floor":16,"turns":6},{"damage":14,"enemies":"Chosen","floor":18,"turns":5},{"damage":48,"enemies":"Masked Bandits","floor":19,"turns":5},{"damage":36,"enemies":"Spheric Guardian","floor":20,"turns":5}],"seed_played":"-2601745226923512577","potions_obtained":[{"floor":3,"key":"Ancient Potion"},{"floor":5,"key":"SneckoOil"},{"floor":11,"key":"Fire Potion"},{"floor":11,"key":"EssenceOfSteel"},{"floor":11,"key":"SteroidPotion"},{"floor":16,"key":"SkillPotion"}],"is_trial":false,"path_per_floor":["M","M","M","?","M","E","$","R","T","E","?","M","M","T","R","B",null,"M","?","M"],"character_chosen":"IRONCLAD","items_purchased":[],"campfire_rested":2,"item_purchase_floors":[],"current_hp_per_floor":[71,74,80,80,75,57,57,85,85,39,39,36,41,41,69,55,86,78,36,0],"gold":234,"neow_bonus":"TWENTY_PERCENT_HP_BONUS","is_prod":false,"is_daily":false,"chose_seed":false,"campfire_upgraded":0,"win_rate":0,"timestamp":1562484825,"path_taken":["M","?","M","?","?","E","$","R","T","E","?","?","M","?","R","BOSS","M","?","M"],"build_version":"2019-07-05","purchased_purges":1,"victory":false,"max_hp_per_floor":[96,96,96,96,96,96,96,96,96,96,96,96,96,96,96,96,96,96,96,96],"card_choices":[{"not_picked":["Heavy Blade","Sentinel"],"picked":"Pommel Strike","floor":1},{"not_picked":["Heavy Blade","Clash"],"picked":"Shockwave","floor":2},{"not_picked":["Exhume","Headbutt"],"picked":"Clothesline","floor":3},{"not_picked":["Dual Wield","Flex"],"picked":"Wild Strike","floor":5},{"not_picked":["Bloodletting","Twin Strike"],"picked":"Thunderclap","floor":6},{"not_picked":["Heavy Blade","Sever Soul"],"picked":"Cleave","floor":10},{"not_picked":["Clash","Thunderclap"],"picked":"Power Through","floor":12},{"not_picked":["Barricade","Sever Soul"],"picked":"Body Slam","floor":13},{"not_picked":["Barricade","Limit Break"],"picked":"Offering","floor":16},{"not_picked":["Flex","Shockwave"],"picked":"Feel No Pain","floor":17},{"not_picked":["Perfected Strike","Clash"],"picked":"Wild Strike","floor":17},{"not_picked":["Entrench","Flex"],"picked":"Combust","floor":17},{"not_picked":["Power Through","Twin Strike"],"picked":"Iron Wave","floor":17},{"not_picked":["Power Through","Shrug It Off"],"picked":"Feed","floor":17},{"not_picked":["Shockwave","Headbutt"],"picked":"Havoc","floor":18},{"not_picked":["Dual Wield+1","Shrug It Off"],"picked":"Flame Barrier+1","floor":19}],"player_experience":989395,"relics_obtained":[{"floor":6,"key":"Paper Frog"},{"floor":9,"key":"Unceasing Top"},{"floor":10,"key":"Calipers"},{"floor":14,"key":"Mercury Hourglass"},{"floor":19,"key":"Red Mask"}],"event_choices":[{"damage_healed":0,"gold_gain":0,"player_choice":"Cursed","damage_taken":0,"max_hp_gain":0,"max_hp_loss":0,"event_name":"Wheel of Change","floor":4,"gold_loss":0,"cards_obtained":["Decay"]},{"damage_healed":0,"gold_gain":0,"player_choice":"Got Potions","damage_taken":0,"max_hp_gain":0,"max_hp_loss":0,"event_name":"Lab","floor":11,"gold_loss":0},{"damage_healed":0,"gold_gain":0,"player_choice":"Fought Bandits","damage_taken":0,"max_hp_gain":0,"max_hp_loss":0,"event_name":"Masked Bandits","floor":19,"gold_loss":0}],"is_beta":false,"boss_relics":[{"not_picked":["Eternal Feather","Cursed Key"],"picked":"Orrery"}],"items_purged_floors":[7],"is_endless":false,"potions_floor_spawned":[3,5,16],"killed_by":"Spheric Guardian","ascension_level":10}