{"gold_per_floor":[18,30,30,44,62,62,93,113,185,220,281,292,118,133,133,235,235,249,164,11,11,25,55,74,106,106,122,47,47,47,79,79,177,177,189,189,201,217,0,30,30,57,57,7,33,33,33,61,61,61,61,61,11,40,40],"floor_reached":56,"playtime":4668,"items_purged":["Strike_R","Injury","Cleave"],"score":1386,"play_id":"baae8cb5-5910-478a-98b9-4b1556acb884","local_time":"20190724175722","is_ascension_mode":true,"campfire_choices":[{"data":"Armaments","floor":6,"key":"SMITH"},{"data":"Armaments","floor":15,"key":"SMITH"},{"data":"Juggernaut","floor":30,"key":"SMITH"},{"floor":32,"key":"REST"},{"floor":47,"key":"REST"},{"floor":49,"key":"RECALL"},{"data":"Pommel Strike","floor":52,"key":"SMITH"}],"neow_cost":"NO_GOLD","seed_source_timestamp":55473674703737,"circlet_count":0,"master_deck":["Bash","Juggernaut+1","Pommel Strike+1","Reaper","Armaments+1","Immolate","Burning Pact","Shrug It Off","Corruption+1","Armaments+1","Shockwave","Dark Embrace+1","Cleave","Entrench","Shockwave","Feel No Pain+1","Flex","Heavy Blade","Fire Breathing+1","Combust+1","Shrug It Off+1","Shrug It Off+1","Feel No Pain+1","Rupture+1","Brutality+1","Armaments+1","Flame Barrier","Limit Break","Reckless Charge","Infernal Blade+1","Body Slam+1","Shrug It Off+1","Demon Form+1","Warcry+1"],"relics":["Burning Blood","Mango","Frozen Egg 2","Ice Cream","Oddly Smooth Stone","Pandora\u0027s Box","Shuriken","Happy Flower","Letter Opener","Omamori","The Courier","Bronze Scales","Champion Belt","Potion Belt","Calling Bell","Thread and Needle","Paper Frog","Smiling Mask","Red Mask","Ancient Tea Set","Mercury Hourglass","PreservedInsect","Self Forming Clay","Centennial Puzzle"],"potions_floor_usage":[7,12,14,16,40,42,50,54,55,55],"damage_taken":[{"damage":2,"enemies":"Small Slimes","floor":1,"turns":5},{"damage":2,"enemies":"2 Louse","floor":2,"turns":2},{"damage":6,"enemies":"Jaw Worm","floor":4,"turns":4},{"damage":5,"enemies":"Looter","floor":5,"turns":3},{"damage":31,"enemies":"Gremlin Nob","floor":7,"turns":4},{"damage":5,"enemies":"3 Louse","floor":8,"turns":2},{"damage":17,"enemies":"3 Sentries","floor":10,"turns":5},{"damage":8,"enemies":"3 Sentries","floor":11,"turns":5},{"damage":0,"enemies":"Red Slaver","floor":12,"turns":4},{"damage":0,"enemies":"Exordium Wildlife","floor":14,"turns":3},{"damage":42,"enemies":"The Guardian","floor":16,"turns":8},{"damage":19,"enemies":"2 Thieves","floor":18,"turns":4},{"damage":3,"enemies":"3 Byrds","floor":22,"turns":3},{"damage":13,"enemies":"Book of Stabbing","floor":23,"turns":6},{"damage":15,"enemies":"Centurion and Healer","floor":24,"turns":6},{"damage":34,"enemies":"Slavers","floor":25,"turns":3},{"damage":2,"enemies":"3 Cultists","floor":27,"turns":4},{"damage":31,"enemies":"Gremlin Leader","floor":31,"turns":6},{"damage":46,"enemies":"Automaton","floor":33,"turns":7},{"damage":14,"enemies":"Orb Walker","floor":35,"turns":4},{"damage":26,"enemies":"3 Darklings","floor":37,"turns":5},{"damage":17,"enemies":"Maw","floor":38,"turns":6},{"damage":5,"enemies":"Giant Head","floor":40,"turns":6},{"damage":20,"enemies":"Reptomancer","floor":42,"turns":5},{"damage":33,"enemies":"Nemesis","floor":45,"turns":5},{"damage":9,"enemies":"Giant Head","floor":48,"turns":5},{"damage":23,"enemies":"Donu and Deca","floor":50,"turns":7},{"damage":30,"enemies":"Shield and Spear","floor":54,"turns":6},{"damage":18,"enemies":"The Heart","floor":55,"turns":6}],"seed_played":"-7066164874899790011","potions_obtained":[{"floor":2,"key":"Explosive Potion"},{"floor":7,"key":"SteroidPotion"},{"floor":10,"key":"Weak Potion"},{"floor":11,"key":"SpeedPotion"},{"floor":12,"key":"SkillPotion"},{"floor":22,"key":"Ancient Potion"},{"floor":24,"key":"GamblersBrew"},{"floor":33,"key":"PowerPotion"},{"floor":37,"key":"Strength Potion"},{"floor":40,"key":"SteroidPotion"},{"floor":48,"key":"LiquidBronze"}],"is_trial":false,"path_per_floor":["M","M","?","M","M","R","E","M","T","E","?","M","$","M","R","B",null,"M","?","$","?","M","E","M","E","T","M","?","T","R","E","R","B",null,"M","?","M","M","?","E","$","E","T","$","E","?","R","E","R","B",null,"R","$","E","B",null],"character_chosen":"IRONCLAD","items_purchased":["Corruption+1","Armaments","Happy Flower"],"campfire_rested":2,"item_purchase_floors":[13,13,20],"current_hp_per_floor":[80,80,80,80,80,80,69,70,70,67,73,79,79,85,85,49,94,81,81,81,81,84,86,77,49,49,53,53,53,53,28,56,16,94,86,86,66,55,55,56,56,42,42,42,15,15,43,40,40,23,94,94,94,78,88],"gold":40,"neow_bonus":"THREE_RARE_CARDS","is_prod":false,"is_daily":false,"chose_seed":false,"campfire_upgraded":4,"win_rate":0,"timestamp":1563983842,"path_taken":["M","M","?","M","M","R","E","M","T","E","?","M","$","M","R","BOSS","M","?","$","?","M","E","M","E","T","M","?","?","R","E","R","BOSS","M","?","?","M","?","E","?","E","T","$","E","?","R","E","R","BOSS","R","$","E","BOSS"],"build_version":"2019-07-05","purchased_purges":3,"victory":true,"max_hp_per_floor":[80,80,80,80,80,80,94,94,94,94,94,94,94,94,94,94,94,94,94,94,94,94,94,94,94,94,94,94,94,94,94,94,94,94,94,94,94,94,94,94,94,94,94,94,94,94,94,94,94,94,94,94,94,94,94],"card_choices":[{"not_picked":["Immolate","Limit Break"],"picked":"Juggernaut","floor":0},{"not_picked":["Body Slam","Uppercut"],"picked":"Pommel Strike","floor":1},{"not_picked":["Perfected Strike","Power Through"],"picked":"Cleave","floor":2},{"not_picked":["Sword Boomerang","Wild Strike"],"picked":"Armaments","floor":4},{"not_picked":["Seeing Red","Heavy Blade","Anger"],"picked":"SKIP","floor":5},{"not_picked":["Shrug It Off","Pommel Strike"],"picked":"Immolate","floor":7},{"not_picked":["Body Slam","Reckless Charge","Fire Breathing"],"picked":"SKIP","floor":8},{"not_picked":["Heavy Blade","Clash"],"picked":"Burning Pact","floor":10},{"not_picked":["True Grit","Clash"],"picked":"Shrug It Off","floor":12},{"not_picked":["Body Slam","Feed"],"picked":"Shockwave","floor":14},{"not_picked":["Offering","Fiend Fire"],"picked":"Dark Embrace+1","floor":16},{"not_picked":["Warcry","Intimidate"],"picked":"Disarm","floor":18},{"not_picked":["Headbutt","Sword Boomerang"],"picked":"Fire Breathing+1","floor":22},{"not_picked":["Carnage","Anger"],"picked":"Combust+1","floor":23},{"not_picked":["Thunderclap","Rage"],"picked":"Shrug It Off+1","floor":24},{"not_picked":["Pummel","True Grit+1"],"picked":"Shrug It Off+1","floor":25},{"not_picked":["True Grit","Clash"],"picked":"Feel No Pain+1","floor":27},{"not_picked":["Pommel Strike+1","Hemokinesis"],"picked":"Rupture+1","floor":31},{"not_picked":["Immolate","Offering"],"picked":"Brutality+1","floor":33},{"not_picked":["Wild Strike","Clash"],"picked":"Armaments+1","floor":35},{"not_picked":["Armaments+1","True Grit"],"picked":"Limit Break","floor":37},{"not_picked":["Anger+1","Carnage"],"picked":"Reckless Charge","floor":38},{"not_picked":["Heavy Blade","Cleave"],"picked":"Infernal Blade+1","floor":40},{"not_picked":["Iron Wave","Pummel+1"],"picked":"Body Slam+1","floor":42},{"not_picked":["Wild Strike+1","Body Slam"],"picked":"Shrug It Off+1","floor":45},{"not_picked":["Shockwave+1","Cleave+1"],"picked":"Demon Form+1","floor":48},{"not_picked":["Searing Blow+1","Armaments"],"picked":"Warcry+1","floor":54}],"player_experience":115274,"relics_obtained":[{"floor":7,"key":"Mango"},{"floor":9,"key":"Frozen Egg 2"},{"floor":10,"key":"Ice Cream"},{"floor":11,"key":"Oddly Smooth Stone"},{"floor":23,"key":"Omamori"},{"floor":25,"key":"The Courier"},{"floor":26,"key":"Bronze Scales"},{"floor":29,"key":"Champion Belt"},{"floor":31,"key":"Potion Belt"},{"floor":34,"key":"Thread and Needle"},{"floor":34,"key":"Paper Frog"},{"floor":34,"key":"Smiling Mask"},{"floor":40,"key":"Ancient Tea Set"},{"floor":42,"key":"Mercury Hourglass"},{"floor":45,"key":"PreservedInsect"},{"floor":48,"key":"Self Forming Clay"},{"floor":54,"key":"Centennial Puzzle"}],"event_choices":[{"damage_healed":0,"gold_gain":0,"cards_transformed":["Strike_R"],"player_choice":"Change","damage_taken":0,"max_hp_gain":0,"max_hp_loss":0,"event_name":"Living Wall","floor":3,"gold_loss":0,"cards_obtained":["Reaper"]},{"damage_healed":0,"gold_gain":30,"player_choice":"Searched \u00272\u0027 times","damage_taken":0,"max_hp_gain":0,"max_hp_loss":0,"event_name":"Dead Adventurer","floor":11,"gold_loss":0},{"damage_healed":0,"gold_gain":0,"player_choice":"Obtained Relic","damage_taken":0,"relics_obtained":["Shuriken"],"max_hp_gain":0,"max_hp_loss":0,"event_name":"Addict","floor":19,"gold_loss":85},{"damage_healed":0,"gold_gain":0,"player_choice":"Opened","damage_taken":0,"relics_obtained":["Letter Opener"],"max_hp_gain":0,"max_hp_loss":0,"event_name":"The Mausoleum","floor":21,"gold_loss":0,"cards_obtained":["Writhe"]},{"cards_removed":["Writhe"],"damage_healed":0,"gold_gain":0,"player_choice":"Gave Gold","damage_taken":0,"max_hp_gain":0,"max_hp_loss":0,"event_name":"Beggar","floor":28,"gold_loss":75},{"damage_healed":0,"gold_gain":0,"cards_transformed":["Dual Wield"],"player_choice":"Transformed","damage_taken":0,"max_hp_gain":0,"max_hp_loss":0,"event_name":"Transmorgrifier","floor":36,"gold_loss":0,"cards_obtained":["Flame Barrier"]},{"damage_healed":0,"gold_gain":0,"player_choice":"Paid","damage_taken":0,"relics_obtained":["Red Mask"],"max_hp_gain":0,"max_hp_loss":0,"event_name":"Tomb of Lord Red Mask","floor":39,"gold_loss":217},{"cards_removed":["Disarm"],"damage_healed":0,"gold_gain":0,"player_choice":"Removed Skill","damage_taken":0,"max_hp_gain":0,"max_hp_loss":0,"event_name":"Falling","floor":46,"gold_loss":0}],"is_beta":false,"boss_relics":[{"not_picked":["Ectoplasm","Sozu"],"picked":"Pandora\u0027s Box"},{"not_picked":["Astrolabe","Runic Dome"],"picked":"Calling Bell"}],"items_purged_floors":[13,44,53],"is_endless":false,"potions_floor_spawned":[2,7,10,11,12,22,24,33,37,40,48],"ascension_level":1}