{"gold_per_floor":[362,376,17,17,34,64,64,90,90,102,52,78,96,114,114,212,212,232,244,244,87,103,103,122,122,122,134,159,171,190,218,218,314,314,325,338,338,45,45,72,72,92,92,112,112,141,159,188,188,188,188,188,24,49,49],"floor_reached":56,"playtime":9524,"items_purged":["Strike_B","Strike_B"],"score":1840,"play_id":"4b56317d-ef8a-4e89-af4a-576c7c1d30bf","local_time":"20190723193325","is_ascension_mode":true,"campfire_choices":[{"data":"Zap","floor":7.0,"key":"SMITH"},{"data":"Darkness","floor":15.0,"key":"SMITH"},{"data":"Capacitor","floor":23.0,"key":"SMITH"},{"data":"Multi-Cast","floor":25.0,"key":"SMITH"},{"data":"Consume","floor":32,"key":"SMITH"},{"data":"Chill","floor":41,"key":"SMITH"},{"floor":49,"key":"RECALL"},{"data":"Loop","floor":52,"key":"SMITH"}],"neow_cost":"TEN_PERCENT_HP_LOSS","seed_source_timestamp":1165240542103300,"circlet_count":0,"master_deck":["AscendersBane","Defend_B","Defend_B","Defend_B","Zap+1","Dualcast","Cold Snap","Consume+1","Darkness+1","Doom and Gloom","Genetic Algorithm","Echo Form","Chill+1","Conserve Battery","Steam","Multi-Cast+1","Hologram","Coolheaded","Genetic Algorithm","Capacitor+1","Stack","Capacitor","Barrage+1","Leap+1","Stack+1","Self Repair+1","Darkness+1","Conserve Battery+1","Chaos+1","Seek","Loop+1","Redo+1","Blind","Rebound"],"special_seed":0,"relics":["Cracked Core","Mummified Hand","Pantograph","Emotion Chip","Bird Faced Urn","Orichalcum","Velvet Choker","Matryoshka","Mercury Hourglass","Ancient Tea Set","Inserter","Strawberry","Nunchaku","PreservedInsect","Incense Burner","Centennial Puzzle","Boot"],"potions_floor_usage":[31,33,46,55,55],"damage_taken":[{"damage":2.0,"enemies":"2 Louse","floor":1.0,"turns":3.0},{"damage":0.0,"enemies":"Cultist","floor":2.0,"turns":3.0},{"damage":0.0,"enemies":"Small Slimes","floor":5.0,"turns":2.0},{"damage":16.0,"enemies":"3 Sentries","floor":6.0,"turns":6.0},{"damage":11.0,"enemies":"Lagavulin","floor":8.0,"turns":6.0},{"damage":6.0,"enemies":"Blue Slaver","floor":10.0,"turns":3.0},{"damage":18.0,"enemies":"3 Sentries","floor":12.0,"turns":5.0},{"damage":3.0,"enemies":"Exordium Thugs","floor":13.0,"turns":3.0},{"damage":0.0,"enemies":"Large Slime","floor":14.0,"turns":5.0},{"damage":2.0,"enemies":"The Guardian","floor":16.0,"turns":9.0},{"damage":0.0,"enemies":"Chosen","floor":18.0,"turns":6.0},{"damage":9.0,"enemies":"Shell Parasite","floor":19.0,"turns":6.0},{"damage":1.0,"enemies":"Snake Plant","floor":22.0,"turns":4.0},{"damage":0.0,"enemies":"Shelled Parasite and Fungi","floor":24.0,"turns":8.0},{"damage":10.0,"enemies":"Cultist and Chosen","floor":27.0,"turns":11.0},{"damage":5.0,"enemies":"Slavers","floor":28.0,"turns":5.0},{"damage":0.0,"enemies":"Sentry and Sphere","floor":29.0,"turns":6.0},{"damage":0.0,"enemies":"3 Cultists","floor":30.0,"turns":6.0},{"damage":18,"enemies":"Gremlin Leader","floor":31,"turns":9},{"damage":18,"enemies":"Champ","floor":33,"turns":9},{"damage":12,"enemies":"3 Darklings","floor":35,"turns":5},{"damage":9,"enemies":"Orb Walker","floor":36,"turns":6},{"damage":6,"enemies":"Nemesis","floor":40,"turns":7},{"damage":0,"enemies":"Spire Growth","floor":42,"turns":7},{"damage":16,"enemies":"Sphere and 2 Shapes","floor":44,"turns":9},{"damage":13,"enemies":"Giant Head","floor":46,"turns":7},{"damage":11,"enemies":"4 Shapes","floor":47,"turns":7},{"damage":0,"enemies":"Nemesis","floor":48,"turns":7},{"damage":64,"enemies":"Awakened One","floor":50,"turns":11},{"damage":19,"enemies":"Shield and Spear","floor":54,"turns":8},{"damage":25,"enemies":"The Heart","floor":55,"turns":8}],"seed_played":"2666994812127959989","potions_obtained":[{"floor":1.0,"key":"EssenceOfSteel"},{"floor":5.0,"key":"EntropicBrew"},{"floor":10.0,"key":"Poison Potion"},{"floor":13.0,"key":"EssenceOfSteel"},{"floor":18.0,"key":"Fire Potion"},{"floor":19.0,"key":"SneckoOil"},{"floor":22.0,"key":"PowerPotion"},{"floor":28.0,"key":"GamblersBrew"},{"floor":35,"key":"Ancient Potion"}],"is_trial":false,"path_per_floor":["M","M","$","?","M","E","R","E","T","M","?","E","M","M","R","B",null,"M","M","?","$","M","R","M","R","T","M","E","M","M","E","R","B",null,"M","M","?","$","?","E","R","M","T","M","?","E","M","E","R","B",null,"R","$","E","B",null],"character_chosen":"DEFECT","items_purchased":["Mummified Hand","Darkness","FocusPotion","Capacitor","PowerPotion","Strawberry","FocusPotion","Blind"],"campfire_rested":0,"item_purchase_floors":[3,3,3,21,38,38,53,53],"current_hp_per_floor":[66,66,66,66,66,50,50,39,39,33,33,17,14,14,14,39,61,63,68,68,68,67,67,68,68,68,58,55,59,65,55,55,68,68,68,68,65,72,72,72,72,72,72,68,68,72,72,72,72,38,64,64,64,72,55],"gold":49,"neow_bonus":"TWO_FIFTY_GOLD","is_prod":false,"is_daily":false,"chose_seed":false,"campfire_upgraded":7,"win_rate":0,"timestamp":1563924805,"path_taken":["M","M","$","?","M","E","R","E","T","?","?","E","M","M","R","BOSS","M","M","?","?","M","R","M","R","T","M","E","M","?","E","R","BOSS","M","M","?","$","?","E","R","M","T","M","?","E","?","E","R","BOSS","R","$","E","BOSS"],"build_version":"2019-07-17","purchased_purges":2,"victory":true,"max_hp_per_floor":[68,68,68,68,68,68,68,68,68,68,68,68,68,68,68,68,68,68,68,68,68,68,68,68,68,68,68,68,68,68,68,68,68,68,68,68,65,72,72,72,72,72,72,72,72,72,72,72,72,72,72,72,72,72,72],"card_choices":[{"not_picked":["Double Energy","Turbo"],"picked":"Cold Snap","floor":1.0},{"not_picked":["Darkness","Coolheaded"],"picked":"Consume","floor":2.0},{"not_picked":["Auto Shields","Stack"],"picked":"Conserve Battery","floor":5.0},{"not_picked":["Stack","Turbo"],"picked":"Doom and Gloom","floor":6.0},{"not_picked":["Heatsinks","Storm"],"picked":"Genetic Algorithm","floor":8.0},{"not_picked":["Conserve Battery","Sweeping Beam"],"picked":"Echo Form","floor":10.0},{"not_picked":["Rebound","Double Energy"],"picked":"Chill","floor":12.0},{"not_picked":["Turbo","Sweeping Beam"],"picked":"Conserve Battery","floor":13.0},{"not_picked":["Stack","Sweeping Beam"],"picked":"Steam","floor":14.0},{"not_picked":["Rainbow","Thunder Strike"],"picked":"Multi-Cast","floor":16.0},{"not_picked":["Fusion","Rip and Tear"],"picked":"Hologram","floor":18.0},{"not_picked":["Turbo+1","Gash"],"picked":"Coolheaded","floor":19.0},{"not_picked":["Recycle","Self Repair"],"picked":"Stack","floor":22.0},{"not_picked":["Beam Cell","Force Field"],"picked":"Capacitor","floor":24.0},{"not_picked":["Sweeping Beam","Reprogram","Leap"],"picked":"SKIP","floor":27.0},{"not_picked":["Ball Lightning","Tempest"],"picked":"Barrage+1","floor":28.0},{"not_picked":["Gash+1","Sunder"],"picked":"Leap+1","floor":29.0},{"not_picked":["Tempest","Coolheaded"],"picked":"Stack+1","floor":30.0},{"not_picked":["BootSequence","Leap"],"picked":"Self Repair+1","floor":31},{"not_picked":["Go for the Eyes+1","BootSequence+1"],"picked":"Darkness+1","floor":35},{"not_picked":["Stack","Gash"],"picked":"Conserve Battery+1","floor":36},{"not_picked":["Reinforced Body+1","Turbo"],"picked":"Chaos+1","floor":40},{"not_picked":["Compile Driver","Chill","Go for the Eyes+1"],"picked":"SKIP","floor":42},{"not_picked":["White Noise+1","Steam+1","Streamline"],"picked":"SKIP","floor":44},{"not_picked":["Redo+1","Hologram+1"],"picked":"Seek","floor":46},{"not_picked":["Redo","Sweeping Beam+1"],"picked":"Loop","floor":47},{"not_picked":["Stack","Steam Power"],"picked":"Redo+1","floor":48},{"not_picked":["Sweeping Beam","Rainbow"],"picked":"Rebound","floor":54}],"player_experience":772752,"relics_obtained":[{"floor":6.0,"key":"Pantograph"},{"floor":8.0,"key":"Emotion Chip"},{"floor":9.0,"key":"Bird Faced Urn"},{"floor":12.0,"key":"Orichalcum"},{"floor":26.0,"key":"Matryoshka"},{"floor":28.0,"key":"Mercury Hourglass"},{"floor":31,"key":"Ancient Tea Set"},{"floor":40,"key":"Nunchaku"},{"floor":43,"key":"PreservedInsect"},{"floor":46,"key":"Incense Burner"},{"floor":48,"key":"Centennial Puzzle"},{"floor":54,"key":"Boot"}],"event_choices":[{"cards_removed":["Strike_B"],"damage_healed":0.0,"max_hp_gain":0.0,"max_hp_loss":0.0,"gold_gain":0.0,"event_name":"Bonfire Elementals","player_choice":"Offered Basic","floor":4.0,"gold_loss":0.0,"damage_taken":0.0},{"cards_removed":["Strike_B"],"damage_healed":0.0,"max_hp_gain":0.0,"max_hp_loss":0.0,"gold_gain":0.0,"event_name":"The Cleric","player_choice":"Card Removal","floor":11.0,"gold_loss":50.0,"damage_taken":0.0},{"damage_healed":0.0,"max_hp_gain":0.0,"max_hp_loss":0.0,"gold_gain":0.0,"event_name":"Duplicator","player_choice":"Copied","floor":20.0,"gold_loss":0.0,"damage_taken":0.0,"cards_obtained":["Genetic Algorithm"]},{"damage_healed":0,"gold_gain":0,"player_choice":"Max HP","damage_taken":0,"max_hp_gain":0,"max_hp_loss":3,"event_name":"Winding Halls","floor":37,"gold_loss":0},{"cards_removed":["Conserve Battery"],"damage_healed":0,"gold_gain":0,"player_choice":"Removed Skill","damage_taken":0,"max_hp_gain":0,"max_hp_loss":0,"event_name":"Falling","floor":39,"gold_loss":0},{"cards_removed":["Defend_B"],"damage_healed":0,"gold_gain":0,"player_choice":"Purged","damage_taken":0,"max_hp_gain":0,"max_hp_loss":0,"event_name":"Purifier","floor":45,"gold_loss":0}],"is_beta":false,"boss_relics":[{"not_picked":["FrozenCore","Sozu"],"picked":"Velvet Choker"},{"not_picked":["Busted Crown","Snecko Eye"],"picked":"Inserter"}],"items_purged_floors":[21,38],"is_endless":false,"potions_floor_spawned":[1,5,10,13,16,18,19,22,28,30,35,40,42],"ascension_level":11}