{"path_per_floor":["M","M","$","?","?","R","M","M","T","$","R","M","R","E","R","B",null,"M","$","M","?","M","R","M"],"character_chosen":"IRONCLAD","items_purchased":["Double Tap","Armaments","Madness"],"gold_per_floor":[117,137,16,16,16,16,28,47,47,47,47,62,62,93,93,190,190,207,30,50,50,70,70,85],"floor_reached":25,"campfire_rested":4,"playtime":4779,"current_hp_per_floor":[72,72,72,54,54,54,60,49,49,49,70,58,72,55,72,38,72,63,63,55,55,11,32,11],"items_purged":["Rage"],"gold":85,"score":203,"play_id":"25ce0bc4-1a1a-4de7-8bee-ed5de386a8e6","is_prod":false,"is_daily":false,"is_ascension_mode":false,"campfire_upgraded":1,"path_taken":["M","M","$","?","?","R","M","M","T","?","R","M","R","E","R","BOSS","M","$","M","?","M","R","M","E"],"build_version":"2018-02-22-PROD1","purchased_purges":1,"victory":false,"master_deck":["Strike_R","Strike_R","Strike_R","Strike_R","Defend_R","Defend_R","Defend_R","Defend_R","Bash","Demon Form","Iron Wave","Double Tap","Armaments+1","Demon Form","Offering","Armaments","Metallicize","Heavy Blade","Juggernaut","Madness","Twin Strike","Uppercut","Sword Boomerang+1","Anger"],"max_hp_per_floor":[72,72,72,72,72,72,72,72,72,72,72,72,72,72,72,72,72,72,72,72,72,72,72,72],"relics":["Burning Blood","Toolbox","Omamori","Velvet Choker"],"card_choices":[{"not_picked":["Dark Embrace","Double Tap"],"picked":"Demon Form"},{"not_picked":["Headbutt","Rupture"],"picked":"Iron Wave"},{"not_picked":["Warcry","Flex"],"picked":"Rage"},{"not_picked":["Bloodletting","True Grit"],"picked":"Offering"},{"not_picked":["Clash","Pommel Strike"],"picked":"Armaments"},{"not_picked":["Blood for Blood","Cleave"],"picked":"Metallicize"},{"not_picked":["Intimidate","Body Slam"],"picked":"Heavy Blade"},{"not_picked":["Berserk","Feed"],"picked":"Juggernaut"},{"not_picked":["Clothesline","Dual Wield"],"picked":"Twin Strike"},{"not_picked":["Clash","Perfected Strike"],"picked":"Sword Boomerang"},{"not_picked":["Dropkick","Clash"],"picked":"Anger"}],"player_experience":24396,"potions_floor_usage":[24,24,25],"damage_taken":[{"damage":6.0,"enemies":"Cultist","floor":1.0,"turns":4.0},{"damage":4.0,"enemies":"2 Louse","floor":2.0,"turns":3.0},{"damage":0.0,"enemies":"Jaw Worm","floor":7.0,"turns":4.0},{"damage":17.0,"enemies":"Red Slaver","floor":8.0,"turns":5.0},{"damage":18.0,"enemies":"Lots of Slimes","floor":12.0,"turns":7.0},{"damage":23.0,"enemies":"Gremlin Nob","floor":14.0,"turns":5.0},{"damage":40.0,"enemies":"The Guardian","floor":16.0,"turns":11.0},{"damage":15.0,"enemies":"Shell Parasite","floor":18.0,"turns":6.0},{"damage":14.0,"enemies":"Spheric Guardian","floor":20.0,"turns":4.0},{"damage":50.0,"enemies":"Cultist and Chosen","floor":22.0,"turns":8.0},{"damage":27,"enemies":"Slaver and Parasite","floor":24,"turns":6},{"damage":22,"enemies":"Gremlin Leader","floor":25,"turns":8}],"event_choices":[{"event_name":"Scrap Ooze","player_choice":"success","floor":4.0,"damage_taken":18.0},{"event_name":"Transmorgrifier","player_choice":"Transform","floor":5.0,"damage_taken":0.0},{"event_name":"Match and Keep!","player_choice":"2 cards matched","floor":21.0,"damage_taken":0.0},{"event_name":"Match and Keep!","player_choice":"2 cards matched","floor":21.0,"damage_taken":0.0}],"boss_relics":[],"potions_floor_spawned":[8,12,14,22,24],"seed_played":"-8961788621396055903","killed_by":"Gremlin Leader","ascension_level":0,"is_trial":false}