{"gold_per_floor":[112,188,188,202,202,230,230,244,271,114,114,134,134,153,153,153],"floor_reached":16,"playtime":683,"items_purged":["Defend_R"],"score":100,"play_id":"ca463401-535f-4c1d-8f78-dd5641cee42e","local_time":"20190709092018","is_ascension_mode":false,"campfire_choices":[{"floor":13,"key":"REST"},{"data":"Infernal Blade","floor":15,"key":"SMITH"}],"neow_cost":"NONE","seed_source_timestamp":61040089359355,"circlet_count":0,"master_deck":["Strike_R","Strike_R","Strike_R","Strike_R","Defend_R+1","Defend_R","Defend_R","Bash+1","Flame Barrier","Shrug It Off","Battle Trance","Double Tap","Enlightenment","Infernal Blade+1"],"relics":["Burning Blood","Ancient Tea Set","Frozen Egg 2","PreservedInsect","Letter Opener","Juzu Bracelet"],"potions_floor_usage":[6,14,16,16],"damage_taken":[{"damage":6,"enemies":"Cultist","floor":1,"turns":3},{"damage":0,"enemies":"2 Louse","floor":4,"turns":2},{"damage":52,"enemies":"Gremlin Nob","floor":6,"turns":7},{"damage":0,"enemies":"Small Slimes","floor":8,"turns":3},{"damage":10,"enemies":"Looter","floor":12,"turns":3},{"damage":0,"enemies":"Gremlin Gang","floor":14,"turns":2},{"damage":34,"enemies":"Slime Boss","floor":16,"turns":5}],"seed_played":"9129670480250914647","potions_obtained":[{"floor":1,"key":"SneckoOil"},{"floor":6,"key":"SpeedPotion"},{"floor":12,"key":"AttackPotion"},{"floor":14,"key":"Swift Potion"}],"is_trial":false,"path_per_floor":["M","T","?","M","?","E","T","M","T","$","?","M","R","M","R","B"],"character_chosen":"IRONCLAD","items_purchased":["Enlightenment"],"campfire_rested":1,"item_purchase_floors":[10],"current_hp_per_floor":[80,80,64,70,75,29,29,35,35,35,35,31,56,62,62,28],"gold":153,"neow_bonus":"RANDOM_COMMON_RELIC","is_prod":false,"is_daily":false,"chose_seed":false,"campfire_upgraded":1,"win_rate":0.0,"timestamp":1562682018,"path_taken":["M","?","?","M","?","E","?","M","T","$","?","M","R","M","R","BOSS"],"build_version":"2019-07-05","purchased_purges":1,"victory":false,"max_hp_per_floor":[80,80,80,80,85,85,85,85,85,85,85,85,85,85,85,85],"card_choices":[{"not_picked":["Spot Weakness","Perfected Strike"],"picked":"Flame Barrier","floor":1},{"not_picked":["Clothesline","Sever Soul"],"picked":"Shrug It Off","floor":4},{"not_picked":["Pummel","Shrug It Off"],"picked":"Battle Trance","floor":6},{"not_picked":["Dropkick","Sword Boomerang"],"picked":"Double Tap","floor":8},{"not_picked":["Clothesline","Perfected Strike","Fire Breathing+1"],"picked":"SKIP","floor":12},{"not_picked":["Sword Boomerang","Anger"],"picked":"Infernal Blade","floor":14}],"player_experience":50330,"relics_obtained":[{"floor":2,"key":"Frozen Egg 2"},{"floor":6,"key":"PreservedInsect"},{"floor":7,"key":"Letter Opener"},{"floor":9,"key":"Juzu Bracelet"}],"event_choices":[{"damage_healed":0,"gold_gain":0,"player_choice":"Entered Light","damage_taken":16,"max_hp_gain":0,"max_hp_loss":0,"event_name":"Shining Light","floor":3,"gold_loss":0,"cards_upgraded":["Defend_R","Bash"]},{"damage_healed":0,"gold_gain":0,"player_choice":"Donut","damage_taken":0,"max_hp_gain":5,"max_hp_loss":0,"event_name":"Big Fish","floor":5,"gold_loss":0},{"cards_removed":["Strike_R"],"damage_healed":0,"gold_gain":0,"player_choice":"Purged","damage_taken":0,"max_hp_gain":0,"max_hp_loss":0,"event_name":"Purifier","floor":11,"gold_loss":0}],"is_beta":false,"boss_relics":[],"items_purged_floors":[10],"is_endless":false,"potions_floor_spawned":[1,6,12,14],"killed_by":"Slime Boss","ascension_level":0}