{"gold_per_floor":[112,127,138,138,152,178,178,178,205,220,77,109,126,141,141,241,241,231,245,121,121,139,139,166,166],"floor_reached":25,"playtime":1505,"items_purged":["Strike_G"],"score":235,"play_id":"fcec0fbd-e176-4431-98b7-c4bf2aee64e3","local_time":"20190710034854","is_ascension_mode":false,"campfire_choices":[{"data":"Bouncing Flask","floor":7,"key":"SMITH"},{"floor":15,"key":"REST"},{"floor":23,"key":"REST"}],"neow_cost":"NONE","seed_source_timestamp":36700550618491,"circlet_count":0,"master_deck":["Strike_G","Strike_G","Strike_G","Strike_G+1","Defend_G","Defend_G","Defend_G","Defend_G","Defend_G","Survivor","Neutralize","Bouncing Flask+1","Flying Knee+1","Backflip","Dagger Throw","Neutralize","Good Instincts","Deflect","Noxious Fumes","Deadly Poison","Terror","Dagger Spray+1","Deadly Poison","Slice","Well Laid Plans","Deflect"],"relics":["Ring of the Snake","NeowsBlessing","Bag of Marbles","Orichalcum","Whetstone","Black Star","Calipers","Blue Candle"],"potions_floor_usage":[6,16,16,16,24,24,24],"damage_taken":[{"damage":0,"enemies":"Cultist","floor":1,"turns":1},{"damage":0,"enemies":"2 Louse","floor":2,"turns":1},{"damage":0,"enemies":"Small Slimes","floor":3,"turns":1},{"damage":2,"enemies":"2 Fungi Beasts","floor":5,"turns":4},{"damage":18,"enemies":"Lagavulin","floor":6,"turns":6},{"damage":0,"enemies":"Blue Slaver","floor":10,"turns":3},{"damage":15,"enemies":"3 Sentries","floor":12,"turns":6},{"damage":17,"enemies":"Exordium Thugs","floor":13,"turns":5},{"damage":7,"enemies":"Large Slime","floor":14,"turns":5},{"damage":11,"enemies":"Hexaghost","floor":16,"turns":8},{"damage":17,"enemies":"2 Thieves","floor":18,"turns":4},{"damage":9,"enemies":"Shell Parasite","floor":19,"turns":4},{"damage":24,"enemies":"Snake Plant","floor":22,"turns":4},{"damage":27,"enemies":"Gremlin Leader","floor":24,"turns":5},{"damage":15,"enemies":"Centurion and Healer","floor":25,"turns":2}],"seed_played":"-6596427541226106265","potions_obtained":[{"floor":2,"key":"Strength Potion"},{"floor":3,"key":"AttackPotion"},{"floor":12,"key":"Strength Potion"},{"floor":13,"key":"SteroidPotion"},{"floor":16,"key":"Swift Potion"},{"floor":18,"key":"GamblersBrew"},{"floor":22,"key":"Swift Potion"}],"is_trial":false,"path_per_floor":["M","M","M","?","M","E","R","?","T","M","$","E","M","M","R","B",null,"M","M","$","?","M","R","E","M"],"character_chosen":"THE_SILENT","items_purchased":["Noxious Fumes","Slice","Well Laid Plans"],"campfire_rested":2,"item_purchase_floors":[11,20,20],"current_hp_per_floor":[70,70,70,70,68,50,50,50,50,50,50,35,18,11,32,21,70,53,44,44,44,20,41,14,0],"gold":166,"neow_bonus":"THREE_ENEMY_KILL","is_prod":false,"is_daily":false,"chose_seed":false,"campfire_upgraded":1,"win_rate":0.0,"timestamp":1562748534,"path_taken":["M","M","?","?","?","E","R","?","T","?","$","E","?","M","R","BOSS","M","M","$","?","M","R","E","M"],"build_version":"2019-07-05","purchased_purges":1,"victory":false,"max_hp_per_floor":[70,70,70,70,70,70,70,70,70,70,70,70,70,70,70,70,70,70,70,70,70,70,70,70,70],"card_choices":[{"not_picked":["Dodge and Roll","Flechettes"],"picked":"Bouncing Flask","floor":1},{"not_picked":["Quick Slash","Deflect"],"picked":"Flying Knee","floor":2},{"not_picked":["Underhanded Strike","Outmaneuver","Escape Plan"],"picked":"SKIP","floor":3},{"not_picked":["Calculated Gamble","Catalyst"],"picked":"Backflip","floor":5},{"not_picked":["Riddle With Holes","Reflex"],"picked":"Dagger Throw","floor":6},{"not_picked":["Backstab","Infinite Blades"],"picked":"Deflect","floor":10},{"not_picked":["Masterful Stab","A Thousand Cuts","Quick Slash"],"picked":"SKIP","floor":12},{"not_picked":["Dagger Throw","Acrobatics"],"picked":"Deadly Poison","floor":13},{"not_picked":["Blur","Dagger Spray"],"picked":"Terror","floor":14},{"not_picked":["Heel Hook","Finisher"],"picked":"Dagger Spray+1","floor":18},{"not_picked":["Masterful Stab","Skewer"],"picked":"Deadly Poison","floor":19},{"not_picked":["Reflex","Prepared"],"picked":"Deflect","floor":22},{"not_picked":["Envenom","PiercingWail","Masterful Stab"],"picked":"SKIP","floor":24}],"player_experience":77185,"relics_obtained":[{"floor":6,"key":"Bag of Marbles"},{"floor":9,"key":"Orichalcum"},{"floor":12,"key":"Whetstone"},{"floor":24,"key":"Calipers"},{"floor":24,"key":"Blue Candle"}],"event_choices":[{"damage_healed":0,"gold_gain":0,"player_choice":"Ignored","damage_taken":0,"max_hp_gain":0,"max_hp_loss":0,"event_name":"NoteForYourself","floor":4,"gold_loss":0},{"damage_healed":0,"gold_gain":0,"player_choice":"2 cards matched","damage_taken":0,"max_hp_gain":0,"max_hp_loss":0,"event_name":"Match and Keep!","floor":8,"gold_loss":0,"cards_obtained":["Neutralize","Good Instincts"]},{"damage_healed":0,"gold_gain":0,"player_choice":"Ignored","damage_taken":0,"max_hp_gain":0,"max_hp_loss":0,"event_name":"The Mausoleum","floor":21,"gold_loss":0}],"is_beta":false,"boss_relics":[{"not_picked":["Ectoplasm","White Beast Statue"],"picked":"Black Star"}],"items_purged_floors":[11],"is_endless":false,"potions_floor_spawned":[2,3,12,13,16,18,22],"killed_by":"Centurion and Healer","ascension_level":0}