{"gold_per_floor":[109,126,136,10,30,59,59,76,76,87,87,12,12,24,24,119,119,132,162,181,31,42,67,67,79,79,79,29,45,64,79,79,174,174,193,203,221,0,10,10,25,25,25,40,52,1,223,147,147,147,147,147,2,33,33],"floor_reached":55,"playtime":3674,"items_purged":["Dualcast","Creative AI","Reinforced Body+1"],"score":672,"play_id":"edc7ff6c-98ba-41f1-9bcb-e081ce7fb14b","local_time":"20190724120322","is_ascension_mode":false,"campfire_choices":[{"floor":7,"key":"RECALL"},{"data":"Scrape","floor":15,"key":"SMITH"},{"data":"Hologram","floor":24,"key":"SMITH"},{"data":"Force Field+1","floor":27,"key":"PURGE"},{"data":"Capacitor","floor":32,"key":"PURGE"},{"data":"Machine Learning","floor":40,"key":"SMITH"},{"floor":42,"key":"REST"},{"data":"Beam Cell","floor":49,"key":"SMITH"},{"data":"Self Repair","floor":52,"key":"PURGE"}],"neow_cost":"NONE","seed_source_timestamp":153978133068781,"circlet_count":0,"master_deck":["Zap+1","BootSequence","Gash","Streamline","Hologram+1","Streamline","Scrape+1","Beam Cell+1","Go for the Eyes","Coolheaded+1","Streamline","Turbo+1","Glacier+1","Steam Power+1","Fission+1","Gash","Reprogram+1","Turbo+1","Double Energy+1","Coolheaded+1","Steam+1","Machine Learning+1","Steam Power+1","Hologram+1","Deep Breath+1","Scrape+1","Gash","Hologram+1","Flash of Steel"],"relics":["Cracked Core","Cables","Toxic Egg 2","Gambling Chip","Pandora\u0027s Box","Red Mask","Pear","Peace Pipe","Nuclear Battery","Calipers"],"potions_floor_usage":[6,16,19,23,30,33,33,37,39,50,50,55,55],"damage_taken":[{"damage":0,"enemies":"2 Louse","floor":1,"turns":2},{"damage":0,"enemies":"Jaw Worm","floor":2,"turns":3},{"damage":0,"enemies":"Small Slimes","floor":3,"turns":2},{"damage":0,"enemies":"Looter","floor":5,"turns":3},{"damage":13,"enemies":"Lagavulin","floor":6,"turns":5},{"damage":1,"enemies":"Lots of Slimes","floor":8,"turns":3},{"damage":4,"enemies":"Large Slime","floor":10,"turns":4},{"damage":0,"enemies":"Exordium Wildlife","floor":14,"turns":3},{"damage":33,"enemies":"Hexaghost","floor":16,"turns":9},{"damage":1,"enemies":"3 Byrds","floor":18,"turns":3},{"damage":0,"enemies":"Masked Bandits","floor":19,"turns":4},{"damage":0,"enemies":"Shell Parasite","floor":20,"turns":2},{"damage":0,"enemies":"Chosen and Byrds","floor":22,"turns":4},{"damage":22,"enemies":"Slavers","floor":23,"turns":4},{"damage":1,"enemies":"Snecko","floor":25,"turns":6},{"damage":0,"enemies":"Sentry and Sphere","floor":29,"turns":3},{"damage":0,"enemies":"Snake Plant","floor":30,"turns":2},{"damage":5,"enemies":"Centurion and Healer","floor":31,"turns":3},{"damage":61,"enemies":"Collector","floor":33,"turns":10},{"damage":1,"enemies":"3 Darklings","floor":35,"turns":6},{"damage":0,"enemies":"3 Shapes","floor":36,"turns":2},{"damage":26,"enemies":"Maw","floor":37,"turns":6},{"damage":0,"enemies":"3 Darklings","floor":39,"turns":3},{"damage":15,"enemies":"Spire Growth","floor":41,"turns":4},{"damage":0,"enemies":"Transient","floor":44,"turns":5},{"damage":0,"enemies":"Maw","floor":45,"turns":5},{"damage":5,"enemies":"Awakened One","floor":50,"turns":6},{"damage":9,"enemies":"Shield and Spear","floor":54,"turns":4},{"damage":91,"enemies":"The Heart","floor":55,"turns":6}],"seed_played":"3970230853871658991","potions_obtained":[{"floor":1,"key":"Energy Potion"},{"floor":14,"key":"Dexterity Potion"},{"floor":16,"key":"GamblersBrew"},{"floor":18,"key":"PowerPotion"},{"floor":25,"key":"Weak Potion"},{"floor":29,"key":"SkillPotion"},{"floor":31,"key":"Weak Potion"},{"floor":33,"key":"Ancient Potion"},{"floor":36,"key":"Fire Potion"},{"floor":37,"key":"Poison Potion"},{"floor":44,"key":"AttackPotion"},{"floor":45,"key":"Regen Potion"},{"floor":54,"key":"SpeedPotion"}],"is_trial":false,"path_per_floor":["M","M","M","$","M","E","R","M","T","M","?","$","?","M","R","B",null,"M","?","M","$","M","E","R","M","T","R","?","M","M","M","R","B",null,"M","M","M","$","M","R","M","R","T","M","M","$","?","$","R","B",null,"R","$","E","B"],"character_chosen":"DEFECT","items_purchased":["Hologram","Coolheaded+1","Streamline","Gash","Deep Breath+1","Strength Potion","Regen Potion","Hologram+1","Flash of Steel"],"campfire_rested":1,"item_purchase_floors":[4,12,12,21,38,46,48,53,53],"current_hp_per_floor":[75,75,75,75,75,62,62,61,61,57,75,75,72,72,72,39,75,75,75,75,75,75,63,63,62,62,62,62,69,76,78,78,24,85,85,85,66,66,66,66,58,83,83,83,85,85,85,85,85,85,85,85,85,76,0],"gold":33,"neow_bonus":"UPGRADE_CARD","is_prod":false,"is_daily":false,"chose_seed":false,"campfire_upgraded":4,"win_rate":0,"timestamp":1563984202,"path_taken":["M","M","M","$","M","E","R","M","T","M","?","$","?","M","R","BOSS","M","?","M","$","M","E","R","M","T","R","?","M","M","M","R","BOSS","M","M","M","?","M","R","M","R","T","M","M","$","?","$","R","BOSS","R","$","E","BOSS"],"build_version":"2019-07-17","purchased_purges":3,"victory":false,"max_hp_per_floor":[75,75,75,75,75,75,75,75,75,75,75,75,75,75,75,75,75,75,75,75,75,75,85,85,85,85,85,85,85,85,85,85,85,85,85,85,85,85,85,85,85,85,85,85,85,85,85,85,85,85,85,85,85,85,85],"card_choices":[{"not_picked":["Fusion","Leap"],"picked":"BootSequence","floor":1},{"not_picked":["Darkness","Sunder"],"picked":"Gash","floor":2},{"not_picked":["Go for the Eyes","Beam Cell"],"picked":"Streamline","floor":3},{"not_picked":["Hologram","Ball Lightning"],"picked":"Streamline","floor":5},{"not_picked":["Aggregate","Redo"],"picked":"Scrape","floor":6},{"not_picked":["Coolheaded","Streamline"],"picked":"Beam Cell","floor":8},{"not_picked":["Multi-Cast+1","Streamline"],"picked":"Go for the Eyes","floor":10},{"not_picked":["Steam+1","Conserve Battery+1"],"picked":"Turbo+1","floor":14},{"not_picked":["Barrage","Conserve Battery+1","Redo+1"],"picked":"SKIP","floor":18},{"not_picked":["Aggregate+1","Coolheaded+1","Stack+1"],"picked":"SKIP","floor":20},{"not_picked":["Rip and Tear","Barrage","Recycle+1"],"picked":"SKIP","floor":22},{"not_picked":["Sweeping Beam","Multi-Cast+1"],"picked":"Reprogram+1","floor":23},{"not_picked":["Sweeping Beam+1","Genetic Algorithm+1"],"picked":"Turbo+1","floor":25},{"not_picked":["Go for the Eyes","Cold Snap"],"picked":"Double Energy+1","floor":29},{"not_picked":["Thunder Strike","Sweeping Beam"],"picked":"Coolheaded+1","floor":30},{"not_picked":["Beam Cell+1","Lockon"],"picked":"Steam+1","floor":31},{"not_picked":["Echo Form","Rainbow+1"],"picked":"Machine Learning","floor":33},{"not_picked":["Barrage","Go for the Eyes"],"picked":"Steam Power+1","floor":35},{"not_picked":["Ball Lightning","Streamline+1","Genetic Algorithm+1"],"picked":"SKIP","floor":36},{"not_picked":["Go for the Eyes+1","Beam Cell+1"],"picked":"Hologram+1","floor":37},{"not_picked":["Fission+1","Rebound+1","Cold Snap+1"],"picked":"SKIP","floor":39},{"not_picked":["Consume+1","Loop+1"],"picked":"Scrape+1","floor":41},{"not_picked":["Defragment","Compile Driver","Stack+1"],"picked":"SKIP","floor":44},{"not_picked":["Rip and Tear","Beam Cell+1"],"picked":"Gash","floor":45},{"not_picked":["Force Field+1","Compile Driver","Hyperbeam"],"picked":"SKIP","floor":54}],"player_experience":120161,"relics_obtained":[{"floor":6,"key":"Cables"},{"floor":9,"key":"Toxic Egg 2"},{"floor":19,"key":"Red Mask"},{"floor":23,"key":"Pear"},{"floor":26,"key":"Peace Pipe"},{"floor":54,"key":"Calipers"}],"event_choices":[{"damage_healed":25,"gold_gain":0,"player_choice":"Banana","damage_taken":0,"max_hp_gain":0,"max_hp_loss":0,"event_name":"Big Fish","floor":11,"gold_loss":0},{"damage_healed":0,"gold_gain":0,"player_choice":"Success","damage_taken":3,"relics_obtained":["Gambling Chip"],"max_hp_gain":0,"max_hp_loss":0,"event_name":"Scrap Ooze","floor":13,"gold_loss":0},{"damage_healed":0,"gold_gain":0,"player_choice":"Fought Bandits","damage_taken":0,"max_hp_gain":0,"max_hp_loss":0,"event_name":"Masked Bandits","floor":19,"gold_loss":0},{"damage_healed":0,"gold_gain":0,"player_choice":"Bet on Murderer","damage_taken":0,"max_hp_gain":0,"max_hp_loss":0,"event_name":"The Joust","floor":28,"gold_loss":50},{"damage_healed":0,"gold_gain":222,"player_choice":"Wore Mask","damage_taken":0,"max_hp_gain":0,"max_hp_loss":0,"event_name":"Tomb of Lord Red Mask","floor":47,"gold_loss":0}],"is_beta":false,"boss_relics":[{"not_picked":["Runic Dome","Velvet Choker"],"picked":"Pandora\u0027s Box"},{"not_picked":["Sozu","White Beast Statue"],"picked":"Nuclear Battery"}],"items_purged_floors":[4,21,38],"is_endless":false,"potions_floor_spawned":[1,14,16,18,25,29,31,33,36,37,44,45,54],"killed_by":"The Heart","ascension_level":0}