{"gold_per_floor":[15,28,38,51,70,84,95,106,106,106,27,27,27,40,40,142,192,203,40,54,69,81,81,81,6,6,23,23,49,49,49,49,49],"floor_reached":33,"playtime":1460,"items_purged":["Strike_B"],"score":340,"play_id":"a00c418f-9e36-49b4-8fec-4d791d93f1fc","local_time":"20190722215248","is_ascension_mode":false,"campfire_choices":[{"data":"Zap","floor":10,"key":"SMITH"},{"data":"Self Repair","floor":12,"key":"SMITH"},{"data":"Turbo","floor":15,"key":"SMITH"},{"data":"Steam Power","floor":23,"key":"SMITH"},{"data":"All For One","floor":28,"key":"SMITH"},{"data":"Turbo","floor":30,"key":"SMITH"},{"data":"Streamline","floor":32,"key":"SMITH"}],"neow_cost":"NO_GOLD","seed_source_timestamp":18781670923268,"circlet_count":0,"master_deck":["Strike_B","Defend_B","Defend_B","Defend_B","Defend_B","Zap+1","Steam","Gash","Turbo+1","Streamline","BootSequence+1","Go for the Eyes","Self Repair+1","Gash","All For One+1","Sweeping Beam","Beam Cell","Flash of Steel","Turbo+1","Steam Power+1","Double Energy+1","Streamline+1","Gash","Gash","Shame"],"relics":["Cracked Core","Vajra","Tiny House","Bottled Flame","Smiling Mask","Orichalcum"],"potions_floor_usage":[4,5,7,7,16,21,22,24,27,29,33],"damage_taken":[{"damage":0,"enemies":"Cultist","floor":1,"turns":4},{"damage":0,"enemies":"Small Slimes","floor":2,"turns":4},{"damage":1,"enemies":"Jaw Worm","floor":3,"turns":4},{"damage":3,"enemies":"Large Slime","floor":4,"turns":7},{"damage":2,"enemies":"3 Louse","floor":5,"turns":4},{"damage":0,"enemies":"2 Fungi Beasts","floor":6,"turns":4},{"damage":10,"enemies":"Gremlin Gang","floor":7,"turns":4},{"damage":4,"enemies":"3 Louse","floor":8,"turns":3},{"damage":6,"enemies":"Blue Slaver","floor":14,"turns":3},{"damage":56,"enemies":"The Guardian","floor":16,"turns":11},{"damage":0,"enemies":"Chosen","floor":18,"turns":4},{"damage":12,"enemies":"Shell Parasite","floor":20,"turns":4},{"damage":14,"enemies":"Chosen and Byrds","floor":21,"turns":5},{"damage":12,"enemies":"Sentry and Sphere","floor":22,"turns":4},{"damage":0,"enemies":"Snecko","floor":24,"turns":1},{"damage":27,"enemies":"Centurion and Healer","floor":27,"turns":5},{"damage":0,"enemies":"Slavers","floor":29,"turns":3},{"damage":68,"enemies":"Champ","floor":33,"turns":9}],"seed_played":"-2998467834759358136","potions_obtained":[{"floor":3,"key":"Weak Potion"},{"floor":4,"key":"Fire Potion"},{"floor":5,"key":"FocusPotion"},{"floor":6,"key":"EssenceOfSteel"},{"floor":8,"key":"Regen Potion"},{"floor":14,"key":"Energy Potion"},{"floor":16,"key":"Poison Potion"},{"floor":17,"key":"SmokeBomb"},{"floor":18,"key":"FocusPotion"},{"floor":21,"key":"AttackPotion"},{"floor":22,"key":"SteroidPotion"},{"floor":27,"key":"AttackPotion"},{"floor":29,"key":"EssenceOfSteel"}],"is_trial":false,"path_per_floor":["M","M","M","M","M","M","M","M","T","R","$","R","?","M","R","B",null,"M","$","M","M","M","R","M","$","T","M","R","E","R","?","R","B"],"character_chosen":"DEFECT","items_purchased":["Self Repair","Beam Cell","Flash of Steel","Turbo"],"campfire_rested":0,"item_purchase_floors":[11,19,19,19],"current_hp_per_floor":[75,75,74,71,69,69,59,55,55,55,55,55,48,52,52,21,80,80,80,78,74,72,72,72,72,72,55,55,65,65,65,65,0],"gold":49,"neow_bonus":"REMOVE_TWO","is_prod":false,"is_daily":false,"chose_seed":false,"campfire_upgraded":7,"win_rate":0.0,"timestamp":1563846768,"path_taken":["M","M","M","M","M","M","M","M","T","R","$","R","?","M","R","BOSS","M","$","M","M","M","R","M","$","T","M","R","E","R","?","R","BOSS"],"build_version":"2019-07-17","purchased_purges":1,"victory":false,"max_hp_per_floor":[75,75,75,75,75,75,75,75,75,75,75,75,75,75,75,75,80,80,80,80,80,80,80,80,80,80,80,80,80,80,80,80,80],"card_choices":[{"not_picked":["Stack","Ball Lightning"],"picked":"Steam","floor":1},{"not_picked":["Fusion","Compile Driver"],"picked":"Gash","floor":2},{"not_picked":["Glacier","Conserve Battery"],"picked":"Turbo","floor":3},{"not_picked":["Chaos","Defragment","Consume"],"picked":"SKIP","floor":4},{"not_picked":["Redo","Compile Driver"],"picked":"Streamline","floor":5},{"not_picked":["Stack","Hello World","Barrage"],"picked":"SKIP","floor":6},{"not_picked":["Biased Cognition","Leap"],"picked":"BootSequence","floor":7},{"not_picked":["Chaos","Recycle"],"picked":"Go for the Eyes","floor":8},{"not_picked":["Go for the Eyes","Steam"],"picked":"Gash","floor":14},{"not_picked":["Fission","Reboot"],"picked":"All For One","floor":16},{"not_picked":["Redo","Steam"],"picked":"Sweeping Beam","floor":17},{"not_picked":["Auto Shields+1","Rebound","Undo"],"picked":"SKIP","floor":18},{"not_picked":["Darkness","Sunder+1"],"picked":"Steam Power","floor":20},{"not_picked":["Rebound+1","Recycle"],"picked":"Double Energy+1","floor":21},{"not_picked":["Beam Cell","Leap"],"picked":"Streamline","floor":22},{"not_picked":["Cold Snap","Redo"],"picked":"Gash","floor":27},{"not_picked":["Rip and Tear","White Noise"],"picked":"Gash","floor":29}],"player_experience":107061,"relics_obtained":[{"floor":9,"key":"Vajra"},{"floor":26,"key":"Bottled Flame"},{"floor":29,"key":"Smiling Mask"}],"event_choices":[{"cards_removed":["Strike_B"],"damage_healed":0,"gold_gain":0,"player_choice":"Card Removal","damage_taken":7,"max_hp_gain":0,"max_hp_loss":0,"event_name":"Golden Wing","floor":13,"gold_loss":0},{"damage_healed":0,"gold_gain":0,"player_choice":"Stole Relic","damage_taken":0,"relics_obtained":["Orichalcum"],"max_hp_gain":0,"max_hp_loss":0,"event_name":"Addict","floor":31,"gold_loss":0,"cards_obtained":["Shame"]}],"is_beta":false,"boss_relics":[{"not_picked":["Busted Crown","Inserter"],"picked":"Tiny House"}],"items_purged_floors":[25],"is_endless":false,"potions_floor_spawned":[3,4,5,6,8,14,16,18,21,22,27,29],"killed_by":"Champ","ascension_level":0}