{"gold_per_floor":[114,114,129,144,159,159,159,159,159,174,174,189,204,204,204,304,304,319,334,154,154,154,154,154,184,184,199,214,214,117,132,132,232,232,247,247,347,362,362,362,362,392,392,92,92,107,107,122,122,122],"floor_reached":51,"playtime":3713,"items_purged":["Flying Knee","All Out Attack"],"score":787,"play_id":"812b28f7-c750-4280-9d45-880149ef33c6","local_time":"20190720070758","daily_mods":["Draft","Vintage","Lethality"],"is_ascension_mode":false,"campfire_choices":[{"data":"Backstab","floor":6,"key":"SMITH"},{"data":"Infinite Blades","floor":8,"key":"SMITH"},{"data":"Caltrops","floor":11,"key":"SMITH"},{"data":"Cloak And Dagger","floor":15,"key":"SMITH"},{"floor":23,"key":"REST"},{"floor":29,"key":"REST"},{"floor":32,"key":"REST"},{"floor":40,"key":"REST"},{"floor":45,"key":"REST"},{"floor":47,"key":"REST"},{"floor":49,"key":"REST"}],"neow_cost":"","seed_source_timestamp":388781192771000,"circlet_count":0,"master_deck":["Blade Dance+1","Blade Dance+1","Infinite Blades+1","Caltrops+1","Blade Dance","Backstab+1","Cloak And Dagger+1","Dodge and Roll","Blur","Blade Dance","Accuracy+1","Blade Dance","Terror","Unload+1","Footwork+1","Cloak And Dagger","Flash of Steel+1","Skewer+1","Backflip","Phantasmal Killer+1","Madness","Madness","Backflip+1","Blur"],"special_seed":18097,"relics":["Ring of the Snake","Bird Faced Urn","Ice Cream","Frozen Egg 2","Centennial Puzzle","Letter Opener","WingedGreaves","Molten Egg 2","Bag of Marbles","Fusion Hammer","War Paint","Bag of Preparation","Bottled Tornado","Kunai","Sundial","Question Card","Bottled Flame","Gremlin Horn","Sozu","Juzu Bracelet","Calipers","Darkstone Periapt","Pear","Potion Belt","Dead Branch","Chemical X","The Courier","Mercury Hourglass"],"potions_floor_usage":[],"damage_taken":[{"damage":9,"enemies":"Jaw Worm","floor":1,"turns":2},{"damage":0,"enemies":"Cultist","floor":3,"turns":1},{"damage":0,"enemies":"2 Louse","floor":4,"turns":1},{"damage":0,"enemies":"Red Slaver","floor":5,"turns":1},{"damage":0,"enemies":"Large Slime","floor":10,"turns":3},{"damage":0,"enemies":"3 Louse","floor":12,"turns":1},{"damage":0,"enemies":"Exordium Wildlife","floor":13,"turns":2},{"damage":50,"enemies":"The Guardian","floor":16,"turns":4},{"damage":10,"enemies":"Chosen","floor":18,"turns":2},{"damage":16,"enemies":"3 Byrds","floor":19,"turns":2},{"damage":16,"enemies":"Slavers","floor":25,"turns":3},{"damage":24,"enemies":"Snake Plant","floor":27,"turns":2},{"damage":15,"enemies":"Centurion and Healer","floor":28,"turns":2},{"damage":8,"enemies":"Cultist and Chosen","floor":31,"turns":3},{"damage":4,"enemies":"Automaton","floor":33,"turns":7},{"damage":0,"enemies":"Orb Walker","floor":35,"turns":1},{"damage":0,"enemies":"Mind Bloom Boss Battle","floor":37,"turns":2},{"damage":0,"enemies":"3 Darklings","floor":38,"turns":3},{"damage":0,"enemies":"Nemesis","floor":42,"turns":3},{"damage":0,"enemies":"Jaw Worm Horde","floor":46,"turns":1},{"damage":7,"enemies":"Maw","floor":48,"turns":3},{"damage":44,"enemies":"Awakened One","floor":50,"turns":7}],"seed_played":"-5512153490597295687","potions_obtained":[{"floor":4,"key":"FairyPotion"},{"floor":12,"key":"Swift Potion"},{"floor":13,"key":"Poison Potion"},{"floor":25,"key":"Explosive Potion"}],"is_trial":false,"path_per_floor":["?","M","?","M","?","?","T","?","$","?","?","?","?"],"character_chosen":"THE_SILENT","items_purchased":["Footwork+1","Cloak And Dagger","Flash of Steel+1","Backflip","Chemical X"],"campfire_rested":7,"item_purchase_floors":[20,20,20,30,44],"current_hp_per_floor":[61,61,63,65,65,65,65,65,65,70,70,70,70,75,75,25,75,67,57,57,43,43,67,67,59,59,41,30,54,54,52,76,80,80,80,70,76,80,90,90,90,90,90,90,90,90,90,83,90,52],"gold":122,"neow_bonus":"","is_prod":false,"is_daily":true,"chose_seed":false,"campfire_upgraded":4,"win_rate":0.0,"timestamp":1563620878,"path_taken":["M","?","M","?","M","R","?","R","T","?","R","M","M","?","R","BOSS","M","M","$","?","?","R","?","E","T","M","M","R","?","M","R","BOSS","M","?","?","M","?","R","?","E","T","$","R","M","R","M","R","BOSS"],"build_version":"2019-01-23","purchased_purges":2,"victory":true,"max_hp_per_floor":[70,70,70,70,70,70,70,70,70,70,70,70,70,75,75,75,75,75,75,75,80,80,80,80,80,80,80,80,80,80,80,80,80,80,80,80,80,80,90,90,90,90,90,90,90,90,90,90,90,90],"card_choices":[{"not_picked":["Deadly Poison","Tactician"],"picked":"Blade Dance","floor":0},{"not_picked":["Sucker Punch","Footwork"],"picked":"Blade Dance","floor":0},{"not_picked":["Prepared","Acrobatics"],"picked":"Infinite Blades","floor":0},{"not_picked":["Outmaneuver","Deadly Poison"],"picked":"Caltrops","floor":0},{"not_picked":["Acrobatics","Deflect"],"picked":"All Out Attack","floor":0},{"not_picked":["Dagger Spray","Sucker Punch"],"picked":"Blade Dance","floor":0},{"not_picked":["Deflect","Deadly Poison"],"picked":"Backstab","floor":0},{"not_picked":["Bouncing Flask","Quick Slash"],"picked":"Cloak And Dagger","floor":0},{"not_picked":["Quick Slash","Flying Knee"],"picked":"Dodge and Roll","floor":0},{"not_picked":["Backflip","Predator"],"picked":"Blur","floor":0},{"not_picked":["Bouncing Flask","Flechettes"],"picked":"Flying Knee","floor":0},{"not_picked":["Deadly Poison","Underhanded Strike"],"picked":"Blade Dance","floor":0},{"not_picked":["Riddle With Holes","Cloak And Dagger"],"picked":"Noxious Fumes","floor":0},{"not_picked":["Expertise","Calculated Gamble"],"picked":"Accuracy","floor":0},{"not_picked":["Quick Slash","Bouncing Flask"],"picked":"Blade Dance","floor":0},{"not_picked":["Die Die Die+1","Tools of the Trade+1"],"picked":"Unload+1","floor":16},{"not_picked":["Dagger Spray+1","Tactician+1"],"picked":"Skewer+1","floor":25},{"not_picked":["Malaise","Doppelganger","Tools of the Trade+1"],"picked":"Phantasmal Killer","floor":33},{"not_picked":["Catalyst+1","Flying Knee+1","Footwork+1"],"picked":"Backflip+1","floor":37},{"not_picked":["Slice+1","Eviscerate+1","Dodge and Roll"],"picked":"Blur","floor":42}],"player_experience":13155,"relics_obtained":[{"floor":1,"key":"Bird Faced Urn"},{"floor":3,"key":"Ice Cream"},{"floor":4,"key":"Frozen Egg 2"},{"floor":5,"key":"Centennial Puzzle"},{"floor":9,"key":"Letter Opener"},{"floor":10,"key":"WingedGreaves"},{"floor":12,"key":"Molten Egg 2"},{"floor":13,"key":"Bag of Marbles"},{"floor":18,"key":"War Paint"},{"floor":19,"key":"Bag of Preparation"},{"floor":22,"key":"Bottled Tornado"},{"floor":25,"key":"Kunai"},{"floor":26,"key":"Sundial"},{"floor":27,"key":"Question Card"},{"floor":28,"key":"Bottled Flame"},{"floor":31,"key":"Gremlin Horn"},{"floor":35,"key":"Juzu Bracelet"},{"floor":37,"key":"Calipers"},{"floor":38,"key":"Darkstone Periapt"},{"floor":39,"key":"Pear"},{"floor":42,"key":"Potion Belt"},{"floor":43,"key":"Dead Branch"},{"floor":46,"key":"The Courier"},{"floor":48,"key":"Mercury Hourglass"}],"event_choices":[{"damage_healed":0,"gold_gain":0,"cards_transformed":["Noxious Fumes"],"player_choice":"Transformed","damage_taken":0,"max_hp_gain":0,"max_hp_loss":0,"event_name":"Transmorgrifier","floor":2,"gold_loss":0,"cards_obtained":["Terror"]},{"damage_healed":0,"gold_gain":0,"player_choice":"Upgraded","damage_taken":0,"max_hp_gain":0,"max_hp_loss":0,"event_name":"Upgrade Shrine","floor":7,"gold_loss":0,"cards_upgraded":["Accuracy"]},{"damage_healed":0,"gold_gain":0,"player_choice":"Donut","damage_taken":0,"max_hp_gain":5,"max_hp_loss":0,"event_name":"Big Fish","floor":14,"gold_loss":0},{"damage_healed":0,"gold_gain":0,"player_choice":"Shed Blood","damage_taken":19,"max_hp_gain":5,"max_hp_loss":0,"event_name":"Forgotten Altar","floor":21,"gold_loss":0},{"damage_healed":0,"gold_gain":0,"player_choice":"Ignored","damage_taken":0,"max_hp_gain":0,"max_hp_loss":0,"event_name":"Beggar","floor":24,"gold_loss":0},{"damage_healed":0,"gold_gain":0,"player_choice":"Embrace Madness","damage_taken":10,"max_hp_gain":0,"max_hp_loss":0,"event_name":"Winding Halls","floor":36,"gold_loss":0,"cards_obtained":["Madness","Madness"]},{"damage_healed":0,"gold_gain":0,"player_choice":"Fight","damage_taken":0,"max_hp_gain":0,"max_hp_loss":0,"event_name":"MindBloom","floor":37,"gold_loss":0},{"damage_healed":0,"gold_gain":0,"player_choice":"Relic","damage_taken":0,"max_hp_gain":0,"max_hp_loss":0,"event_name":"Wheel of Change","floor":39,"gold_loss":0},{"damage_healed":0,"gold_gain":0,"player_choice":"Forge","damage_taken":0,"max_hp_gain":0,"max_hp_loss":0,"event_name":"Accursed Blacksmith","floor":41,"gold_loss":0,"cards_upgraded":["Phantasmal Killer"]}],"is_beta":false,"boss_relics":[{"not_picked":["Lizard Tail","Astrolabe"],"picked":"Fusion Hammer"},{"not_picked":["Busted Crown","Runic Pyramid"],"picked":"Sozu"}],"items_purged_floors":[30,44],"is_endless":false,"potions_floor_spawned":[4,12,13,19,25,27,28,42,48],"ascension_level":0}