{"gold_per_floor":[110,285,71,71,83,83,111,111,111,126,3,3,19,19,19,114,114,132,142,142,142,154,181,193,205,240,252,264,54,54,67,67,165,165,180,180,199,42,42,71,71,101,151,151,200,200,210,237,237,237],"floor_reached":51,"playtime":3407,"items_purged":[],"score":1185,"play_id":"feabc04b-987e-44ea-96e8-b94bf0168cbb","local_time":"20190701202711","is_ascension_mode":true,"campfire_choices":[{"data":"Anger","floor":6,"key":"SMITH"},{"data":"Anger","floor":12,"key":"SMITH"},{"data":"Barricade","floor":15,"key":"SMITH"},{"floor":24,"key":"REST"},{"floor":28,"key":"REST"},{"floor":32,"key":"REST"},{"floor":49,"key":"RECALL"}],"neow_cost":"CURSE","seed_source_timestamp":181365212822600,"circlet_count":0,"master_deck":["Strike_R","Strike_R","Strike_R","Strike_R+1","Defend_R","Defend_R","Defend_R","Defend_R","Bash+1","Anger+1","Metallicize+1","Barricade+1","Anger","Anger+1","Ghostly Armor","Dropkick","Body Slam","Impervious","Inflame+1","Pummel+1","Impervious","Impervious","Metallicize+1","Metallicize+1","Iron Wave","Seeing Red+1","Shrug It Off+1","Flex+1","Iron Wave+1","Anger"],"relics":["Burning Blood","FossilizedHelix","PreservedInsect","Mercury Hourglass","Singing Bowl","Fusion Hammer","Juzu Bracelet","MutagenicStrength","MawBank","Anchor","Oddly Smooth Stone","Runic Pyramid","Bronze Scales","Omamori","Unceasing Top","WarpedTongs","Whetstone","Art of War","Incense Burner","Bag of Preparation"],"potions_floor_usage":[7,16,22,33,33,45,48],"damage_taken":[{"damage":11,"enemies":"Small Slimes","floor":1,"turns":4},{"damage":8,"enemies":"Cultist","floor":5,"turns":4},{"damage":7,"enemies":"Gremlin Nob","floor":7,"turns":4},{"damage":0,"enemies":"2 Louse","floor":10,"turns":2},{"damage":7,"enemies":"Red Slaver","floor":13,"turns":5},{"damage":24,"enemies":"Hexaghost","floor":16,"turns":9},{"damage":0,"enemies":"Chosen","floor":18,"turns":5},{"damage":0,"enemies":"Spheric Guardian","floor":19,"turns":4},{"damage":17,"enemies":"Snecko","floor":22,"turns":5},{"damage":61,"enemies":"Book of Stabbing","floor":23,"turns":6},{"damage":16,"enemies":"Snake Plant","floor":31,"turns":3},{"damage":25,"enemies":"Collector","floor":33,"turns":9},{"damage":0,"enemies":"3 Shapes","floor":35,"turns":4},{"damage":0,"enemies":"3 Darklings","floor":37,"turns":7},{"damage":18,"enemies":"Reptomancer","floor":40,"turns":5},{"damage":0,"enemies":"Giant Head","floor":42,"turns":7},{"damage":31,"enemies":"2 Orb Walkers","floor":45,"turns":6},{"damage":2,"enemies":"4 Shapes","floor":47,"turns":5},{"damage":0,"enemies":"Nemesis","floor":48,"turns":7},{"damage":0,"enemies":"Time Eater","floor":50,"turns":11}],"seed_played":"-3332941964270294829","potions_obtained":[{"floor":1,"key":"Strength Potion"},{"floor":5,"key":"GamblersBrew"},{"floor":18,"key":"SneckoOil"},{"floor":23,"key":"AttackPotion"},{"floor":31,"key":"Poison Potion"},{"floor":40,"key":"Swift Potion"},{"floor":47,"key":"Regen Potion"},{"floor":48,"key":"SpeedPotion"}],"is_trial":false,"path_per_floor":["M","?","$","?","M","R","E","?","T","M","$","R","M","?","R","B",null,"M","M","?","?","M","E","R","?","T","?","R","$","?","M","R","B",null,"M","?","M","$","?","E","?","E","T","?","?","?","M","E","R","B",null],"character_chosen":"IRONCLAD","items_purchased":["PreservedInsect","Metallicize","Anger","Ghostly Armor","Oddly Smooth Stone","Impervious","Bronze Scales"],"campfire_rested":3,"item_purchase_floors":[3,3,11,11,29,29,38],"current_hp_per_floor":[67,67,67,67,65,65,64,64,64,70,70,70,69,69,69,51,73,79,80,80,80,69,14,38,38,38,23,48,48,32,24,50,31,73,79,79,85,85,85,73,73,79,79,79,54,54,58,79,79,85],"gold":237,"neow_bonus":"ONE_RARE_RELIC","is_prod":false,"is_daily":false,"chose_seed":false,"campfire_upgraded":3,"win_rate":0,"timestamp":1562009231,"path_taken":["M","?","$","?","?","R","E","?","T","M","$","R","?","?","R","BOSS","M","M","?","?","M","E","R","?","T","?","R","?","?","M","R","BOSS","M","?","M","$","?","E","?","E","T","?","?","?","M","E","R","BOSS"],"build_version":"2019-01-23","purchased_purges":0,"victory":true,"max_hp_per_floor":[80,80,80,80,80,80,80,80,80,80,80,80,80,80,80,80,80,80,80,80,80,80,80,80,80,80,85,85,85,85,87,87,87,87,87,87,87,87,87,87,87,87,87,87,87,87,87,87,87,87],"card_choices":[{"not_picked":["Pommel Strike","Thunderclap"],"picked":"Anger","floor":1},{"not_picked":["Shrug It Off","Twin Strike"],"picked":"Sentinel","floor":5},{"not_picked":["Uppercut","Clothesline"],"picked":"Barricade","floor":7},{"not_picked":["Flex","Warcry"],"picked":"Anger","floor":10},{"not_picked":["Seeing Red","Wild Strike"],"picked":"Dropkick","floor":13},{"not_picked":["Offering","Exhume"],"picked":"Impervious","floor":16},{"not_picked":["Warcry","Clothesline"],"picked":"Battle Trance","floor":18},{"not_picked":["Clash","Sword Boomerang+1"],"picked":"Inflame+1","floor":19},{"not_picked":["Clash+1","Headbutt+1"],"picked":"Pummel+1","floor":22},{"not_picked":["Sentinel+1","Intimidate"],"picked":"Shrug It Off","floor":23},{"not_picked":["Clash","Cleave","Armaments"],"picked":"Singing Bowl","floor":31},{"not_picked":["Feed","Bludgeon"],"picked":"Impervious","floor":33},{"not_picked":["Sword Boomerang","Seeing Red+1"],"picked":"Metallicize+1","floor":35},{"not_picked":["True Grit+1","Double Tap"],"picked":"Iron Wave","floor":37},{"not_picked":["Pommel Strike+1","Dark Embrace"],"picked":"Seeing Red+1","floor":40},{"not_picked":["Intimidate","Berserk"],"picked":"Shrug It Off+1","floor":42},{"not_picked":["Twin Strike","Anger"],"picked":"Flex+1","floor":45},{"not_picked":["Anger+1","Shrug It Off+1"],"picked":"Iron Wave+1","floor":47},{"not_picked":["Inflame","Cleave"],"picked":"Anger","floor":48}],"player_experience":871926,"relics_obtained":[{"floor":7,"key":"Mercury Hourglass"},{"floor":9,"key":"Singing Bowl"},{"floor":23,"key":"MawBank"},{"floor":26,"key":"Anchor"},{"floor":40,"key":"Unceasing Top"},{"floor":42,"key":"Whetstone"},{"floor":43,"key":"Art of War"},{"floor":45,"key":"Incense Burner"},{"floor":48,"key":"Bag of Preparation"}],"event_choices":[{"damage_healed":0,"gold_gain":175,"player_choice":"AGREE","damage_taken":0,"max_hp_gain":0,"max_hp_loss":0,"event_name":"Liars Game","floor":2,"gold_loss":0,"cards_obtained":["Doubt"]},{"damage_healed":0,"gold_gain":0,"player_choice":"Upgraded","damage_taken":0,"max_hp_gain":0,"max_hp_loss":0,"event_name":"Upgrade Shrine","floor":4,"gold_loss":0,"cards_upgraded":["Metallicize"]},{"cards_removed":["Doubt","Pain"],"damage_healed":0,"gold_gain":0,"player_choice":"Removed Curses","damage_taken":0,"max_hp_gain":0,"max_hp_loss":0,"event_name":"Fountain of Cleansing","floor":8,"gold_loss":0},{"damage_healed":0,"gold_gain":0,"cards_transformed":["Sentinel"],"player_choice":"Change","damage_taken":0,"max_hp_gain":0,"max_hp_loss":0,"event_name":"Living Wall","floor":14,"gold_loss":0,"cards_obtained":["Body Slam"]},{"damage_healed":0,"gold_gain":0,"player_choice":"Opened","damage_taken":0,"relics_obtained":["Juzu Bracelet"],"max_hp_gain":0,"max_hp_loss":0,"event_name":"The Mausoleum","floor":20,"gold_loss":0},{"damage_healed":0,"gold_gain":0,"player_choice":"Inject Mutagens","damage_taken":0,"relics_obtained":["MutagenicStrength"],"max_hp_gain":0,"max_hp_loss":0,"event_name":"Drug Dealer","floor":21,"gold_loss":0},{"damage_healed":0,"gold_gain":0,"player_choice":"Ignored","damage_taken":0,"max_hp_gain":0,"max_hp_loss":0,"event_name":"Beggar","floor":25,"gold_loss":0},{"damage_healed":0,"gold_gain":0,"player_choice":"Shed Blood","damage_taken":20,"max_hp_gain":5,"max_hp_loss":0,"event_name":"Forgotten Altar","floor":27,"gold_loss":0},{"damage_healed":0,"gold_gain":0,"player_choice":"Obtained Book","damage_taken":16,"max_hp_gain":0,"max_hp_loss":0,"event_name":"Cursed Tome","floor":30,"gold_loss":0},{"damage_healed":0,"gold_gain":0,"player_choice":"Copied","damage_taken":0,"max_hp_gain":0,"max_hp_loss":0,"event_name":"Duplicator","floor":36,"gold_loss":0,"cards_obtained":["Metallicize"]},{"cards_removed":["Shrug It Off"],"damage_healed":0,"gold_gain":0,"player_choice":"Gave Card","damage_taken":0,"relics_obtained":["Omamori"],"max_hp_gain":0,"max_hp_loss":0,"event_name":"WeMeetAgain","floor":39,"gold_loss":0},{"damage_healed":0,"gold_gain":0,"player_choice":"Rummage","damage_taken":0,"relics_obtained":["WarpedTongs"],"max_hp_gain":0,"max_hp_loss":0,"event_name":"Accursed Blacksmith","floor":41,"gold_loss":0,"cards_obtained":["Pain"]},{"cards_removed":["Battle Trance"],"damage_healed":0,"gold_gain":0,"player_choice":"Removed Skill","damage_taken":0,"max_hp_gain":0,"max_hp_loss":0,"event_name":"Falling","floor":44,"gold_loss":0},{"damage_healed":0,"gold_gain":0,"player_choice":"Fight","damage_taken":0,"max_hp_gain":0,"max_hp_loss":0,"event_name":"Mysterious Sphere","floor":45,"gold_loss":0},{"cards_removed":["Strike_R"],"damage_healed":0,"gold_gain":0,"player_choice":"Offered Basic","damage_taken":0,"max_hp_gain":0,"max_hp_loss":0,"event_name":"Bonfire Elementals","floor":46,"gold_loss":0}],"is_beta":false,"boss_relics":[{"not_picked":["Philosopher\u0027s Stone","Cursed Key"],"picked":"Fusion Hammer"},{"not_picked":["Pandora\u0027s Box","Empty Cage"],"picked":"Runic Pyramid"}],"items_purged_floors":[],"is_endless":false,"potions_floor_spawned":[1,5,18,23,31,40,47,48],"ascension_level":7}