{"gold_per_floor":[112,125,6,6,19,46,65,93,93,93,93,93,168,197,197,295,295,309,224,234,7,22,51,51,61,61,61,61,73,73,93,93,197,197,216,291,14,59,59,59,91,91,138,138,158,158],"floor_reached":46,"playtime":3841,"items_purged":[],"score":559,"play_id":"d7d4364b-9d92-4761-a008-059016968944","local_time":"20190710023833","is_ascension_mode":false,"campfire_choices":[{"floor":10,"key":"REST"},{"data":"Bouncing Flask","floor":12,"key":"SMITH"},{"floor":15,"key":"REST"},{"data":"Flash of Steel","floor":24,"key":"SMITH"},{"data":"Noxious Fumes","floor":30,"key":"SMITH"},{"floor":32,"key":"REST"},{"data":"Well Laid Plans","floor":40,"key":"SMITH"},{"floor":42,"key":"REST"}],"neow_cost":"NONE","seed_source_timestamp":30117273418604,"circlet_count":0,"master_deck":["Strike_G","Strike_G","Strike_G","Strike_G","Defend_G","Defend_G","Defend_G","Defend_G","Defend_G","Survivor","Neutralize","Madness","Deflect","Bouncing Flask+1","Flash of Steel+1","Deflect","Dagger Spray","Backflip","Backflip","Poisoned Stab+1","Glass Knife+1","Flash of Steel+1","Sucker Punch+1","Deflect","Noxious Fumes+1","Slice+1","Deadly Poison","Venomology","Dagger Spray+1","Slice+1","Poisoned Stab+1","Well Laid Plans+1","Mind Blast+1","Deflect","Sucker Punch+1"],"relics":["Ring of the Snake","Pocketwatch","Ornamental Fan","Blue Candle","Gremlin Horn","Molten Egg 2","Letter Opener","Busted Crown","Oddly Smooth Stone","Paper Crane","Ancient Tea Set","WristBlade","Potion Belt","Blood Vial","Regal Pillow"],"potions_floor_usage":[18,20,23,31,33,35,41,41,41],"damage_taken":[{"damage":7,"enemies":"Small Slimes","floor":1,"turns":6},{"damage":0,"enemies":"Cultist","floor":2,"turns":4},{"damage":0,"enemies":"2 Louse","floor":5,"turns":3},{"damage":24,"enemies":"Lagavulin","floor":6,"turns":6},{"damage":4,"enemies":"Large Slime","floor":7,"turns":6},{"damage":22,"enemies":"3 Sentries","floor":8,"turns":8},{"damage":10,"enemies":"Lagavulin","floor":14,"turns":7},{"damage":10,"enemies":"Hexaghost","floor":16,"turns":7},{"damage":14,"enemies":"Spheric Guardian","floor":18,"turns":4},{"damage":9,"enemies":"2 Thieves","floor":20,"turns":4},{"damage":7,"enemies":"Centurion and Healer","floor":22,"turns":4},{"damage":0,"enemies":"Gremlin Leader","floor":23,"turns":5},{"damage":0,"enemies":"3 Cultists","floor":25,"turns":4},{"damage":2,"enemies":"Cultist and Chosen","floor":29,"turns":5},{"damage":0,"enemies":"Snake Plant","floor":31,"turns":2},{"damage":60,"enemies":"Automaton","floor":33,"turns":9},{"damage":3,"enemies":"Orb Walker","floor":35,"turns":3},{"damage":40,"enemies":"Giant Head","floor":41,"turns":8},{"damage":0,"enemies":"3 Darklings","floor":45,"turns":3},{"damage":58,"enemies":"Reptomancer","floor":46,"turns":2}],"seed_played":"-8212620756017477441","potions_obtained":[{"floor":1,"key":"EssenceOfSteel"},{"floor":6,"key":"PowerPotion"},{"floor":7,"key":"SmokeBomb"},{"floor":16,"key":"Regen Potion"},{"floor":20,"key":"FearPotion"},{"floor":22,"key":"SkillPotion"},{"floor":29,"key":"FearPotion"},{"floor":31,"key":"Energy Potion"},{"floor":35,"key":"Dexterity Potion"},{"floor":41,"key":"GhostInAJar"}],"is_trial":false,"path_per_floor":["M","M","$","?","M","E","M","E","T","R","?","R","?","E","R","B",null,"M","?","M","$","M","E","R","M","T","?","?","M","R","M","R","B",null,"M","?","$","T","$","R","E","R","T","?","M","E"],"character_chosen":"THE_SILENT","items_purchased":["Flash of Steel","Deflect","Flash of Steel+1","Sucker Punch+1","Deflect","Block Potion","Slice+1","Poisoned Stab+1","Well Laid Plans","Mind Blast+1"],"campfire_rested":4,"item_purchase_floors":[3,3,21,21,21,21,37,37,37,37],"current_hp_per_floor":[63,63,63,63,63,39,35,13,13,34,27,27,16,6,27,17,70,56,56,56,56,49,49,49,49,49,49,49,47,47,47,68,8,70,67,60,60,60,60,60,20,41,41,41,43,0],"gold":158,"neow_bonus":"RANDOM_COLORLESS","is_prod":false,"is_daily":false,"chose_seed":false,"campfire_upgraded":4,"win_rate":0.0,"timestamp":1562744313,"path_taken":["M","M","$","?","?","E","M","E","T","R","?","R","?","E","R","BOSS","M","?","M","$","M","E","R","M","T","?","?","M","R","M","R","BOSS","M","?","$","?","$","R","E","R","T","?","M","E"],"build_version":"2019-07-05","purchased_purges":0,"victory":false,"max_hp_per_floor":[70,70,70,70,70,70,70,70,70,70,70,70,70,70,70,70,70,70,70,70,70,70,70,70,70,70,70,70,70,70,70,70,70,70,70,70,70,70,70,70,70,70,70,70,70,70],"card_choices":[{"not_picked":["Backflip","Outmaneuver"],"picked":"Deflect","floor":1},{"not_picked":["Crippling Poison","Eviscerate"],"picked":"Bouncing Flask","floor":2},{"not_picked":["Poisoned Stab","Riddle With Holes"],"picked":"Dagger Spray","floor":5},{"not_picked":["Catalyst","Quick Slash"],"picked":"Backflip","floor":6},{"not_picked":["Poisoned Stab","Crippling Poison"],"picked":"Backflip","floor":7},{"not_picked":["Heel Hook","Quick Slash","Underhanded Strike"],"picked":"SKIP","floor":8},{"not_picked":["Bouncing Flask","Choke+1"],"picked":"Poisoned Stab+1","floor":14},{"not_picked":["Unload+1","Phantasmal Killer"],"picked":"Glass Knife+1","floor":16},{"not_picked":["Dodge and Roll"],"picked":"SKIP","floor":18},{"not_picked":["Calculated Gamble"],"picked":"SKIP","floor":20},{"not_picked":["Dodge and Roll"],"picked":"SKIP","floor":22},{"not_picked":["Reflex+1"],"picked":"SKIP","floor":23},{"not_picked":["Prepared"],"picked":"SKIP","floor":25},{"not_picked":[],"picked":"Slice+1","floor":29},{"not_picked":[],"picked":"Deadly Poison","floor":31},{"not_picked":[],"picked":"Venomology","floor":33},{"not_picked":[],"picked":"Dagger Spray+1","floor":35},{"not_picked":[],"picked":"Deflect","floor":41},{"not_picked":[],"picked":"Sucker Punch+1","floor":45}],"player_experience":70673,"relics_obtained":[{"floor":6,"key":"Ornamental Fan"},{"floor":8,"key":"Blue Candle"},{"floor":9,"key":"Gremlin Horn"},{"floor":14,"key":"Letter Opener"},{"floor":23,"key":"Paper Crane"},{"floor":26,"key":"Ancient Tea Set"},{"floor":38,"key":"Potion Belt"},{"floor":41,"key":"Blood Vial"},{"floor":43,"key":"Regal Pillow"}],"event_choices":[{"damage_healed":0,"gold_gain":0,"player_choice":"Gave Potion","damage_taken":0,"relics_obtained":["Pocketwatch"],"max_hp_gain":0,"max_hp_loss":0,"event_name":"WeMeetAgain","floor":4,"gold_loss":0},{"damage_healed":0,"gold_gain":0,"player_choice":"Success","damage_taken":7,"relics_obtained":["Molten Egg 2"],"max_hp_gain":0,"max_hp_loss":0,"event_name":"Scrap Ooze","floor":11,"gold_loss":0},{"damage_healed":0,"gold_gain":75,"player_choice":"Gather Gold","damage_taken":11,"max_hp_gain":0,"max_hp_loss":0,"event_name":"World of Goop","floor":13,"gold_loss":0},{"damage_healed":0,"gold_gain":0,"player_choice":"Obtained Relic","damage_taken":0,"relics_obtained":["Oddly Smooth Stone"],"max_hp_gain":0,"max_hp_loss":0,"event_name":"Addict","floor":19,"gold_loss":85},{"damage_healed":0,"gold_gain":0,"player_choice":"Ignored","damage_taken":0,"max_hp_gain":0,"max_hp_loss":0,"event_name":"Ghosts","floor":27,"gold_loss":0},{"damage_healed":0,"gold_gain":0,"player_choice":"Read","damage_taken":0,"max_hp_gain":0,"max_hp_loss":0,"event_name":"The Library","floor":28,"gold_loss":0,"cards_obtained":["Noxious Fumes"]},{"damage_healed":0,"gold_gain":75,"player_choice":"Touch","damage_taken":7,"max_hp_gain":0,"max_hp_loss":0,"event_name":"FaceTrader","floor":36,"gold_loss":0},{"cards_removed":["Strike_G"],"damage_healed":0,"gold_gain":0,"player_choice":"Removed Attack","damage_taken":0,"max_hp_gain":0,"max_hp_loss":0,"event_name":"Falling","floor":44,"gold_loss":0}],"is_beta":false,"boss_relics":[{"not_picked":["Orrery","Velvet Choker"],"picked":"Busted Crown"},{"not_picked":["Empty Cage","HoveringKite"],"picked":"WristBlade"}],"items_purged_floors":[],"is_endless":false,"potions_floor_spawned":[1,6,7,16,20,22,29,31,35,41],"killed_by":"Reptomancer","ascension_level":0}