{"gold_per_floor":[119,130,141,141,141,141,161,161,161,161,177,177,252,10,10,140,203,218,238,238,188,212,137,137,65,89,105,105,130,130,154,154,154],"floor_reached":33,"playtime":1655,"items_purged":["Strike_B"],"score":237,"play_id":"9ad3b933-163d-442d-9108-0461bded6675","local_time":"20190713042800","is_ascension_mode":false,"campfire_choices":[{"data":"Dualcast","floor":6,"key":"SMITH"},{"data":"Go for the Eyes","floor":8,"key":"SMITH"},{"data":"Beam Cell","floor":12,"key":"SMITH"},{"data":"Barrage","floor":15,"key":"SMITH"},{"data":"Coolheaded","floor":24,"key":"SMITH"},{"data":"Beam Cell","floor":28,"key":"SMITH"},{"data":"Rip and Tear","floor":30,"key":"SMITH"},{"floor":32,"key":"REST"}],"neow_cost":"TEN_PERCENT_HP_LOSS","seed_source_timestamp":42581091199219,"circlet_count":0,"master_deck":["Strike_B","Strike_B","Defend_B+1","Zap+1","Dualcast+1","Go for the Eyes+1","Rip and Tear+1","Ball Lightning","Beam Cell+1","Barrage+1","Sweeping Beam","Conserve Battery","Conserve Battery","Coolheaded+1","Beam Cell+1","Conserve Battery","FTL","Loop+1","Rebound+1","Ball Lightning+1"],"relics":["Cracked Core","Ice Cream","Bird Faced Urn","Golden Idol","Art of War","Tiny House","Anchor"],"potions_floor_usage":[16,33],"damage_taken":[{"damage":6,"enemies":"Jaw Worm","floor":1,"turns":4},{"damage":0,"enemies":"Cultist","floor":2,"turns":3},{"damage":0,"enemies":"2 Louse","floor":3,"turns":2},{"damage":0,"enemies":"Red Slaver","floor":7,"turns":2},{"damage":0,"enemies":"Large Slime","floor":11,"turns":3},{"damage":14,"enemies":"Hexaghost","floor":16,"turns":6},{"damage":0,"enemies":"Shell Parasite","floor":18,"turns":4},{"damage":16,"enemies":"Chosen","floor":19,"turns":5},{"damage":13,"enemies":"Snake Plant","floor":22,"turns":4},{"damage":1,"enemies":"Centurion and Healer","floor":27,"turns":4},{"damage":10,"enemies":"3 Cultists","floor":29,"turns":5},{"damage":3,"enemies":"Snecko","floor":31,"turns":4},{"damage":26,"enemies":"Collector","floor":33,"turns":6}],"seed_played":"-1759774956095810423","potions_obtained":[{"floor":2,"key":"EssenceOfSteel"},{"floor":16,"key":"Strength Potion"},{"floor":17,"key":"Dexterity Potion"},{"floor":18,"key":"Weak Potion"},{"floor":31,"key":"Swift Potion"}],"is_trial":false,"path_per_floor":["M","M","M","?","?","R","M","R","T","?","M","R","?","$","R","B",null,"M","M","?","$","M","?","R","$","T","M","R","M","R","M","R","B"],"character_chosen":"DEFECT","items_purchased":["Sweeping Beam","Art of War","Beam Cell","FTL"],"campfire_rested":1,"item_purchase_floors":[14,14,21,25],"current_hp_per_floor":[62,62,62,55,55,55,55,55,55,55,55,55,44,44,44,30,68,68,52,52,52,39,39,39,39,39,38,38,30,30,29,49,25],"gold":154,"neow_bonus":"REMOVE_TWO","is_prod":false,"is_daily":false,"chose_seed":false,"campfire_upgraded":7,"win_rate":0.0,"timestamp":1563010080,"path_taken":["M","M","M","?","?","R","?","R","T","?","M","R","?","$","R","BOSS","M","M","?","$","?","?","R","$","T","M","R","M","R","M","R","BOSS"],"build_version":"2019-07-05","purchased_purges":1,"victory":false,"max_hp_per_floor":[68,68,68,68,68,68,68,68,68,63,63,63,63,63,63,63,68,68,68,68,68,68,68,68,68,68,68,68,68,68,68,68,68],"card_choices":[{"not_picked":["Stack","Steam"],"picked":"Go for the Eyes","floor":1},{"not_picked":["Rebound","Scrape"],"picked":"Rip and Tear","floor":2},{"not_picked":["Scrape","Gash"],"picked":"Ball Lightning","floor":3},{"not_picked":["Force Field","Chaos"],"picked":"Beam Cell","floor":7},{"not_picked":["Sweeping Beam","Go for the Eyes"],"picked":"Barrage","floor":11},{"not_picked":["Gash","Streamline"],"picked":"Conserve Battery","floor":17},{"not_picked":["BootSequence","Lockon+1"],"picked":"Conserve Battery","floor":18},{"not_picked":["Compile Driver","Reprogram"],"picked":"Coolheaded","floor":19},{"not_picked":["Aggregate","Skim"],"picked":"Conserve Battery","floor":22},{"not_picked":["Turbo","Steam"],"picked":"Loop+1","floor":27},{"not_picked":["Ball Lightning","Capacitor+1"],"picked":"Rebound+1","floor":29},{"not_picked":["Leap","Capacitor+1"],"picked":"Ball Lightning+1","floor":31}],"player_experience":144649,"relics_obtained":[{"floor":9,"key":"Bird Faced Urn"},{"floor":26,"key":"Anchor"}],"event_choices":[{"damage_healed":0,"gold_gain":0,"player_choice":"Success","damage_taken":7,"relics_obtained":["Ice Cream"],"max_hp_gain":0,"max_hp_loss":0,"event_name":"Scrap Ooze","floor":4,"gold_loss":0},{"damage_healed":0,"gold_gain":0,"player_choice":"Forge","damage_taken":0,"max_hp_gain":0,"max_hp_loss":0,"event_name":"Accursed Blacksmith","floor":5,"gold_loss":0,"cards_upgraded":["Zap"]},{"damage_healed":0,"gold_gain":0,"player_choice":"Lose Max HP","damage_taken":0,"relics_obtained":["Golden Idol"],"max_hp_gain":0,"max_hp_loss":5,"event_name":"Golden Idol","floor":10,"gold_loss":0},{"damage_healed":0,"gold_gain":75,"player_choice":"Gather Gold","damage_taken":11,"max_hp_gain":0,"max_hp_loss":0,"event_name":"World of Goop","floor":13,"gold_loss":0},{"cards_removed":["Defend_B"],"damage_healed":0,"gold_gain":0,"player_choice":"Purged","damage_taken":0,"max_hp_gain":0,"max_hp_loss":0,"event_name":"Purifier","floor":20,"gold_loss":0},{"cards_removed":["Defend_B"],"damage_healed":0,"gold_gain":0,"player_choice":"Gave Gold","damage_taken":0,"max_hp_gain":0,"max_hp_loss":0,"event_name":"Beggar","floor":23,"gold_loss":75}],"is_beta":false,"boss_relics":[{"not_picked":["Black Star","Busted Crown"],"picked":"Tiny House"}],"items_purged_floors":[14],"is_endless":false,"potions_floor_spawned":[2,16,18,22,31],"killed_by":"Collector","ascension_level":0}