{"gold_per_floor":[115,129,129,79,7,34,34,47,97,172,172,172,190,210,210,312,362,379,69,69,87,107,107,107,122,145,163,163,182,182,182],"floor_reached":31,"playtime":1499,"items_purged":[],"score":275,"play_id":"bc704bd6-2d12-4bbf-9db2-b0be659de94b","local_time":"20190709230719","is_ascension_mode":true,"campfire_choices":[{"data":"Whirlwind","floor":7,"key":"SMITH"},{"data":"Armaments","floor":12,"key":"SMITH"},{"data":"Body Slam","floor":15,"key":"SMITH"},{"data":"Barricade","floor":24,"key":"SMITH"},{"data":"Body Slam","floor":28,"key":"SMITH"},{"floor":30,"key":"REST"}],"neow_cost":"NONE","seed_source_timestamp":19811565933855,"circlet_count":0,"master_deck":["Strike_R+1","Strike_R+1","Defend_R","Defend_R","Defend_R","Defend_R","Bash","Iron Wave+1","Whirlwind+1","Armaments+1","Body Slam+1","Barricade+1","Shrug It Off","Body Slam+1"],"relics":["Burning Blood","Whetstone","Red Skull","Tiny House","Gambling Chip","Nloth\u0027s Gift","Boot"],"potions_floor_usage":[16,16,22,25],"damage_taken":[{"damage":0,"enemies":"Jaw Worm","floor":1,"turns":1},{"damage":0,"enemies":"2 Louse","floor":2,"turns":1},{"damage":0,"enemies":"Gremlin Nob","floor":6,"turns":1},{"damage":10,"enemies":"Small Slimes","floor":8,"turns":3},{"damage":1,"enemies":"Red Slaver","floor":13,"turns":4},{"damage":7,"enemies":"Blue Slaver","floor":14,"turns":3},{"damage":40,"enemies":"Hexaghost","floor":16,"turns":11},{"damage":41,"enemies":"Spheric Guardian","floor":18,"turns":6},{"damage":17,"enemies":"3 Byrds","floor":21,"turns":4},{"damage":21,"enemies":"Snake Plant","floor":22,"turns":3},{"damage":0,"enemies":"Shelled Parasite and Fungi","floor":25,"turns":6},{"damage":13,"enemies":"3 Cultists","floor":27,"turns":4},{"damage":13,"enemies":"Centurion and Healer","floor":29,"turns":6},{"damage":15,"enemies":"Snecko","floor":31,"turns":3}],"seed_played":"349350706891896484","potions_obtained":[{"floor":8,"key":"FearPotion"},{"floor":13,"key":"SkillPotion"},{"floor":14,"key":"SkillPotion"},{"floor":17,"key":"Block Potion"},{"floor":21,"key":"SkillPotion"},{"floor":27,"key":"Dexterity Potion"}],"is_trial":false,"path_per_floor":["M","M","?","?","$","E","R","M","T","?","?","R","M","M","R","B",null,"M","$","?","M","M","?","R","M","T","M","R","M","R","M"],"character_chosen":"IRONCLAD","items_purchased":["Whirlwind","Gambling Chip"],"campfire_rested":1,"item_purchase_floors":[5,19],"current_hp_per_floor":[80,80,73,73,73,79,79,75,75,64,64,64,69,68,68,34,85,50,50,50,39,24,24,24,30,30,23,23,16,41,26],"gold":182,"neow_bonus":"THREE_ENEMY_KILL","is_prod":false,"is_daily":false,"chose_seed":false,"campfire_upgraded":5,"win_rate":0,"timestamp":1562731639,"path_taken":["M","M","?","?","$","E","R","M","T","?","?","R","?","M","R","BOSS","M","?","?","M","?","?","R","M","T","M","R","M","R","M"],"build_version":"2019-07-05","purchased_purges":0,"victory":false,"max_hp_per_floor":[80,80,80,80,80,80,80,80,80,80,80,80,80,80,80,80,85,85,85,85,85,85,85,85,85,85,85,85,85,85,85],"card_choices":[{"not_picked":["Clash","Cleave","Headbutt"],"picked":"SKIP","floor":1},{"not_picked":["Warcry","Brutality"],"picked":"Iron Wave","floor":2},{"not_picked":["Seeing Red","True Grit","Perfected Strike"],"picked":"SKIP","floor":6},{"not_picked":["Power Through","Wild Strike"],"picked":"Armaments","floor":8},{"not_picked":["Flex","Twin Strike"],"picked":"Body Slam","floor":13},{"not_picked":["Dual Wield","Thunderclap","Blood for Blood"],"picked":"SKIP","floor":14},{"not_picked":["Demon Form","Bludgeon"],"picked":"Barricade","floor":16},{"not_picked":["Blood for Blood","Burning Pact","Pommel Strike"],"picked":"SKIP","floor":18},{"not_picked":["Combust","Iron Wave","Seeing Red+1"],"picked":"SKIP","floor":21},{"not_picked":["Thunderclap","Warcry","Disarm"],"picked":"SKIP","floor":22},{"not_picked":["Flex","True Grit"],"picked":"Shrug It Off","floor":25},{"not_picked":["Perfected Strike","Clothesline"],"picked":"Body Slam","floor":27},{"not_picked":["Twin Strike","Warcry","True Grit"],"picked":"SKIP","floor":29}],"player_experience":61649,"relics_obtained":[{"floor":6,"key":"Whetstone"},{"floor":9,"key":"Red Skull"},{"floor":26,"key":"Boot"}],"event_choices":[{"cards_removed":["Strike_R"],"damage_healed":0,"gold_gain":0,"player_choice":"Card Removal","damage_taken":7,"max_hp_gain":0,"max_hp_loss":0,"event_name":"Golden Wing","floor":3,"gold_loss":0},{"cards_removed":["Strike_R"],"damage_healed":0,"gold_gain":0,"player_choice":"Card Removal","damage_taken":0,"max_hp_gain":0,"max_hp_loss":0,"event_name":"The Cleric","floor":4,"gold_loss":50},{"damage_healed":0,"gold_gain":75,"player_choice":"Gather Gold","damage_taken":11,"max_hp_gain":0,"max_hp_loss":0,"event_name":"World of Goop","floor":10,"gold_loss":0},{"cards_removed":["Strike_R"],"damage_healed":0,"gold_gain":0,"player_choice":"Purged","damage_taken":0,"max_hp_gain":0,"max_hp_loss":0,"event_name":"Purifier","floor":11,"gold_loss":0},{"damage_healed":0,"gold_gain":0,"player_choice":"Ignored","damage_taken":0,"max_hp_gain":0,"max_hp_loss":0,"event_name":"Vampires","floor":20,"gold_loss":0},{"damage_healed":0,"gold_gain":0,"player_choice":"Traded Relic","damage_taken":0,"relics_obtained":["Nloth\u0027s Gift"],"max_hp_gain":0,"max_hp_loss":0,"event_name":"N\u0027loth","floor":23,"relics_lost":["NeowsBlessing"],"gold_loss":0}],"is_beta":false,"boss_relics":[{"not_picked":["Runic Pyramid","Velvet Choker"],"picked":"Tiny House"}],"items_purged_floors":[],"is_endless":false,"potions_floor_spawned":[8,13,14,21,27],"killed_by":"Snecko","ascension_level":1}