{"gold_per_floor":[119,119,22,41,58,90,160,180,180,205,205,240,251,83,83,183,183,165,178,188,188,207,233,233,261,287,300,300,329,329,329,329,429,429,442,388,338,355,355,389,406,406,406,481,511,511,521,550,550,550,550,550,30,56,56],"floor_reached":55,"playtime":39277,"items_purged":["Pain","Limit Break+1"],"score":1250,"play_id":"7ec38db0-83bc-418a-b992-c2b5925e7aa2","local_time":"20190718192419","is_ascension_mode":true,"campfire_choices":[{"floor":11,"key":"REST"},{"data":"Shockwave","floor":15,"key":"SMITH"},{"floor":24,"key":"REST"},{"data":"Offering","floor":28,"key":"SMITH"},{"data":"Iron Wave","floor":30,"key":"SMITH"},{"data":"Rage","floor":32,"key":"SMITH"},{"floor":46,"key":"REST"},{"floor":49,"key":"RECALL"},{"data":"Madness","floor":52,"key":"SMITH"}],"neow_cost":"NONE","seed_source_timestamp":602162831138900,"circlet_count":0,"master_deck":["AscendersBane","Strike_R","Strike_R","Strike_R+1","Defend_R","Bash","Rampage","Bandage Up","Shrug It Off","Armaments","Rage+1","Armaments","Immolate","Shrug It Off","Shockwave+1","Dramatic Entrance+1","Offering+1","Cleave+1","Iron Wave+1","Shrug It Off","Reaper","Infernal Blade+1","Burning Pact","Trip","Metallicize","Offering","Anger+1","Feel No Pain+1","Body Slam+1","Headbutt+1","Feel No Pain+1","Metallicize+1","Madness+1","Madness","Carnage+1","Metallicize+1"],"relics":["Burning Blood","Oddly Smooth Stone","WarpedTongs","Anchor","Ornamental Fan","Mercury Hourglass","Blue Candle","Regal Pillow","Black Star","Art of War","Torii","Whetstone","Smiling Mask","Pen Nib","Champion Belt","Self Forming Clay","Astrolabe","Frozen Egg 2","Unceasing Top","Bottled Lightning","Kunai","The Courier","Singing Bowl","Potion Belt","Omamori","Mummified Hand","Calipers","Bottled Tornado","Gremlin Horn"],"potions_floor_usage":[6,12,19,23,29,33,38,45,45,54,54],"damage_taken":[{"damage":4,"enemies":"Small Slimes","floor":1,"turns":4},{"damage":9,"enemies":"Cultist","floor":4,"turns":4},{"damage":6,"enemies":"Jaw Worm","floor":5,"turns":4},{"damage":41,"enemies":"Lagavulin","floor":6,"turns":6},{"damage":11,"enemies":"Red Slaver","floor":8,"turns":4},{"damage":15,"enemies":"3 Sentries","floor":10,"turns":8},{"damage":7,"enemies":"Gremlin Nob","floor":12,"turns":3},{"damage":0,"enemies":"3 Louse","floor":13,"turns":2},{"damage":21,"enemies":"Slime Boss","floor":16,"turns":9},{"damage":6,"enemies":"2 Thieves","floor":18,"turns":4},{"damage":7,"enemies":"Shell Parasite","floor":19,"turns":5},{"damage":14,"enemies":"Shelled Parasite and Fungi","floor":20,"turns":6},{"damage":14,"enemies":"Snake Plant","floor":22,"turns":4},{"damage":66,"enemies":"Book of Stabbing","floor":23,"turns":9},{"damage":21,"enemies":"Gremlin Leader","floor":25,"turns":6},{"damage":1,"enemies":"Cultist and Chosen","floor":27,"turns":6},{"damage":11,"enemies":"Slavers","floor":29,"turns":3},{"damage":55,"enemies":"Collector","floor":33,"turns":13},{"damage":16,"enemies":"3 Shapes","floor":35,"turns":3},{"damage":6,"enemies":"Orb Walker","floor":38,"turns":4},{"damage":32,"enemies":"Reptomancer","floor":40,"turns":5},{"damage":0,"enemies":"Jaw Worm Horde","floor":41,"turns":3},{"damage":47,"enemies":"Nemesis","floor":45,"turns":5},{"damage":6,"enemies":"Spire Growth","floor":47,"turns":4},{"damage":20,"enemies":"Reptomancer","floor":48,"turns":7},{"damage":85,"enemies":"Time Eater","floor":50,"turns":13},{"damage":41,"enemies":"Shield and Spear","floor":54,"turns":5},{"damage":65,"enemies":"The Heart","floor":55,"turns":9}],"seed_played":"7682460549289470481","potions_obtained":[{"floor":1,"key":"Poison Potion"},{"floor":6,"key":"Poison Potion"},{"floor":16,"key":"SpeedPotion"},{"floor":19,"key":"BloodPotion"},{"floor":20,"key":"FairyPotion"},{"floor":25,"key":"FearPotion"},{"floor":27,"key":"PowerPotion"},{"floor":33,"key":"SkillPotion"},{"floor":35,"key":"PowerPotion"},{"floor":41,"key":"Regen Potion"}],"is_trial":false,"path_per_floor":["M","?","$","M","M","E","T","M","T","E","R","E","M","$","R","B",null,"M","M","M","?","M","E","R","E","T","M","R","E","R","?","R","B",null,"M","?","$","M","?","E","M","?","T","T","E","R","M","E","R","B",null,"R","$","E","B"],"character_chosen":"IRONCLAD","items_purchased":["Bandage Up","Dramatic Entrance","Mummified Hand","Calipers","PowerPotion","Explosive Potion"],"campfire_rested":3,"item_purchase_floors":[3,14,53,53,53,53],"current_hp_per_floor":[74,74,74,77,80,51,51,50,50,47,71,76,80,80,80,65,76,80,80,72,72,68,32,71,68,68,80,80,75,75,75,75,44,71,65,65,65,76,76,58,64,54,54,54,46,80,80,76,76,15,65,65,65,38,0],"gold":56,"neow_bonus":"RANDOM_COMMON_RELIC","is_prod":false,"is_daily":false,"chose_seed":false,"campfire_upgraded":5,"win_rate":0,"timestamp":1563474259,"path_taken":["M","?","$","?","M","E","?","M","T","E","R","E","M","$","R","BOSS","M","M","M","?","?","E","R","E","T","M","R","E","R","?","R","BOSS","M","?","$","?","?","E","?","?","T","?","E","R","M","E","R","BOSS","R","$","E","BOSS"],"build_version":"2019-07-17","purchased_purges":2,"victory":false,"max_hp_per_floor":[80,80,80,80,80,80,80,80,80,80,80,80,80,80,80,80,80,80,80,80,80,80,80,80,80,80,80,80,80,80,80,80,80,80,80,80,80,80,80,80,80,80,80,80,80,80,80,82,82,82,82,82,82,84,84],"card_choices":[{"not_picked":["Heavy Blade","Wild Strike"],"picked":"Rampage","floor":1},{"not_picked":["Havoc","Dropkick"],"picked":"Shrug It Off","floor":4},{"not_picked":["Headbutt","Pommel Strike"],"picked":"Armaments","floor":5},{"not_picked":["Hemokinesis","Fire Breathing"],"picked":"Rage","floor":6},{"not_picked":["Pummel","Perfected Strike"],"picked":"Armaments","floor":8},{"not_picked":["Demon Form","Uppercut"],"picked":"Immolate","floor":10},{"not_picked":["Pommel Strike","Headbutt"],"picked":"Shrug It Off","floor":12},{"not_picked":["Ghostly Armor","Headbutt"],"picked":"Shockwave","floor":13},{"not_picked":["Dark Embrace","Berserk"],"picked":"Offering","floor":16},{"not_picked":["Sword Boomerang","Thunderclap","Armaments"],"picked":"SKIP","floor":18},{"not_picked":["Clash","Warcry"],"picked":"Cleave+1","floor":19},{"not_picked":["True Grit","Cleave"],"picked":"Iron Wave","floor":20},{"not_picked":["Perfected Strike","Anger"],"picked":"Shrug It Off","floor":22},{"not_picked":["Sever Soul","Havoc"],"picked":"Reaper","floor":23},{"not_picked":["Clash+1","Pummel"],"picked":"Infernal Blade+1","floor":25},{"not_picked":["Shrug It Off","Clothesline+1"],"picked":"Burning Pact","floor":27},{"not_picked":["Perfected Strike+1","Armaments","Reckless Charge"],"picked":"SKIP","floor":29},{"not_picked":["Juggernaut","Immolate"],"picked":"Offering","floor":33},{"not_picked":["Heavy Blade","Shrug It Off+1"],"picked":"Body Slam+1","floor":35},{"not_picked":["Sever Soul+1","Sword Boomerang+1"],"picked":"Headbutt+1","floor":38},{"not_picked":["Armaments+1","Cleave+1"],"picked":"Feel No Pain+1","floor":40},{"not_picked":["Clash+1","Twin Strike"],"picked":"Metallicize+1","floor":41},{"not_picked":["Sword Boomerang+1","Havoc+1"],"picked":"Carnage+1","floor":45},{"not_picked":["Sword Boomerang+1","Iron Wave"],"picked":"Metallicize+1","floor":47},{"not_picked":["Uppercut","Perfected Strike+1","Headbutt"],"picked":"Singing Bowl","floor":48},{"not_picked":["Berserk+1","Warcry","Rage"],"picked":"Singing Bowl","floor":54}],"player_experience":1018935,"relics_obtained":[{"floor":6,"key":"Anchor"},{"floor":7,"key":"Ornamental Fan"},{"floor":9,"key":"Mercury Hourglass"},{"floor":10,"key":"Blue Candle"},{"floor":12,"key":"Regal Pillow"},{"floor":23,"key":"Art of War"},{"floor":23,"key":"Torii"},{"floor":25,"key":"Whetstone"},{"floor":25,"key":"Smiling Mask"},{"floor":26,"key":"Pen Nib"},{"floor":29,"key":"Champion Belt"},{"floor":29,"key":"Self Forming Clay"},{"floor":40,"key":"Unceasing Top"},{"floor":40,"key":"Bottled Lightning"},{"floor":44,"key":"Kunai"},{"floor":45,"key":"The Courier"},{"floor":45,"key":"Singing Bowl"},{"floor":48,"key":"Potion Belt"},{"floor":48,"key":"Omamori"},{"floor":54,"key":"Bottled Tornado"},{"floor":54,"key":"Gremlin Horn"}],"event_choices":[{"damage_healed":0,"gold_gain":0,"player_choice":"Rummage","damage_taken":0,"relics_obtained":["WarpedTongs"],"max_hp_gain":0,"max_hp_loss":0,"event_name":"Accursed Blacksmith","floor":2,"gold_loss":0,"cards_obtained":["Pain"]},{"cards_removed":["Strike_R"],"damage_healed":0,"gold_gain":0,"player_choice":"Purged","damage_taken":0,"max_hp_gain":0,"max_hp_loss":0,"event_name":"Purifier","floor":21,"gold_loss":0},{"damage_healed":0,"gold_gain":0,"player_choice":"2 cards matched","damage_taken":0,"max_hp_gain":0,"max_hp_loss":0,"event_name":"Match and Keep!","floor":31,"gold_loss":0,"cards_obtained":["Trip","Metallicize"]},{"damage_healed":0,"gold_gain":0,"player_choice":"Paid Gold","damage_taken":0,"relics_obtained":["Frozen Egg 2"],"max_hp_gain":0,"max_hp_loss":0,"event_name":"WeMeetAgain","floor":36,"gold_loss":54},{"cards_removed":["Defend_R"],"damage_healed":0,"gold_gain":0,"player_choice":"Purged","damage_taken":0,"max_hp_gain":0,"max_hp_loss":0,"event_name":"Purifier","floor":39,"gold_loss":0},{"damage_healed":0,"gold_gain":0,"player_choice":"Embrace Madness","damage_taken":10,"max_hp_gain":0,"max_hp_loss":0,"event_name":"Winding Halls","floor":42,"gold_loss":0,"cards_obtained":["Madness","Madness"]}],"is_beta":false,"boss_relics":[{"not_picked":["Busted Crown","Empty Cage"],"picked":"Black Star"},{"not_picked":["Cursed Key","Runic Dome"],"picked":"Astrolabe"}],"items_purged_floors":[14,37],"is_endless":false,"potions_floor_spawned":[1,6,16,19,20,25,27,33,35,41],"killed_by":"The Heart","ascension_level":10}