{"gold_per_floor":[113,17,17,34,53,53,81,81,81,81,101,101,26,36,36,141,141,159,159,59,78,92,92,92,102,102,131,131,131,6,20,20,124,124,135,31,31,44,44,44,74,85,85,96,96,96,121,138,138,138],"floor_reached":51,"playtime":4886,"items_purged":["Strike_G","Strike_G","Strike_G"],"score":709,"play_id":"6761ff9c-0cda-4626-8212-2454c7985659","local_time":"20190116204303","is_ascension_mode":true,"campfire_choices":[{"data":"Blade Dance","floor":6,"key":"SMITH"},{"data":"Cloak And Dagger","floor":8,"key":"SMITH"},{"floor":12,"key":"REST"},{"data":"Footwork","floor":15,"key":"SMITH"},{"data":"Storm of Steel","floor":23,"key":"SMITH"},{"floor":29,"key":"REST"},{"data":"Infinite Blades","floor":32,"key":"SMITH"},{"data":"Neutralize","floor":40,"key":"SMITH"},{"floor":45,"key":"REST"},{"floor":49,"key":"REST"}],"neow_cost":"NONE","seed_source_timestamp":601937433284036,"circlet_count":0,"master_deck":["Defend_G","Defend_G","Defend_G","Defend_G","Defend_G","Survivor+1","Neutralize+1","Infinite Blades+1","Cloak And Dagger+1","Infinite Blades","Blade Dance+1","Backflip","Footwork+1","Storm of Steel+1","Well Laid Plans+1","Leg Sweep","Blur","Escape Plan","Choke+1","Escape Plan","Finisher+1"],"relics":["Ring of the Snake","Ornamental Fan","Pen Nib","Cursed Key","Snake Skull","Eternal Feather","Bronze Scales","Smiling Mask"],"potions_floor_usage":[7,11,22,33,33,41,47,47,50],"damage_taken":[{"damage":0,"enemies":"Jaw Worm","floor":1,"turns":6},{"damage":0,"enemies":"Small Slimes","floor":4,"turns":4},{"damage":0,"enemies":"2 Louse","floor":5,"turns":4},{"damage":21,"enemies":"Gremlin Nob","floor":7,"turns":4},{"damage":10,"enemies":"Exordium Thugs","floor":11,"turns":5},{"damage":0,"enemies":"Red Slaver","floor":14,"turns":4},{"damage":36,"enemies":"The Guardian","floor":16,"turns":13},{"damage":14,"enemies":"Spheric Guardian","floor":18,"turns":5},{"damage":0,"enemies":"Shell Parasite","floor":21,"turns":5},{"damage":4,"enemies":"Chosen and Byrds","floor":22,"turns":7},{"damage":0,"enemies":"Centurion and Healer","floor":25,"turns":8},{"damage":20,"enemies":"Slavers","floor":27,"turns":8},{"damage":3,"enemies":"Snecko","floor":31,"turns":6},{"damage":13,"enemies":"Collector","floor":33,"turns":15},{"damage":0,"enemies":"Orb Walker","floor":35,"turns":4},{"damage":12,"enemies":"3 Darklings","floor":38,"turns":6},{"damage":33,"enemies":"Giant Head","floor":41,"turns":12},{"damage":16,"enemies":"Sphere and 2 Shapes","floor":42,"turns":7},{"damage":11,"enemies":"4 Shapes","floor":44,"turns":9},{"damage":18,"enemies":"Reptomancer","floor":47,"turns":7},{"damage":20,"enemies":"Maw","floor":48,"turns":8},{"damage":54,"enemies":"Donu and Deca","floor":50,"turns":14}],"seed_played":"-279874619789414549","potions_obtained":[{"floor":1,"key":"SteroidPotion"},{"floor":5,"key":"PowerPotion"},{"floor":16,"key":"Fire Potion"},{"floor":18,"key":"AttackPotion"},{"floor":21,"key":"SteroidPotion"},{"floor":25,"key":"AttackPotion"},{"floor":41,"key":"SteroidPotion"},{"floor":42,"key":"AttackPotion"},{"floor":48,"key":"Regen Potion"}],"is_trial":false,"path_per_floor":["M","$","?","M","M","R","E","R","T","?","M","R","$","M","R","B",null,"M","?","$","M","M","R","$","M","T","E","?","R","$","M","R","B",null,"M","$","?","M","$","R","E","M","T","M","R","?","E","M","R","B",null],"character_chosen":"THE_SILENT","items_purchased":["Cloak And Dagger","Infinite Blades","FairyPotion"],"campfire_rested":4,"item_purchase_floors":[2,2,36],"current_hp_per_floor":[70,70,70,70,70,70,49,49,49,49,39,60,60,60,60,24,70,56,56,56,56,52,52,52,52,52,32,32,53,53,50,50,37,70,70,70,70,58,58,70,37,21,21,10,43,43,25,5,38,7],"gold":138,"neow_bonus":"UPGRADE_CARD","is_prod":false,"is_daily":false,"chose_seed":false,"campfire_upgraded":6,"win_rate":0,"timestamp":1547667783,"path_taken":["M","$","?","M","M","R","E","R","T","?","M","R","?","M","R","BOSS","M","?","?","M","?","R","?","M","T","E","?","R","$","M","R","BOSS","M","$","?","M","$","R","E","?","T","M","R","?","E","M","R","BOSS"],"build_version":"2019-01-10","purchased_purges":3,"victory":true,"max_hp_per_floor":[70,70,70,70,70,70,70,70,70,70,70,70,70,70,70,70,70,70,70,70,70,70,70,70,70,70,70,70,70,70,70,70,70,70,70,70,70,70,70,70,70,70,70,70,70,70,70,70,70,70],"card_choices":[{"not_picked":["Quick Slash","Leg Sweep"],"picked":"Infinite Blades","floor":1},{"not_picked":["PiercingWail","Tactician","Underhanded Strike"],"picked":"SKIP","floor":4},{"not_picked":["Reflex","Backstab"],"picked":"Blade Dance","floor":5},{"not_picked":["Distraction","Dagger Throw"],"picked":"Backflip","floor":7},{"not_picked":["Bane","Sucker Punch","Underhanded Strike"],"picked":"SKIP","floor":11},{"not_picked":["Poisoned Stab","Dagger Spray"],"picked":"Footwork","floor":14},{"not_picked":["Adrenaline","Bullet Time"],"picked":"Storm of Steel","floor":16},{"not_picked":["Heel Hook","Caltrops"],"picked":"Well Laid Plans+1","floor":18},{"not_picked":["Catalyst","Deflect","Endless Agony"],"picked":"SKIP","floor":21},{"not_picked":["Flying Knee","Deflect"],"picked":"Leg Sweep","floor":22},{"not_picked":["Dagger Spray+1","Quick Slash","Sucker Punch+1"],"picked":"SKIP","floor":25},{"not_picked":["Bane+1","Quick Slash"],"picked":"Blur","floor":27},{"not_picked":["Deadly Poison","Dagger Spray"],"picked":"Escape Plan","floor":31},{"not_picked":["Caltrops+1","All Out Attack+1"],"picked":"Choke+1","floor":35},{"not_picked":["Dagger Throw+1","Outmaneuver+1"],"picked":"Escape Plan","floor":38},{"not_picked":["Crippling Poison","Prepared+1","Underhanded Strike"],"picked":"SKIP","floor":41},{"not_picked":["Prepared","Underhanded Strike","Outmaneuver+1"],"picked":"SKIP","floor":42},{"not_picked":["Outmaneuver","Wraith Form v2"],"picked":"Finisher+1","floor":44},{"not_picked":["Eviscerate+1","Heel Hook+1","Acrobatics"],"picked":"SKIP","floor":47},{"not_picked":["All Out Attack+1","Heel Hook","Quick Slash+1"],"picked":"SKIP","floor":48}],"player_experience":106430,"relics_obtained":[{"floor":7,"key":"Ornamental Fan"},{"floor":9,"key":"Pen Nib"},{"floor":27,"key":"Snake Skull"},{"floor":41,"key":"Bronze Scales"},{"floor":47,"key":"Smiling Mask"}],"event_choices":[{"damage_healed":0,"gold_gain":0,"player_choice":"Fled","damage_taken":0,"max_hp_gain":0,"max_hp_loss":0,"event_name":"Scrap Ooze","floor":3,"gold_loss":0},{"damage_healed":0,"gold_gain":0,"player_choice":"Ignored","damage_taken":0,"max_hp_gain":0,"max_hp_loss":0,"event_name":"Liars Game","floor":10,"gold_loss":0},{"cards_removed":["Strike_G"],"damage_healed":0,"gold_gain":0,"player_choice":"Elegance","damage_taken":0,"max_hp_gain":0,"max_hp_loss":0,"event_name":"Back to Basics","floor":19,"gold_loss":0},{"damage_healed":0,"gold_gain":0,"player_choice":"Ignored","damage_taken":0,"max_hp_gain":0,"max_hp_loss":0,"event_name":"The Mausoleum","floor":28,"gold_loss":0},{"cards_removed":["Strike_G"],"damage_healed":0,"gold_gain":0,"player_choice":"Purged","damage_taken":0,"max_hp_gain":0,"max_hp_loss":0,"event_name":"Purifier","floor":37,"gold_loss":0},{"damage_healed":0,"gold_gain":0,"player_choice":"Ignored","damage_taken":0,"max_hp_gain":0,"max_hp_loss":0,"event_name":"Mysterious Sphere","floor":46,"gold_loss":0}],"is_beta":false,"boss_relics":[{"not_picked":["Fusion Hammer","Philosopher\u0027s Stone"],"picked":"Cursed Key"},{"not_picked":["Sozu","Snecko Eye"],"picked":"Eternal Feather"}],"items_purged_floors":[13,20,30],"is_endless":false,"potions_floor_spawned":[1,5,16,18,21,25,41,42,44,48],"ascension_level":1}