{"gold_per_floor":[109,109,124,124,138,138,166,166,166,166,198,212,226,401,401,499,499,513,533,550,550,15,44,44,56,56,84,48,48,48,59,59,158,158,169,169,13,29,29,29,47,47,128,128,28,0,20,50,50,50],"floor_reached":50,"playtime":3798,"items_purged":["Strike_G","Parasite"],"score":518,"play_id":"e75b696b-5258-44b5-be51-f1639033e06d","local_time":"20190720131519","is_ascension_mode":false,"campfire_choices":[{"data":"Prepared","floor":6,"key":"SMITH"},{"floor":8,"key":"REST"},{"floor":10,"key":"REST"},{"data":"Poisoned Stab","floor":15,"key":"SMITH"},{"floor":24,"key":"REST"},{"floor":29,"key":"REST"},{"floor":32,"key":"REST"},{"floor":40,"key":"REST"},{"floor":42,"key":"REST"},{"data":"Noxious Fumes","floor":44,"key":"SMITH"},{"data":"Noxious Fumes","floor":49,"key":"SMITH"}],"neow_cost":"NONE","seed_source_timestamp":475574624682563,"circlet_count":0,"master_deck":["Strike_G","Strike_G","Strike_G","Defend_G","Defend_G","Defend_G","Defend_G","Survivor","Neutralize","Poisoned Stab","Prepared+1","Poisoned Stab+1","Blur+1","Die Die Die","Dodge and Roll","Backflip","Doubt","Die Die Die","Acrobatics+1","Flying Knee","Poisoned Stab","Deadly Poison","Tools of the Trade","Backflip+1","Noxious Fumes+1","Venomology","Noxious Fumes+1","Deadly Poison+1","Backflip"],"relics":["Ring of the Snake","NeowsBlessing","StoneCalendar","Ginger","Potion Belt","Runic Pyramid","Pantograph","Toy Ornithopter","Orichalcum","War Paint","MawBank","MutagenicStrength","Velvet Choker","Mummified Hand","Red Mask","Incense Burner"],"potions_floor_usage":[16,23,23,27,27,31,33,35,41,41,47,48,48,50,50,50],"damage_taken":[{"damage":0,"enemies":"Jaw Worm","floor":1,"turns":1},{"damage":0,"enemies":"Small Slimes","floor":3,"turns":1},{"damage":0,"enemies":"Cultist","floor":5,"turns":1},{"damage":35,"enemies":"Lagavulin","floor":7,"turns":7},{"damage":20,"enemies":"Gremlin Nob","floor":11,"turns":5},{"damage":0,"enemies":"3 Louse","floor":12,"turns":2},{"damage":0,"enemies":"2 Fungi Beasts","floor":13,"turns":2},{"damage":35,"enemies":"The Guardian","floor":16,"turns":10},{"damage":17,"enemies":"3 Byrds","floor":18,"turns":6},{"damage":8,"enemies":"Chosen","floor":19,"turns":6},{"damage":25,"enemies":"Centurion and Healer","floor":20,"turns":7},{"damage":42,"enemies":"Book of Stabbing","floor":23,"turns":6},{"damage":7,"enemies":"Chosen and Byrds","floor":25,"turns":5},{"damage":34,"enemies":"Slavers","floor":27,"turns":5},{"damage":2,"enemies":"Snecko","floor":31,"turns":5},{"damage":57,"enemies":"Automaton","floor":33,"turns":10},{"damage":3,"enemies":"Orb Walker","floor":35,"turns":4},{"damage":19,"enemies":"3 Darklings","floor":38,"turns":4},{"damage":22,"enemies":"Writhing Mass","floor":41,"turns":6},{"damage":5,"enemies":"Sphere and 2 Shapes","floor":47,"turns":3},{"damage":9,"enemies":"Nemesis","floor":48,"turns":7},{"damage":109,"enemies":"Time Eater","floor":50,"turns":13}],"seed_played":"-8546634356332762449","potions_obtained":[{"floor":3,"key":"Regen Potion"},{"floor":11,"key":"Fire Potion"},{"floor":19,"key":"Strength Potion"},{"floor":23,"key":"Swift Potion"},{"floor":25,"key":"LiquidBronze"},{"floor":31,"key":"SpeedPotion"},{"floor":35,"key":"FearPotion"},{"floor":41,"key":"FairyPotion"},{"floor":48,"key":"AttackPotion"}],"is_trial":false,"path_per_floor":["M","?","M","?","M","R","E","R","T","R","E","M","M","?","R","B",null,"M","M","M","?","$","E","R","M","T","E","$","R","?","M","R","B",null,"M","?","$","M","$","R","M","R","T","R","$","?","M","E","R","B"],"character_chosen":"THE_SILENT","items_purchased":["Pantograph","Deadly Poison","Toy Ornithopter","PowerPotion","Noxious Fumes","GhostInAJar"],"campfire_rested":7,"item_purchase_floors":[22,22,22,28,37,37],"current_hp_per_floor":[70,63,63,63,63,63,28,49,49,70,50,50,50,50,50,30,70,53,45,20,43,43,11,32,25,25,1,1,22,22,25,46,18,70,67,70,70,51,51,70,58,70,70,70,67,67,62,58,58,0],"gold":50,"neow_bonus":"THREE_ENEMY_KILL","is_prod":false,"is_daily":false,"chose_seed":false,"campfire_upgraded":4,"win_rate":0.0,"timestamp":1563642919,"path_taken":["M","?","M","?","M","R","E","R","T","R","E","?","M","?","R","BOSS","M","M","M","?","$","E","R","M","T","E","$","R","?","M","R","BOSS","M","?","$","M","$","R","M","R","T","R","?","?","M","E","R","BOSS"],"build_version":"2019-07-17","purchased_purges":2,"victory":false,"max_hp_per_floor":[70,70,70,70,70,70,70,70,70,70,70,70,70,70,70,70,70,70,70,70,70,70,70,70,70,70,70,70,70,70,70,70,70,70,70,70,70,70,70,70,70,70,70,70,67,67,67,67,67,67],"card_choices":[{"not_picked":["Sucker Punch","Prepared"],"picked":"Poisoned Stab","floor":1},{"not_picked":["Acrobatics","Blur"],"picked":"Prepared","floor":3},{"not_picked":["Deadly Poison","Slice"],"picked":"Poisoned Stab","floor":5},{"not_picked":["Riddle With Holes","Dodge and Roll"],"picked":"Blur","floor":7},{"not_picked":["Dodge and Roll","Outmaneuver"],"picked":"Die Die Die","floor":11},{"not_picked":["Outmaneuver","Tactician"],"picked":"Dodge and Roll","floor":12},{"not_picked":["Blade Dance","Blur"],"picked":"Backflip","floor":13},{"not_picked":["Doppelganger","Wraith Form v2"],"picked":"Die Die Die","floor":16},{"not_picked":["Dagger Spray","Flechettes+1"],"picked":"Acrobatics","floor":18},{"not_picked":["Dagger Spray","Outmaneuver+1"],"picked":"Flying Knee","floor":19},{"not_picked":["Masterful Stab","Quick Slash"],"picked":"Poisoned Stab","floor":20},{"not_picked":["Outmaneuver","Backflip"],"picked":"Tools of the Trade","floor":23},{"not_picked":["Slice","Quick Slash","Blur"],"picked":"SKIP","floor":25},{"not_picked":["Burst","Prepared"],"picked":"Backflip+1","floor":27},{"not_picked":["Leg Sweep","Deadly Poison"],"picked":"Noxious Fumes","floor":31},{"not_picked":["Unload","Burst"],"picked":"Venomology","floor":33},{"not_picked":["Quick Slash","Caltrops","Dodge and Roll"],"picked":"SKIP","floor":35},{"not_picked":["Escape Plan+1","Crippling Poison"],"picked":"Deadly Poison+1","floor":38},{"not_picked":["Dodge and Roll","Masterful Stab+1","Choke"],"picked":"SKIP","floor":41},{"not_picked":["Dodge and Roll+1","Flying Knee+1"],"picked":"Backflip","floor":47},{"not_picked":["Riddle With Holes+1","Outmaneuver","Dagger Throw+1"],"picked":"SKIP","floor":48}],"player_experience":41654,"relics_obtained":[{"floor":7,"key":"StoneCalendar"},{"floor":9,"key":"Ginger"},{"floor":11,"key":"Potion Belt"},{"floor":23,"key":"Orichalcum"},{"floor":26,"key":"War Paint"},{"floor":27,"key":"MawBank"},{"floor":43,"key":"Mummified Hand"},{"floor":48,"key":"Incense Burner"}],"event_choices":[{"cards_removed":["Strike_G"],"damage_healed":0,"gold_gain":0,"player_choice":"Card Removal","damage_taken":7,"max_hp_gain":0,"max_hp_loss":0,"event_name":"Golden Wing","floor":2,"gold_loss":0},{"cards_removed":["Defend_G"],"damage_healed":0,"gold_gain":0,"player_choice":"Purged","damage_taken":0,"max_hp_gain":0,"max_hp_loss":0,"event_name":"Purifier","floor":4,"gold_loss":0},{"damage_healed":0,"gold_gain":175,"player_choice":"AGREE","damage_taken":0,"max_hp_gain":0,"max_hp_loss":0,"event_name":"Liars Game","floor":14,"gold_loss":0,"cards_obtained":["Doubt"]},{"damage_healed":23,"gold_gain":0,"player_choice":"Heal","damage_taken":0,"max_hp_gain":0,"max_hp_loss":0,"event_name":"The Library","floor":21,"gold_loss":0},{"damage_healed":0,"gold_gain":0,"player_choice":"Inject Mutagens","damage_taken":0,"relics_obtained":["MutagenicStrength"],"max_hp_gain":0,"max_hp_loss":0,"event_name":"Drug Dealer","floor":30,"gold_loss":0},{"damage_healed":3,"gold_gain":0,"player_choice":"Full Heal","damage_taken":0,"max_hp_gain":0,"max_hp_loss":0,"event_name":"Wheel of Change","floor":36,"gold_loss":0},{"damage_healed":0,"gold_gain":0,"player_choice":"Paid","damage_taken":0,"relics_obtained":["Red Mask"],"max_hp_gain":0,"max_hp_loss":0,"event_name":"Tomb of Lord Red Mask","floor":46,"gold_loss":28}],"is_beta":false,"boss_relics":[{"not_picked":["Snecko Eye","Sozu"],"picked":"Runic Pyramid"},{"not_picked":["Empty Cage","Coffee Dripper"],"picked":"Velvet Choker"}],"items_purged_floors":[22,45],"is_endless":false,"potions_floor_spawned":[3,11,19,23,25,31,35,41,48],"killed_by":"Time Eater","ascension_level":0}