{"gold_per_floor":[111,121,46,46,61,61,87,113,148,160,172,184,220,47,47,175,175,188,188,207,32,51,51,74,74,74,109,36,36,57,92,92,213,213,238,45,45,45,45,45,81,96,96,109,182,221,221,242,242,242,242,242,92,123,123],"floor_reached":55,"playtime":4411,"items_purged":["Regret","Clumsy","Well Laid Plans","Defend_G"],"score":853,"play_id":"b1301431-750e-439a-a8c5-87b3c5102b2c","local_time":"20190724213306","is_ascension_mode":true,"campfire_choices":[{"data":"Neutralize","floor":6,"key":"SMITH"},{"floor":11,"key":"REST"},{"data":"Skewer","floor":15,"key":"SMITH"},{"data":"Footwork","floor":23,"key":"SMITH"},{"data":"Corpse Explosion","floor":25,"key":"SMITH"},{"data":"Envenom","floor":29,"key":"SMITH"},{"floor":32,"key":"REST"},{"data":"Catalyst","floor":40,"key":"SMITH"},{"floor":47,"key":"RECALL"},{"floor":49,"key":"REST"},{"data":"Burst","floor":52,"key":"SMITH"}],"neow_cost":"NONE","seed_source_timestamp":68698374034400,"circlet_count":0,"master_deck":["Defend_G","Defend_G","Defend_G","Defend_G","Survivor","Neutralize+1","Dagger Throw","Dodge and Roll","Finisher","Dodge and Roll","Footwork+1","Crippling Poison","Skewer+1","Corpse Explosion+1","All Out Attack","Bite","Bite","Bite","Bite","Bite","Poisoned Stab","Backflip","Deadly Poison","Deflect+1","Envenom+1","Footwork","Deadly Poison","Leg Sweep+1","Burst+1","Catalyst+1","Catalyst+1","Cloak And Dagger+1","Blur+1","Footwork","PiercingWail","Deadly Poison+1","Prepared+1"],"relics":["Calling Bell","The Specimen","Dodecahedron","Boot","MawBank","Golden Idol","Sozu","Meat on the Bone","Anchor","Du-Vu Doll","Runic Pyramid","SsserpentHead","Centennial Puzzle","Incense Burner","Bag of Marbles"],"potions_floor_usage":[16,27],"damage_taken":[{"damage":0,"enemies":"Jaw Worm","floor":1,"turns":4},{"damage":0,"enemies":"2 Louse","floor":2,"turns":2},{"damage":2,"enemies":"Cultist","floor":5,"turns":4},{"damage":55,"enemies":"Gremlin Nob","floor":7,"turns":7},{"damage":11,"enemies":"2 Fungi Beasts","floor":8,"turns":4},{"damage":8,"enemies":"Exordium Wildlife","floor":13,"turns":5},{"damage":35,"enemies":"The Guardian","floor":16,"turns":15},{"damage":1,"enemies":"Shell Parasite","floor":18,"turns":6},{"damage":8,"enemies":"3 Byrds","floor":20,"turns":5},{"damage":0,"enemies":"3 Cultists","floor":22,"turns":3},{"damage":0,"enemies":"Snake Plant","floor":24,"turns":5},{"damage":18,"enemies":"Slavers","floor":27,"turns":5},{"damage":0,"enemies":"Centurion and Healer","floor":30,"turns":5},{"damage":24,"enemies":"Book of Stabbing","floor":31,"turns":6},{"damage":25,"enemies":"Champ","floor":33,"turns":13},{"damage":0,"enemies":"3 Shapes","floor":35,"turns":3},{"damage":8,"enemies":"Nemesis","floor":41,"turns":5},{"damage":0,"enemies":"Orb Walker","floor":42,"turns":3},{"damage":24,"enemies":"Sphere and 2 Shapes","floor":44,"turns":7},{"damage":9,"enemies":"Spire Growth","floor":45,"turns":5},{"damage":5,"enemies":"Giant Head","floor":46,"turns":8},{"damage":17,"enemies":"Transient","floor":48,"turns":5},{"damage":56,"enemies":"Awakened One","floor":50,"turns":12},{"damage":0,"enemies":"Shield and Spear","floor":54,"turns":5},{"damage":73,"enemies":"The Heart","floor":55,"turns":9}],"seed_played":"3890026592021335260","potions_obtained":[{"floor":5,"key":"FairyPotion"},{"floor":13,"key":"Regen Potion"},{"floor":16,"key":"AttackPotion"}],"is_trial":false,"path_per_floor":["M","M","$","?","M","R","E","M","T","?","R","?","M","$","R","B",null,"M","?","M","$","M","R","M","R","T","E","$","R","M","E","R","B",null,"M","$","?","$","?","R","E","M","T","M","M","E","R","M","R","B",null,"R","$","E","B"],"character_chosen":"THE_SILENT","items_purchased":["Footwork","Crippling Poison","Skewer","Backflip","Deadly Poison","Footwork","Catalyst"],"campfire_rested":3,"item_purchase_floors":[14,14,14,21,21,28,36],"current_hp_per_floor":[70,70,70,63,61,61,6,7,7,7,28,28,22,22,22,4,65,64,64,63,63,65,65,65,65,65,53,53,53,59,37,56,49,65,65,65,65,65,65,65,65,65,65,51,48,53,53,42,61,25,65,65,65,65,0],"gold":123,"neow_bonus":"BOSS_RELIC","is_prod":false,"is_daily":false,"chose_seed":false,"campfire_upgraded":7,"win_rate":0,"timestamp":1563996786,"path_taken":["M","M","$","?","M","R","E","M","T","?","R","?","M","$","R","BOSS","M","?","M","$","M","R","M","R","T","E","$","R","M","E","R","BOSS","M","$","?","?","?","R","E","M","T","M","?","E","R","M","R","BOSS","R","$","E","BOSS"],"build_version":"2019-07-05","purchased_purges":4,"victory":false,"max_hp_per_floor":[70,70,70,70,70,70,70,70,70,70,70,65,65,65,65,65,65,65,65,65,65,65,65,65,65,65,65,65,65,65,65,65,65,65,65,65,65,65,65,65,65,65,65,65,65,65,65,65,65,65,65,65,65,65,65],"card_choices":[{"not_picked":["Underhanded Strike","Prepared"],"picked":"Dagger Throw","floor":1},{"not_picked":["Calculated Gamble","Heel Hook"],"picked":"Dodge and Roll","floor":2},{"not_picked":["Outmaneuver","Riddle With Holes","Prepared"],"picked":"SKIP","floor":5},{"not_picked":["Eviscerate","Outmaneuver"],"picked":"Finisher","floor":7},{"not_picked":["Backflip","Predator"],"picked":"Well Laid Plans","floor":8},{"not_picked":["Prepared","Catalyst"],"picked":"Dodge and Roll","floor":13},{"not_picked":["Wraith Form v2","Unload"],"picked":"Corpse Explosion","floor":16},{"not_picked":["Flying Knee","Underhanded Strike"],"picked":"All Out Attack","floor":18},{"not_picked":["Blade Dance+1","Cloak And Dagger"],"picked":"Poisoned Stab","floor":20},{"not_picked":["Prepared","Endless Agony"],"picked":"Deflect+1","floor":22},{"not_picked":["Dagger Throw+1","Blade Dance","Masterful Stab"],"picked":"SKIP","floor":24},{"not_picked":["Phantasmal Killer","Predator"],"picked":"Envenom","floor":27},{"not_picked":["Caltrops","Accuracy+1"],"picked":"Deadly Poison","floor":30},{"not_picked":["Backflip","Prepared+1"],"picked":"Leg Sweep+1","floor":31},{"not_picked":["Storm of Steel","Wraith Form v2"],"picked":"Burst","floor":33},{"not_picked":["Blade Dance","Footwork"],"picked":"Catalyst+1","floor":35},{"not_picked":["Terror","Skewer+1"],"picked":"Cloak And Dagger+1","floor":41},{"not_picked":["Dagger Throw","Slice"],"picked":"Blur+1","floor":42},{"not_picked":["Prepared","Bouncing Flask+1"],"picked":"Footwork","floor":44},{"not_picked":["Flying Knee","Quick Slash+1"],"picked":"PiercingWail","floor":45},{"not_picked":["Envenom","Bane+1"],"picked":"Deadly Poison+1","floor":46},{"not_picked":["Flying Knee","Dodge and Roll","Eviscerate+1"],"picked":"SKIP","floor":48},{"not_picked":["Dash+1","Slice+1"],"picked":"Prepared+1","floor":54}],"player_experience":128121,"relics_obtained":[{"floor":0,"key":"The Specimen"},{"floor":0,"key":"Dodecahedron"},{"floor":0,"key":"Boot"},{"floor":7,"key":"MawBank"},{"floor":9,"key":"Blood Vial"},{"floor":26,"key":"Meat on the Bone"},{"floor":27,"key":"Anchor"},{"floor":31,"key":"Du-Vu Doll"},{"floor":41,"key":"Centennial Puzzle"},{"floor":46,"key":"Incense Burner"},{"floor":54,"key":"Bag of Marbles"}],"event_choices":[{"cards_removed":["Decay"],"damage_healed":0,"gold_gain":0,"player_choice":"Card Removal","damage_taken":7,"max_hp_gain":0,"max_hp_loss":0,"event_name":"Golden Wing","floor":4,"gold_loss":0},{"damage_healed":0,"gold_gain":0,"player_choice":"Ignored","damage_taken":0,"max_hp_gain":0,"max_hp_loss":0,"event_name":"Liars Game","floor":10,"gold_loss":0},{"damage_healed":0,"gold_gain":0,"player_choice":"Lose Max HP","damage_taken":0,"relics_obtained":["Golden Idol"],"max_hp_gain":0,"max_hp_loss":5,"event_name":"Golden Idol","floor":12,"gold_loss":0},{"damage_healed":0,"gold_gain":0,"player_choice":"Became a vampire (Vial)","damage_taken":0,"max_hp_gain":0,"max_hp_loss":0,"event_name":"Vampires","floor":19,"relics_lost":["Blood Vial"],"gold_loss":0,"cards_obtained":["Bite","Bite","Bite","Bite","Bite"]},{"damage_healed":0,"gold_gain":0,"player_choice":"Ignored","damage_taken":0,"max_hp_gain":0,"max_hp_loss":0,"event_name":"Mysterious Sphere","floor":37,"gold_loss":0},{"damage_healed":0,"gold_gain":0,"player_choice":"Trade","damage_taken":0,"relics_obtained":["SsserpentHead"],"max_hp_gain":0,"max_hp_loss":0,"event_name":"FaceTrader","floor":39,"gold_loss":0}],"is_beta":false,"boss_relics":[{"not_picked":["Busted Crown","Eternal Feather"],"picked":"Sozu"},{"not_picked":["Velvet Choker","Black Star"],"picked":"Runic Pyramid"}],"items_purged_floors":[3,21,36,53],"is_endless":false,"potions_floor_spawned":[5,13,16,24,27,31,41,46,48],"killed_by":"The Heart","ascension_level":1}