{"gold_per_floor":[16,35,55,66,66,141,154,154],"floor_reached":8,"playtime":702,"items_purged":[],"score":53,"play_id":"6015ebb1-5caa-486b-94b2-70c63d9c96e7","local_time":"20190725105833","is_ascension_mode":true,"campfire_choices":[],"neow_cost":"NO_GOLD","seed_source_timestamp":0,"circlet_count":0,"master_deck":["Strike_G","Strike_G","Strike_G","Defend_G","Defend_G+1","Defend_G","Defend_G","Defend_G","Survivor","Neutralize","Deadly Poison+1","Quick Slash","Dagger Throw"],"special_seed":0,"relics":["Ring of the Snake"],"potions_floor_usage":[8],"damage_taken":[{"damage":4,"enemies":"Cultist","floor":1,"turns":5},{"damage":0,"enemies":"Small Slimes","floor":2,"turns":4},{"damage":4,"enemies":"Jaw Worm","floor":3,"turns":4},{"damage":3,"enemies":"Exordium Wildlife","floor":4,"turns":6},{"damage":19,"enemies":"Exordium Thugs","floor":7,"turns":5},{"damage":16,"enemies":"Lagavulin","floor":8,"turns":5}],"seed_played":"6736004699107436349","potions_obtained":[{"floor":2,"key":"LiquidBronze"},{"floor":7,"key":"GamblersBrew"}],"is_trial":false,"path_per_floor":["M","M","M","M","?","?","M","E"],"character_chosen":"THE_SILENT","items_purchased":[],"campfire_rested":0,"item_purchase_floors":[],"current_hp_per_floor":[66,66,62,59,45,34,15,0],"gold":154,"neow_bonus":"REMOVE_TWO","is_prod":false,"is_daily":false,"chose_seed":false,"campfire_upgraded":0,"win_rate":0,"timestamp":1564045113,"path_taken":["M","M","M","M","?","?","M","E"],"build_version":"2019-07-05","purchased_purges":0,"victory":false,"max_hp_per_floor":[70,70,70,70,70,70,70,70],"card_choices":[{"not_picked":["Sucker Punch","Cloak And Dagger"],"picked":"Deadly Poison","floor":1},{"not_picked":["Flying Knee","Sucker Punch"],"picked":"Quick Slash","floor":2},{"not_picked":["Blade Dance","Dagger Spray"],"picked":"Dagger Throw","floor":3},{"not_picked":["Underhanded Strike","Infinite Blades","Slice"],"picked":"SKIP","floor":4},{"not_picked":["Prepared","Tactician","Slice"],"picked":"SKIP","floor":7}],"player_experience":145139,"relics_obtained":[],"event_choices":[{"damage_healed":0,"gold_gain":0,"player_choice":"Entered Light","damage_taken":14,"max_hp_gain":0,"max_hp_loss":0,"event_name":"Shining Light","floor":5,"gold_loss":0,"cards_upgraded":["Defend_G","Deadly Poison"]},{"damage_healed":0,"gold_gain":75,"player_choice":"Gather Gold","damage_taken":11,"max_hp_gain":0,"max_hp_loss":0,"event_name":"World of Goop","floor":6,"gold_loss":0}],"is_beta":false,"boss_relics":[],"items_purged_floors":[],"is_endless":false,"potions_floor_spawned":[2,7],"killed_by":"Lagavulin","ascension_level":1}