{"gold_per_floor":[111,123,133,144,144,144,161,195,222,241,241,271,289,322,322,426,426,436,33,33,33,52,78,78,78,132,132,160,175,201,52,52,52],"floor_reached":33,"playtime":2281,"items_purged":[],"score":513,"play_id":"924275ca-0ae6-40fe-95ce-ab70ed0fc866","local_time":"20190705151922","is_ascension_mode":true,"campfire_choices":[{"data":"Iron Wave","floor":6,"key":"SMITH"},{"floor":11,"key":"REST"},{"floor":15,"key":"REST"},{"floor":25,"key":"REST"},{"floor":27,"key":"REST"},{"floor":32,"key":"REST"}],"neow_cost":"NONE","seed_source_timestamp":173503960931800,"circlet_count":0,"master_deck":["AscendersBane","Bash+1","Blind","Clothesline","Iron Wave+1","Rage","Inflame","Carnage","Sentinel","Metallicize","Armaments","Havoc","Clash","Iron Wave","Carnage","Berserk+1","Bludgeon","Dropkick","Pommel Strike","Corruption","Immolate","Shockwave","Ghostly Armor","Fire Breathing","Whirlwind","Iron Wave+1","Metallicize","Shrug It Off","Uppercut+1","Havoc","Armaments+1","Double Tap","Havoc","Feel No Pain","Whirlwind+1","Sentinel","Uppercut"],"relics":["Burning Blood","Blue Candle","Centennial Puzzle","Dream Catcher","Regal Pillow","Boot","Pandora\u0027s Box","Mercury Hourglass","Magic Flower","Anchor","Vajra","Matryoshka","Whetstone"],"potions_floor_usage":[8,12,12,13,14,22,30,33],"damage_taken":[{"damage":0,"enemies":"Jaw Worm","floor":1,"turns":3},{"damage":8,"enemies":"2 Louse","floor":2,"turns":3},{"damage":2,"enemies":"Cultist","floor":3,"turns":4},{"damage":5,"enemies":"Red Slaver","floor":4,"turns":3},{"damage":9,"enemies":"Large Slime","floor":7,"turns":7},{"damage":51,"enemies":"3 Sentries","floor":8,"turns":9},{"damage":9,"enemies":"Blue Slaver","floor":10,"turns":3},{"damage":13,"enemies":"Lagavulin","floor":12,"turns":6},{"damage":13,"enemies":"Exordium Thugs","floor":13,"turns":5},{"damage":13,"enemies":"Gremlin Nob","floor":14,"turns":4},{"damage":29,"enemies":"Hexaghost","floor":16,"turns":13},{"damage":5,"enemies":"Spheric Guardian","floor":18,"turns":3},{"damage":29,"enemies":"2 Thieves","floor":22,"turns":3},{"damage":42,"enemies":"Slavers","floor":23,"turns":5},{"damage":25,"enemies":"Gremlin Leader","floor":28,"turns":4},{"damage":7,"enemies":"Snecko","floor":29,"turns":3},{"damage":19,"enemies":"Slavers","floor":30,"turns":4},{"damage":81,"enemies":"Champ","floor":33,"turns":10}],"seed_played":"7908318377646566210","potions_obtained":[{"floor":3,"key":"LiquidBronze"},{"floor":8,"key":"FearPotion"},{"floor":10,"key":"Block Potion"},{"floor":12,"key":"Fire Potion"},{"floor":13,"key":"PowerPotion"},{"floor":18,"key":"PowerPotion"},{"floor":28,"key":"SkillPotion"},{"floor":30,"key":"FearPotion"}],"is_trial":false,"path_per_floor":["M","M","M","M","?","R","M","E","T","M","R","E","M","E","R","B",null,"M","$","?","$","M","E","?","R","T","R","E","M","E","$","R","B"],"character_chosen":"IRONCLAD","items_purchased":["Mercury Hourglass","Metallicize","Shrug It Off","Uppercut","Whetstone"],"campfire_rested":5,"item_purchase_floors":[19,19,19,19,31],"current_hp_per_floor":[78,76,80,80,80,80,77,32,32,29,53,46,39,32,71,48,72,73,73,73,73,50,14,14,53,53,80,64,66,56,56,80,0],"gold":52,"neow_bonus":"RANDOM_COLORLESS","is_prod":false,"is_daily":false,"chose_seed":false,"campfire_upgraded":1,"win_rate":0,"timestamp":1562336362,"path_taken":["M","M","M","M","?","R","M","E","T","M","R","E","M","E","R","BOSS","M","$","?","?","?","E","?","R","T","R","E","M","E","$","R","BOSS"],"build_version":"2019-07-01","purchased_purges":0,"victory":false,"max_hp_per_floor":[80,80,80,80,80,80,80,80,80,80,80,80,80,80,80,80,80,80,80,80,80,80,80,80,80,80,80,80,80,80,80,80,80],"card_choices":[{"not_picked":["Flex","Blood for Blood"],"picked":"Clothesline","floor":1},{"not_picked":["Twin Strike","Sword Boomerang"],"picked":"Iron Wave","floor":2},{"not_picked":["Disarm","True Grit"],"picked":"Rage","floor":3},{"not_picked":["Pommel Strike","Warcry"],"picked":"Inflame","floor":4},{"not_picked":["Dual Wield","Anger"],"picked":"Carnage","floor":7},{"not_picked":["Warcry","Evolve"],"picked":"Sentinel","floor":8},{"not_picked":["Bloodletting","Anger"],"picked":"Metallicize","floor":10},{"not_picked":["Wild Strike","Sever Soul"],"picked":"Armaments","floor":11},{"not_picked":["Double Tap","Armaments"],"picked":"Havoc","floor":12},{"not_picked":["Entrench","Fire Breathing"],"picked":"Clash","floor":13},{"not_picked":["Clothesline","Heavy Blade"],"picked":"Iron Wave","floor":14},{"not_picked":["Cleave","Anger"],"picked":"Carnage","floor":15},{"not_picked":["Offering","Double Tap"],"picked":"Berserk","floor":16},{"not_picked":["Armaments","Heavy Blade"],"picked":"Iron Wave+1","floor":18},{"not_picked":["Body Slam","Thunderclap"],"picked":"Havoc","floor":22},{"not_picked":["Perfected Strike+1","Pommel Strike"],"picked":"Armaments+1","floor":23},{"not_picked":["True Grit","Perfected Strike"],"picked":"Double Tap","floor":25},{"not_picked":["Warcry","Hemokinesis"],"picked":"Havoc","floor":27},{"not_picked":["Flex+1","Barricade"],"picked":"Feel No Pain","floor":28},{"not_picked":["Clash","Reckless Charge"],"picked":"Whirlwind+1","floor":29},{"not_picked":["Shockwave","Second Wind"],"picked":"Sentinel","floor":30},{"not_picked":["Sword Boomerang","Heavy Blade"],"picked":"Uppercut","floor":32}],"player_experience":984527,"relics_obtained":[{"floor":8,"key":"Centennial Puzzle"},{"floor":9,"key":"Dream Catcher"},{"floor":12,"key":"Regal Pillow"},{"floor":14,"key":"Boot"},{"floor":23,"key":"Magic Flower"},{"floor":26,"key":"Anchor"},{"floor":28,"key":"Vajra"},{"floor":30,"key":"Matryoshka"}],"event_choices":[{"damage_healed":0,"gold_gain":0,"player_choice":"Box","damage_taken":0,"relics_obtained":["Blue Candle"],"max_hp_gain":0,"max_hp_loss":0,"event_name":"Big Fish","floor":5,"gold_loss":0,"cards_obtained":["Regret"]},{"damage_healed":0,"gold_gain":0,"player_choice":"Upgraded","damage_taken":0,"max_hp_gain":0,"max_hp_loss":0,"event_name":"Upgrade Shrine","floor":20,"gold_loss":0,"cards_upgraded":["Berserk"]},{"cards_removed":["Regret"],"damage_healed":0,"gold_gain":0,"player_choice":"Elegance","damage_taken":0,"max_hp_gain":0,"max_hp_loss":0,"event_name":"Back to Basics","floor":24,"gold_loss":0}],"is_beta":false,"boss_relics":[{"not_picked":["Cursed Key","Lizard Tail"],"picked":"Pandora\u0027s Box"}],"items_purged_floors":[],"is_endless":false,"potions_floor_spawned":[3,8,10,12,13,18,28,30],"killed_by":"Champ","ascension_level":10}