{"gold_per_floor":[110,110,110,126,144,144,178,194,194,210,228,254,274,301,301,404,404,421,434,445,251,251,251,251,54,54,54],"floor_reached":27,"playtime":1717,"items_purged":[],"score":338,"play_id":"7af9ff33-4c57-441b-bf94-e00ab9ba001d","local_time":"20190704173955","is_ascension_mode":true,"campfire_choices":[{"data":"Armaments","floor":6,"key":"SMITH"},{"floor":15,"key":"REST"},{"floor":23,"key":"REST"}],"neow_cost":"NONE","seed_source_timestamp":96102688303500,"circlet_count":0,"master_deck":["AscendersBane","Bash","Shrug It Off+1","Armaments+1","Iron Wave","Iron Wave","Fiend Fire","Searing Blow","Thunderclap","Feel No Pain","Barricade","Dark Embrace","Thunderclap","Whirlwind","Clothesline","Rage","Berserk","Fiend Fire","Havoc","Metallicize","Thunderclap","Headbutt","Body Slam","Cleave","RitualDagger"],"relics":["Burning Blood","Anchor","Bottled Lightning","Boot","Incense Burner","Pandora\u0027s Box","Art of War","Sling","Oddly Smooth Stone"],"potions_floor_usage":[7,16,16,20],"damage_taken":[{"damage":25,"enemies":"Jaw Worm","floor":1,"turns":5},{"damage":2,"enemies":"Cultist","floor":4,"turns":4},{"damage":0,"enemies":"2 Louse","floor":5,"turns":4},{"damage":45,"enemies":"Gremlin Nob","floor":7,"turns":6},{"damage":0,"enemies":"2 Fungi Beasts","floor":8,"turns":7},{"damage":0,"enemies":"Looter","floor":10,"turns":3},{"damage":16,"enemies":"Exordium Thugs","floor":11,"turns":5},{"damage":3,"enemies":"Blue Slaver","floor":13,"turns":4},{"damage":32,"enemies":"Lagavulin","floor":14,"turns":9},{"damage":21,"enemies":"Hexaghost","floor":16,"turns":14},{"damage":57,"enemies":"Spheric Guardian","floor":18,"turns":7},{"damage":11,"enemies":"Chosen","floor":19,"turns":8},{"damage":15,"enemies":"Centurion and Healer","floor":20,"turns":8},{"damage":42,"enemies":"Gremlin Leader","floor":27,"turns":4}],"seed_played":"8089508672581174661","potions_obtained":[{"floor":5,"key":"PowerPotion"},{"floor":8,"key":"AttackPotion"},{"floor":10,"key":"SkillPotion"},{"floor":16,"key":"FearPotion"}],"is_trial":false,"path_per_floor":["M","?","?","M","M","R","E","M","T","M","M","T","M","E","R","B",null,"M","M","M","$","?","R","?","$","T","E"],"character_chosen":"IRONCLAD","items_purchased":["Art of War","Cleave","Sling"],"campfire_rested":2,"item_purchase_floors":[21,21,25],"current_hp_per_floor":[61,88,70,74,80,80,41,47,47,53,43,43,46,20,46,31,74,23,18,9,9,3,29,29,29,29,0],"gold":54,"neow_bonus":"TEN_PERCENT_HP_BONUS","is_prod":false,"is_daily":false,"chose_seed":false,"campfire_upgraded":1,"win_rate":0,"timestamp":1562258395,"path_taken":["M","?","?","M","?","R","E","?","T","M","M","?","M","E","R","BOSS","M","M","?","$","?","R","?","$","T","E"],"build_version":"2019-07-01","purchased_purges":0,"victory":false,"max_hp_per_floor":[88,88,88,88,88,88,88,88,88,88,88,88,88,88,88,88,88,88,88,88,88,88,88,88,88,88,88],"card_choices":[{"not_picked":["Body Slam","Evolve"],"picked":"Shrug It Off","floor":1},{"not_picked":["Sword Boomerang","Headbutt"],"picked":"Armaments","floor":4},{"not_picked":["Twin Strike","Wild Strike"],"picked":"Iron Wave","floor":5},{"not_picked":["Headbutt","Sever Soul"],"picked":"Iron Wave","floor":7},{"not_picked":["Warcry","Power Through"],"picked":"Fiend Fire","floor":8},{"not_picked":["Anger","Clothesline"],"picked":"Searing Blow","floor":10},{"not_picked":["Wild Strike","Clash"],"picked":"Thunderclap","floor":11},{"not_picked":["Body Slam","Sentinel"],"picked":"Feel No Pain","floor":13},{"not_picked":["Twin Strike","Thunderclap"],"picked":"Barricade","floor":14},{"not_picked":["Bludgeon","Fiend Fire"],"picked":"Dark Embrace","floor":16},{"not_picked":["Heavy Blade","Clothesline"],"picked":"Thunderclap","floor":18},{"not_picked":["Clash","Wild Strike"],"picked":"Headbutt","floor":19},{"not_picked":["Combust","Armaments"],"picked":"Body Slam","floor":20}],"player_experience":980806,"relics_obtained":[{"floor":7,"key":"Anchor"},{"floor":9,"key":"Bottled Lightning"},{"floor":12,"key":"Boot"},{"floor":14,"key":"Incense Burner"},{"floor":26,"key":"Oddly Smooth Stone"}],"event_choices":[{"damage_healed":29,"gold_gain":0,"player_choice":"Banana","damage_taken":0,"max_hp_gain":0,"max_hp_loss":0,"event_name":"Big Fish","floor":2,"gold_loss":0},{"damage_healed":0,"gold_gain":0,"player_choice":"Entered Light","damage_taken":18,"max_hp_gain":0,"max_hp_loss":0,"event_name":"Shining Light","floor":3,"gold_loss":0,"cards_upgraded":["Defend_R","Shrug It Off"]},{"damage_healed":0,"gold_gain":0,"player_choice":"Joined the Cult","damage_taken":6,"max_hp_gain":0,"max_hp_loss":0,"event_name":"Nest","floor":22,"gold_loss":0,"cards_obtained":["RitualDagger"]},{"cards_removed":["True Grit"],"damage_healed":0,"gold_gain":0,"player_choice":"Elegance","damage_taken":0,"max_hp_gain":0,"max_hp_loss":0,"event_name":"Back to Basics","floor":24,"gold_loss":0}],"is_beta":false,"boss_relics":[{"not_picked":["Empty Cage","Tiny House"],"picked":"Pandora\u0027s Box"}],"items_purged_floors":[],"is_endless":false,"potions_floor_spawned":[5,8,10,16],"killed_by":"Gremlin Leader","ascension_level":10}