{"gold_per_floor":[119,119,129,129,144,170,170,201,201,236,236,271,281,299,299,399,399,410,410,61,80,80,80],"floor_reached":23,"playtime":1590,"items_purged":[],"score":329,"play_id":"187830e6-d950-4783-8c4d-d5ff6f6259ee","local_time":"20190705083033","is_ascension_mode":true,"campfire_choices":[{"floor":7,"key":"REST"},{"floor":11,"key":"REST"},{"floor":15,"key":"REST"}],"neow_cost":"NONE","seed_source_timestamp":149666682495600,"circlet_count":0,"master_deck":["AscendersBane","Bash","Battle Trance","Cleave","Shrug It Off","Feel No Pain","Disarm+1","Havoc","Limit Break","Havoc","Inflame","Juggernaut","Blood for Blood","Bloodletting","Battle Trance","Entrench+1","Body Slam","Blood for Blood","Sword Boomerang","Power Through","Perfected Strike","Anger+1","Corruption"],"relics":["Burning Blood","Potion Belt","Du-Vu Doll","Singing Bowl","Champion Belt","Vajra","Pandora\u0027s Box","War Paint","Bronze Scales","Medical Kit","Molten Egg 2"],"potions_floor_usage":[6,13,16],"damage_taken":[{"damage":9,"enemies":"Jaw Worm","floor":1,"turns":4},{"damage":2,"enemies":"2 Louse","floor":3,"turns":3},{"damage":3,"enemies":"Small Slimes","floor":5,"turns":5},{"damage":15,"enemies":"Gremlin Nob","floor":6,"turns":4},{"damage":15,"enemies":"3 Sentries","floor":8,"turns":8},{"damage":37,"enemies":"Gremlin Nob","floor":10,"turns":5},{"damage":10,"enemies":"3 Sentries","floor":12,"turns":15},{"damage":8,"enemies":"Blue Slaver","floor":13,"turns":4},{"damage":22,"enemies":"Exordium Thugs","floor":14,"turns":5},{"damage":61,"enemies":"Hexaghost","floor":16,"turns":12},{"damage":13,"enemies":"Chosen","floor":18,"turns":5},{"damage":17,"enemies":"Shell Parasite","floor":21,"turns":4},{"damage":70,"enemies":"Gremlin Leader","floor":23,"turns":3}],"seed_played":"-3784714423409930375","potions_obtained":[{"floor":1,"key":"Poison Potion"},{"floor":6,"key":"Ancient Potion"},{"floor":12,"key":"Regen Potion"},{"floor":14,"key":"Dexterity Potion"},{"floor":18,"key":"SteroidPotion"}],"is_trial":false,"path_per_floor":["M","?","M","?","M","E","R","E","T","E","R","E","M","M","R","B",null,"M","?","$","M","?","E"],"character_chosen":"IRONCLAD","items_purchased":["Bronze Scales","Medical Kit"],"campfire_rested":3,"item_purchase_floors":[20,20],"current_hp_per_floor":[77,59,63,63,66,57,83,74,74,43,69,65,75,59,85,30,74,67,67,67,56,56,0],"gold":80,"neow_bonus":"TEN_PERCENT_HP_BONUS","is_prod":false,"is_daily":false,"chose_seed":false,"campfire_upgraded":0,"win_rate":0,"timestamp":1562311833,"path_taken":["M","?","M","?","M","E","R","E","T","E","R","E","M","M","R","BOSS","M","?","$","M","?","E"],"build_version":"2019-07-01","purchased_purges":0,"victory":false,"max_hp_per_floor":[88,88,88,88,88,88,88,88,88,88,88,88,88,88,88,88,88,88,88,88,88,88,88],"card_choices":[{"not_picked":["Armaments","Cleave"],"picked":"Battle Trance","floor":1},{"not_picked":["Armaments","Combust"],"picked":"Cleave","floor":3},{"not_picked":["True Grit","Evolve"],"picked":"Shrug It Off","floor":5},{"not_picked":["Cleave","Sword Boomerang"],"picked":"Feel No Pain","floor":6},{"not_picked":["Clash","Berserk"],"picked":"Disarm","floor":8},{"not_picked":["Shrug It Off","Dropkick"],"picked":"Havoc","floor":10},{"not_picked":["Perfected Strike","Fire Breathing"],"picked":"Limit Break","floor":12},{"not_picked":["Heavy Blade","True Grit"],"picked":"Havoc","floor":13},{"not_picked":["Uppercut","Havoc"],"picked":"Inflame","floor":14},{"not_picked":["Double Tap","Fiend Fire"],"picked":"Juggernaut","floor":16},{"not_picked":["Ghostly Armor","Seeing Red"],"picked":"Anger+1","floor":18},{"not_picked":["Wild Strike+1","Entrench"],"picked":"Corruption","floor":21}],"player_experience":982937,"relics_obtained":[{"floor":6,"key":"Potion Belt"},{"floor":8,"key":"Du-Vu Doll"},{"floor":9,"key":"Singing Bowl"},{"floor":10,"key":"Champion Belt"},{"floor":12,"key":"Vajra"}],"event_choices":[{"damage_healed":0,"gold_gain":0,"player_choice":"Entered Light","damage_taken":18,"max_hp_gain":0,"max_hp_loss":0,"event_name":"Shining Light","floor":2,"gold_loss":0,"cards_upgraded":["Defend_R","Defend_R"]},{"damage_healed":0,"gold_gain":0,"player_choice":"Ignored","damage_taken":0,"max_hp_gain":0,"max_hp_loss":0,"event_name":"Liars Game","floor":4,"gold_loss":0},{"damage_healed":0,"gold_gain":0,"player_choice":"Opened","damage_taken":0,"relics_obtained":["War Paint"],"max_hp_gain":0,"max_hp_loss":0,"event_name":"The Mausoleum","floor":19,"gold_loss":0},{"damage_healed":0,"gold_gain":0,"player_choice":"Gave Potion","damage_taken":0,"relics_obtained":["Molten Egg 2"],"max_hp_gain":0,"max_hp_loss":0,"event_name":"WeMeetAgain","floor":22,"gold_loss":0}],"is_beta":false,"boss_relics":[{"not_picked":["Empty Cage","Astrolabe"],"picked":"Pandora\u0027s Box"}],"items_purged_floors":[],"is_endless":false,"potions_floor_spawned":[1,6,12,14,18],"killed_by":"Gremlin Leader","ascension_level":10}