{"gold_per_floor":[219,294,294,79,92,125,145,161,184,184,238,270,31,62,62,166,166,184,5,21,32,32,60,72,72,72,72,85,120,20,40,40,40],"floor_reached":33,"playtime":2653,"items_purged":["Strike_R","Defend_R"],"score":473,"play_id":"900b4f80-7ecf-4414-85c0-53c0e4def0ec","local_time":"20190723100138","is_ascension_mode":true,"campfire_choices":[{"floor":10,"key":"REST"},{"floor":15,"key":"REST"},{"floor":27,"key":"REST"},{"floor":32,"key":"REST"}],"neow_cost":"NONE","seed_source_timestamp":1037357265320700,"circlet_count":0,"master_deck":["AscendersBane","Strike_R","Strike_R","Defend_R","Defend_R","Bash","Havoc","Dramatic Entrance","Clothesline","Sentinel","Flame Barrier","Clothesline","Impervious","Cleave","Disarm","Impervious","Bludgeon+1","Clothesline+1","Carnage+1","Rampage","Sentinel","Shrug It Off","Iron Wave","Havoc+1","Rampage+1","Headbutt","Fire Breathing","Ghostly Armor","Metallicize"],"relics":["Burning Blood","Vajra","PreservedInsect","Happy Flower","Pantograph","Pen Nib","Astrolabe","Bronze Scales","Champion Belt","Gambling Chip"],"potions_floor_usage":[6,6,12,16,29,33],"damage_taken":[{"damage":2,"enemies":"2 Louse","floor":1,"turns":3},{"damage":8,"enemies":"Cultist","floor":5,"turns":5},{"damage":25,"enemies":"Lagavulin","floor":6,"turns":6},{"damage":0,"enemies":"Small Slimes","floor":7,"turns":3},{"damage":13,"enemies":"Exordium Wildlife","floor":8,"turns":4},{"damage":15,"enemies":"3 Sentries","floor":12,"turns":7},{"damage":12,"enemies":"Gremlin Nob","floor":14,"turns":3},{"damage":41,"enemies":"Hexaghost","floor":16,"turns":13},{"damage":22,"enemies":"Spheric Guardian","floor":18,"turns":4},{"damage":6,"enemies":"Chosen","floor":20,"turns":3},{"damage":0,"enemies":"Snecko","floor":21,"turns":4},{"damage":20,"enemies":"Gremlin Leader","floor":23,"turns":8},{"damage":22,"enemies":"Cultist and Chosen","floor":24,"turns":6},{"damage":14,"enemies":"Centurion and Healer","floor":28,"turns":5},{"damage":22,"enemies":"Book of Stabbing","floor":29,"turns":5},{"damage":4,"enemies":"Sentry and Sphere","floor":31,"turns":5},{"damage":117,"enemies":"Champ","floor":33,"turns":13}],"seed_played":"6529516825282772976","potions_obtained":[{"floor":1,"key":"Strength Potion"},{"floor":5,"key":"Energy Potion"},{"floor":7,"key":"LiquidBronze"},{"floor":8,"key":"Swift Potion"},{"floor":14,"key":"FearPotion"},{"floor":20,"key":"FairyPotion"},{"floor":28,"key":"Block Potion"},{"floor":29,"key":"SpeedPotion"}],"is_trial":false,"path_per_floor":["M","?","?","$","M","E","M","M","T","R","?","E","$","E","R","B",null,"M","$","M","M","?","E","M","?","T","R","M","E","$","M","R","B"],"character_chosen":"IRONCLAD","items_purchased":["Dramatic Entrance","Clothesline","Pantograph","Bronze Scales","Sentinel"],"campfire_rested":4,"item_purchase_floors":[4,4,13,19,19],"current_hp_per_floor":[76,65,70,70,68,49,55,48,48,73,73,64,64,58,83,50,76,60,60,60,66,66,52,36,36,36,61,53,37,37,39,64,0],"gold":40,"neow_bonus":"HUNDRED_GOLD","is_prod":false,"is_daily":false,"chose_seed":false,"campfire_upgraded":0,"win_rate":0,"timestamp":1563872498,"path_taken":["M","?","?","$","M","E","M","M","T","R","?","E","$","E","R","BOSS","M","$","M","M","?","E","?","?","T","R","M","E","$","?","R","BOSS"],"build_version":"2019-07-17","purchased_purges":2,"victory":false,"max_hp_per_floor":[80,80,85,85,85,85,85,85,85,85,85,85,85,85,85,85,85,85,85,85,85,85,85,85,85,85,85,85,85,85,85,85,85],"card_choices":[{"not_picked":["Evolve","Infernal Blade"],"picked":"Havoc","floor":1},{"not_picked":["Sever Soul","Flex"],"picked":"Sentinel","floor":5},{"not_picked":["Fire Breathing","Anger"],"picked":"Flame Barrier","floor":6},{"not_picked":["Thunderclap","Wild Strike"],"picked":"Clothesline","floor":7},{"not_picked":["Body Slam","Ghostly Armor"],"picked":"Impervious","floor":8},{"not_picked":["Clash","Evolve"],"picked":"Cleave","floor":12},{"not_picked":["Cleave","Heavy Blade"],"picked":"Disarm","floor":14},{"not_picked":["Exhume","Double Tap"],"picked":"Impervious","floor":16},{"not_picked":["Pommel Strike","Pummel"],"picked":"Rampage","floor":18},{"not_picked":["Perfected Strike+1","Thunderclap"],"picked":"Shrug It Off","floor":20},{"not_picked":["Combust+1","Wild Strike"],"picked":"Iron Wave","floor":21},{"not_picked":["Headbutt","Berserk"],"picked":"Rampage+1","floor":23},{"not_picked":["Evolve","Rupture"],"picked":"Headbutt","floor":24},{"not_picked":["Clothesline","Sword Boomerang"],"picked":"Fire Breathing","floor":28},{"not_picked":["Juggernaut","Anger"],"picked":"Ghostly Armor","floor":29},{"not_picked":["Carnage","Power Through"],"picked":"Metallicize","floor":31}],"player_experience":1074770,"relics_obtained":[{"floor":6,"key":"Vajra"},{"floor":9,"key":"PreservedInsect"},{"floor":12,"key":"Happy Flower"},{"floor":14,"key":"Pen Nib"},{"floor":23,"key":"Champion Belt"},{"floor":29,"key":"Gambling Chip"}],"event_choices":[{"damage_healed":0,"gold_gain":75,"player_choice":"Gather Gold","damage_taken":11,"max_hp_gain":0,"max_hp_loss":0,"event_name":"World of Goop","floor":2,"gold_loss":0},{"damage_healed":0,"gold_gain":0,"player_choice":"Donut","damage_taken":0,"max_hp_gain":5,"max_hp_loss":0,"event_name":"Big Fish","floor":3,"gold_loss":0},{"damage_healed":0,"gold_gain":54,"player_choice":"Gained Gold","damage_taken":0,"max_hp_gain":0,"max_hp_loss":0,"event_name":"Golden Wing","floor":11,"gold_loss":0},{"damage_healed":0,"gold_gain":0,"player_choice":"Copied","damage_taken":0,"max_hp_gain":0,"max_hp_loss":0,"event_name":"Duplicator","floor":22,"gold_loss":0,"cards_obtained":["Havoc"]},{"damage_healed":0,"gold_gain":0,"player_choice":"Upgraded","damage_taken":0,"max_hp_gain":0,"max_hp_loss":0,"event_name":"Upgrade Shrine","floor":25,"gold_loss":0,"cards_upgraded":["Havoc"]}],"is_beta":false,"boss_relics":[{"not_picked":["Sozu","Lizard Tail"],"picked":"Astrolabe"}],"items_purged_floors":[4,30],"is_endless":false,"potions_floor_spawned":[1,5,7,8,14,20,23,24,28,29],"killed_by":"Champ","ascension_level":11}