{"gold_per_floor":[115,129,29,47,63,74,74,84,84,84,104,119,129,147,147,249,249,262,281,59,72,85,85,105,105,132,146,165,165,26,26,26,122,122,141,141,154,167,73,73],"floor_reached":40,"playtime":1801,"items_purged":["Dualcast","Chaos"],"score":413,"play_id":"dc18c3d7-80e4-4b15-9f93-24ea7d4ccbd4","local_time":"20190721174212","is_ascension_mode":false,"campfire_choices":[{"data":"Zap","floor":7,"key":"SMITH"},{"floor":10,"key":"REST"},{"floor":15,"key":"REST"},{"floor":23,"key":"REST"},{"data":"Turbo","floor":25,"key":"SMITH"},{"floor":29,"key":"REST"},{"data":"Streamline","floor":32,"key":"SMITH"}],"neow_cost":"NONE","seed_source_timestamp":579992848807358,"circlet_count":0,"master_deck":["Zap+1","Gash","Turbo+1","Gash","Skim","Leap","Gash","BootSequence","Sweeping Beam","Machine Learning","Creative AI","Glacier","Steam Power","Storm","Coolheaded","Compile Driver","Defragment","Conserve Battery","Beam Cell","Self Repair","Beam Cell","Gash","Hologram","Streamline+1","Reprogram+1","Reboot","Reboot","Go for the Eyes+1","Hologram+1","Madness"],"relics":["Cracked Core","Lantern","Calipers","Odd Mushroom","Pandora\u0027s Box","Happy Flower","Sozu"],"potions_floor_usage":[5,6,14,16,22,27,33,35],"damage_taken":[{"damage":1,"enemies":"Jaw Worm","floor":1,"turns":4},{"damage":0,"enemies":"2 Louse","floor":2,"turns":2},{"damage":0,"enemies":"Small Slimes","floor":4,"turns":3},{"damage":0,"enemies":"Exordium Wildlife","floor":5,"turns":3},{"damage":13,"enemies":"Large Slime","floor":6,"turns":3},{"damage":10,"enemies":"Looter","floor":8,"turns":3},{"damage":10,"enemies":"The Mushroom Lair","floor":11,"turns":5},{"damage":6,"enemies":"2 Fungi Beasts","floor":12,"turns":4},{"damage":6,"enemies":"Gremlin Gang","floor":13,"turns":5},{"damage":3,"enemies":"Red Slaver","floor":14,"turns":3},{"damage":11,"enemies":"Slime Boss","floor":16,"turns":8},{"damage":4,"enemies":"Spheric Guardian","floor":18,"turns":3},{"damage":14,"enemies":"2 Thieves","floor":19,"turns":4},{"damage":18,"enemies":"3 Cultists","floor":21,"turns":6},{"damage":19,"enemies":"Snake Plant","floor":22,"turns":4},{"damage":10,"enemies":"Cultist and Chosen","floor":24,"turns":4},{"damage":30,"enemies":"Snecko","floor":27,"turns":5},{"damage":7,"enemies":"Sentry and Sphere","floor":28,"turns":5},{"damage":29,"enemies":"Champ","floor":33,"turns":7},{"damage":34,"enemies":"3 Darklings","floor":35,"turns":4},{"damage":0,"enemies":"Orb Walker","floor":37,"turns":3},{"damage":15,"enemies":"Transient","floor":38,"turns":5},{"damage":47,"enemies":"Nemesis","floor":40,"turns":7}],"seed_played":"-651566767227006549","potions_obtained":[{"floor":4,"key":"SkillPotion"},{"floor":5,"key":"PowerPotion"},{"floor":11,"key":"Energy Potion"},{"floor":14,"key":"PowerPotion"},{"floor":18,"key":"LiquidBronze"},{"floor":24,"key":"Regen Potion"},{"floor":28,"key":"PowerPotion"},{"floor":33,"key":"LiquidBronze"}],"is_trial":false,"path_per_floor":["M","M","$","M","M","M","R","M","T","R","?","M","M","M","R","B",null,"M","M","$","M","M","R","M","R","T","M","M","R","$","?","R","B",null,"M","?","M","M","$","E"],"character_chosen":"DEFECT","items_purchased":["Turbo","Beam Cell","Self Repair","Reboot","Madness"],"campfire_rested":4,"item_purchase_floors":[3,20,20,30,39],"current_hp_per_floor":[74,74,74,74,74,61,61,51,51,73,63,57,51,48,70,59,75,71,57,57,46,34,56,53,53,53,39,39,61,61,61,61,39,75,48,48,55,47,47,0],"gold":73,"neow_bonus":"RANDOM_COMMON_RELIC","is_prod":false,"is_daily":false,"chose_seed":false,"campfire_upgraded":3,"win_rate":0.0,"timestamp":1563745332,"path_taken":["M","M","$","M","M","M","R","M","T","R","?","M","M","M","R","BOSS","M","M","$","M","M","R","M","R","T","M","M","R","$","?","R","BOSS","M","?","M","M","$","E"],"build_version":"2019-07-17","purchased_purges":2,"victory":false,"max_hp_per_floor":[75,75,75,75,75,75,75,75,75,75,75,75,75,75,75,75,75,75,75,75,75,75,75,75,75,75,75,75,75,75,75,75,75,75,75,75,75,75,75,75],"card_choices":[{"not_picked":["Sweeping Beam","Heatsinks"],"picked":"Gash","floor":1},{"not_picked":["Sunder","Cold Snap","Storm"],"picked":"SKIP","floor":2},{"not_picked":["Stack","Conserve Battery"],"picked":"Gash","floor":4},{"not_picked":["Heatsinks","Leap"],"picked":"Skim","floor":5},{"not_picked":["Rainbow","Chaos","Defragment"],"picked":"SKIP","floor":6},{"not_picked":["Chaos","Double Energy"],"picked":"Leap","floor":8},{"not_picked":["Undo","Cold Snap"],"picked":"Gash","floor":12},{"not_picked":["Hologram","Redo"],"picked":"BootSequence","floor":13},{"not_picked":["Double Energy","Stack"],"picked":"Sweeping Beam","floor":14},{"not_picked":["Electrodynamics","Thunder Strike"],"picked":"Machine Learning","floor":16},{"not_picked":["Ball Lightning","Static Discharge"],"picked":"Conserve Battery","floor":18},{"not_picked":["Sweeping Beam","Reinforced Body","Glacier"],"picked":"SKIP","floor":19},{"not_picked":["Hologram+1","Cold Snap"],"picked":"Beam Cell","floor":21},{"not_picked":["Reinforced Body","Storm"],"picked":"Gash","floor":22},{"not_picked":["Rebound","Melter"],"picked":"Hologram","floor":24},{"not_picked":["Go for the Eyes","Ball Lightning"],"picked":"Streamline","floor":27},{"not_picked":["Loop","Doom and Gloom+1"],"picked":"Reprogram+1","floor":28},{"not_picked":["Machine Learning","Hyperbeam"],"picked":"Reboot","floor":33},{"not_picked":["Hologram","Sweeping Beam"],"picked":"Go for the Eyes+1","floor":35},{"not_picked":["Leap","Ball Lightning+1","Darkness+1"],"picked":"SKIP","floor":37},{"not_picked":["Glacier+1","Ball Lightning+1"],"picked":"Hologram+1","floor":38}],"player_experience":82365,"relics_obtained":[{"floor":9,"key":"Calipers"},{"floor":11,"key":"Odd Mushroom"},{"floor":26,"key":"Happy Flower"}],"event_choices":[{"damage_healed":0,"gold_gain":0,"player_choice":"Fought Mushrooms","damage_taken":0,"max_hp_gain":0,"max_hp_loss":0,"event_name":"Mushrooms","floor":11,"gold_loss":0},{"damage_healed":0,"gold_gain":0,"player_choice":"Ignored","damage_taken":0,"max_hp_gain":0,"max_hp_loss":0,"event_name":"Vampires","floor":31,"gold_loss":0},{"damage_healed":0,"gold_gain":0,"player_choice":"Ignored","damage_taken":0,"max_hp_gain":0,"max_hp_loss":0,"event_name":"Tomb of Lord Red Mask","floor":36,"gold_loss":0}],"is_beta":false,"boss_relics":[{"not_picked":["Tiny House","Runic Dome"],"picked":"Pandora\u0027s Box"},{"not_picked":["Philosopher\u0027s Stone","White Beast Statue"],"picked":"Sozu"}],"items_purged_floors":[3,20],"is_endless":false,"potions_floor_spawned":[4,5,11,14,18,24,28,33,37],"killed_by":"Nemesis","ascension_level":0}