{"gold_per_floor":[118,118,193,212,68,68,87,12,12,28,28,39,39,70,70,173,173,156,170,170,41,41,41,53,78,78,78,33,48,9,9,9,114,114,126,136,236,236,252,252,73,73,123,123],"floor_reached":44,"playtime":4457,"items_purged":["Defend_G","Strike_G"],"score":445,"play_id":"275be6f8-8ae3-4166-ab05-cff178f8b055","local_time":"20190713191357","is_ascension_mode":true,"campfire_choices":[{"data":"Forethought","floor":6.0,"key":"SMITH"},{"data":"Footwork","floor":13.0,"key":"SMITH"},{"data":"Cloak And Dagger","floor":15.0,"key":"SMITH"},{"data":"A Thousand Cuts","floor":23.0,"key":"SMITH"},{"data":"Strike_G","floor":27.0,"key":"PURGE"},{"data":"Strike_G","floor":32.0,"key":"PURGE"},{"data":"Terror","floor":40,"key":"SMITH"},{"data":"Footwork","floor":42,"key":"SMITH"}],"neow_cost":"NONE","seed_source_timestamp":0,"circlet_count":0,"master_deck":["Strike_G","Strike_G","Defend_G","Defend_G","Defend_G","Survivor","Neutralize","Forethought+1","Sucker Punch","Slice","Leg Sweep","Blur","Backflip","Footwork+1","Cloak And Dagger+1","Cloak And Dagger","Slice","A Thousand Cuts+1","Quick Slash+1","Cloak And Dagger","Deflect","Terror+1","Flying Knee+1","Flying Knee","Flying Knee","Outmaneuver+1","Caltrops","After Image","Heel Hook+1","Blur+1","Outmaneuver","Dramatic Entrance","Dash+1","Footwork+1"],"special_seed":0,"relics":["Ring of the Snake","Darkstone Periapt","Bag of Preparation","Eternal Feather","Peace Pipe","StoneCalendar","Art of War","Sozu","Pocketwatch","Strawberry"],"potions_floor_usage":[],"damage_taken":[{"damage":0.0,"enemies":"Small Slimes","floor":1.0,"turns":4.0},{"damage":0.0,"enemies":"Jaw Worm","floor":4.0,"turns":5.0},{"damage":0.0,"enemies":"Cultist","floor":7.0,"turns":4.0},{"damage":2.0,"enemies":"Exordium Wildlife","floor":10.0,"turns":12.0},{"damage":0.0,"enemies":"Large Slime","floor":12.0,"turns":10.0},{"damage":4.0,"enemies":"Lagavulin","floor":14.0,"turns":14.0},{"damage":34.0,"enemies":"Slime Boss","floor":16.0,"turns":18.0},{"damage":20.0,"enemies":"2 Thieves","floor":18.0,"turns":4.0},{"damage":0.0,"enemies":"Shell Parasite","floor":19.0,"turns":10.0},{"damage":4.0,"enemies":"Snake Plant","floor":24.0,"turns":7.0},{"damage":15.0,"enemies":"Slavers","floor":25.0,"turns":5.0},{"damage":21.0,"enemies":"Centurion and Healer","floor":29.0,"turns":7.0},{"damage":60.0,"enemies":"Automaton","floor":33.0,"turns":13.0},{"damage":11,"enemies":"3 Darklings","floor":35,"turns":7},{"damage":8,"enemies":"Orb Walker","floor":36,"turns":4},{"damage":0,"enemies":"Mind Bloom Boss Battle","floor":37,"turns":6},{"damage":2,"enemies":"Transient","floor":39,"turns":5},{"damage":49,"enemies":"2 Orb Walkers","floor":44,"turns":4}],"seed_played":"-2268676693051744618","potions_obtained":[{"floor":1.0,"key":"Fire Potion"},{"floor":7.0,"key":"Strength Potion"},{"floor":14.0,"key":"GamblersBrew"},{"floor":16.0,"key":"Explosive Potion"},{"floor":18.0,"key":"EntropicBrew"},{"floor":29.0,"key":"AttackPotion"},{"floor":33.0,"key":"SpeedPotion"}],"is_trial":false,"path_per_floor":["M","?","?","M","$","R","M","$","T","M","$","M","R","E","R","B",null,"M","M","?","$","?","R","M","E","T","R","$","M","$","?","R","B",null,"M","M","?","?","M","R","$","R","T","?"],"character_chosen":"THE_SILENT","items_purchased":["Leg Sweep","Blur","Footwork","Deflect","Flying Knee","Caltrops","Footwork"],"campfire_rested":0,"item_purchase_floors":[5,5,8,21,28,30,41],"current_hp_per_floor":[70,75,64,64,64,64,64,64,64,62,62,62,62,58,58,24,75,55,55,55,55,55,70,66,51,51,66,66,45,45,75,75,15,75,64,56,56,56,54,72,72,75,82,33],"gold":123,"neow_bonus":"RANDOM_COLORLESS","is_prod":false,"is_daily":false,"chose_seed":false,"campfire_upgraded":6,"win_rate":0,"timestamp":1563063237,"path_taken":["M","?","?","M","$","R","M","$","T","M","?","?","R","E","R","BOSS","M","?","?","$","?","R","?","E","T","R","$","M","?","?","R","BOSS","M","M","?","?","M","R","?","R","T","?"],"build_version":"2019-07-05","purchased_purges":2,"victory":false,"max_hp_per_floor":[70,75,75,75,75,75,75,75,75,75,75,75,75,75,75,75,75,75,75,75,75,75,75,75,75,75,75,75,75,75,75,75,75,75,75,75,75,75,75,75,75,75,82,82],"card_choices":[{"not_picked":["Endless Agony","Backstab"],"picked":"Sucker Punch","floor":1.0},{"not_picked":["All Out Attack","Underhanded Strike"],"picked":"Slice","floor":4.0},{"not_picked":["Blur","Skewer"],"picked":"Backflip","floor":7.0},{"not_picked":["Backflip","Blade Dance"],"picked":"Cloak And Dagger","floor":10.0},{"not_picked":["Prepared","Poisoned Stab"],"picked":"Cloak And Dagger","floor":12.0},{"not_picked":["All Out Attack","Leg Sweep"],"picked":"Slice","floor":14.0},{"not_picked":["Wraith Form v2","Adrenaline"],"picked":"A Thousand Cuts","floor":16.0},{"not_picked":["PiercingWail+1","Backstab"],"picked":"Quick Slash+1","floor":18.0},{"not_picked":["Blur","Well Laid Plans+1"],"picked":"Cloak And Dagger","floor":19.0},{"not_picked":["PiercingWail","Outmaneuver"],"picked":"Flying Knee+1","floor":24.0},{"not_picked":["Skewer+1","Backflip"],"picked":"Flying Knee","floor":25.0},{"not_picked":["Escape Plan","PiercingWail"],"picked":"Outmaneuver+1","floor":29.0},{"not_picked":["Night Terror","Die Die Die"],"picked":"After Image","floor":33.0},{"not_picked":["Caltrops","Underhanded Strike"],"picked":"Heel Hook+1","floor":35},{"not_picked":["Quick Slash","All Out Attack+1"],"picked":"Blur+1","floor":36},{"not_picked":["Dodge and Roll+1","Quick Slash"],"picked":"Outmaneuver","floor":37},{"not_picked":["Metamorphosis","Swift Strike"],"picked":"Dramatic Entrance","floor":38},{"not_picked":["Reflex+1","Skewer"],"picked":"Dash+1","floor":39}],"player_experience":148033,"relics_obtained":[{"floor":9.0,"key":"Darkstone Periapt"},{"floor":14.0,"key":"Bag of Preparation"},{"floor":25.0,"key":"StoneCalendar"},{"floor":26.0,"key":"Art of War"},{"floor":37,"key":"Pocketwatch"},{"floor":43,"key":"Strawberry"}],"event_choices":[{"damage_healed":0.0,"max_hp_gain":5.0,"max_hp_loss":0.0,"gold_gain":0.0,"event_name":"Big Fish","player_choice":"Donut","floor":2.0,"gold_loss":0.0,"damage_taken":0.0},{"damage_healed":0.0,"max_hp_gain":0.0,"max_hp_loss":0.0,"gold_gain":75.0,"event_name":"World of Goop","player_choice":"Gather Gold","floor":3.0,"gold_loss":0.0,"damage_taken":11.0},{"damage_healed":0.0,"max_hp_gain":0.0,"max_hp_loss":0.0,"gold_gain":0.0,"event_name":"The Mausoleum","player_choice":"Opened","floor":20.0,"gold_loss":0.0,"damage_taken":0.0,"relics_obtained":["Peace Pipe"]},{"damage_healed":0.0,"max_hp_gain":0.0,"max_hp_loss":0.0,"gold_gain":0.0,"cards_transformed":["Defend_G"],"event_name":"Transmorgrifier","player_choice":"Transformed","floor":22.0,"gold_loss":0.0,"damage_taken":0.0,"cards_obtained":["Terror"]},{"damage_healed":30.0,"max_hp_gain":0.0,"max_hp_loss":0.0,"gold_gain":0.0,"event_name":"Wheel of Change","player_choice":"Full Heal","floor":31.0,"gold_loss":0.0,"damage_taken":0.0},{"damage_healed":0,"gold_gain":0,"player_choice":"Fight","damage_taken":0,"max_hp_gain":0,"max_hp_loss":0,"event_name":"MindBloom","floor":37,"gold_loss":0},{"damage_healed":0,"gold_gain":0,"player_choice":"Memory 1","damage_taken":0,"max_hp_gain":0,"max_hp_loss":0,"event_name":"SensoryStone","floor":38,"gold_loss":0},{"damage_healed":0,"gold_gain":0,"player_choice":"Fight","damage_taken":0,"max_hp_gain":0,"max_hp_loss":0,"event_name":"Mysterious Sphere","floor":44,"gold_loss":0}],"is_beta":false,"boss_relics":[{"not_picked":["Fusion Hammer","Astrolabe"],"picked":"Eternal Feather"},{"not_picked":["Coffee Dripper","Philosopher\u0027s Stone"],"picked":"Sozu"}],"items_purged_floors":[21,41],"is_endless":false,"potions_floor_spawned":[1,7,14,16,18,29,33,35,39],"killed_by":"2 Orb Walkers","ascension_level":1}