{"gold_per_floor":[110,123,123,35,110,36,36,36,62,62,62,94,94,105,105,207,207,227,227,227,142,67,67,43,43,43,53,53,1,1,0,0,0],"floor_reached":33,"playtime":1426,"items_purged":["Strike_G"],"score":260,"play_id":"71bac237-6c28-40bb-ba48-38ead4431b59","local_time":"20190711040449","is_ascension_mode":false,"campfire_choices":[{"data":"Blade Dance","floor":11,"key":"SMITH"},{"data":"Outmaneuver","floor":13,"key":"SMITH"},{"data":"Sucker Punch","floor":15,"key":"SMITH"},{"data":"A Thousand Cuts","floor":23,"key":"SMITH"},{"floor":25,"key":"REST"},{"floor":32,"key":"REST"}],"neow_cost":"NONE","seed_source_timestamp":44936506466645,"circlet_count":0,"master_deck":["Strike_G","Strike_G","Strike_G","Defend_G","Defend_G","Defend_G+1","Defend_G","Defend_G","Survivor","Neutralize","Blade Dance+1","Dagger Spray","Accuracy+1","Outmaneuver+1","Flechettes","Sucker Punch+1","Dagger Spray","A Thousand Cuts+1","Writhe","Flying Knee","Flying Knee","Flying Knee","Shame","Clumsy","Cloak And Dagger"],"relics":["Ring of the Snake","NeowsBlessing","Juzu Bracelet","Lantern","Calling Bell","Potion Belt","Torii","Sundial","Dodecahedron","Incense Burner","Pantograph","The Courier"],"potions_floor_usage":[16],"damage_taken":[{"damage":0,"enemies":"Cultist","floor":1,"turns":1},{"damage":0,"enemies":"Jaw Worm","floor":2,"turns":1},{"damage":0,"enemies":"3 Sentries","floor":12,"turns":1},{"damage":0,"enemies":"2 Louse","floor":14,"turns":2},{"damage":44,"enemies":"Slime Boss","floor":16,"turns":12},{"damage":40,"enemies":"Chosen","floor":18,"turns":8},{"damage":14,"enemies":"Shell Parasite","floor":27,"turns":8},{"damage":79,"enemies":"Automaton","floor":33,"turns":8}],"seed_played":"9060390307965530157","potions_obtained":[{"floor":12,"key":"SkillPotion"},{"floor":16,"key":"SteroidPotion"},{"floor":18,"key":"Explosive Potion"}],"is_trial":false,"path_per_floor":["M","M","?","$","?","$","?","?","T","?","R","E","R","M","R","B",null,"M","?","?","?","$","R","$","R","T","M","?","$","?","?","R","B"],"character_chosen":"THE_SILENT","items_purchased":["Accuracy","Outmaneuver","Flechettes","Flying Knee","Cloak And Dagger"],"campfire_rested":2,"item_purchase_floors":[4,4,6,24,29],"current_hp_per_floor":[70,70,63,63,52,52,69,55,55,55,55,55,55,55,55,11,67,27,27,27,27,27,27,27,47,47,33,33,33,33,33,53,0],"gold":0,"neow_bonus":"THREE_ENEMY_KILL","is_prod":false,"is_daily":false,"chose_seed":false,"campfire_upgraded":4,"win_rate":0.0,"timestamp":1562835889,"path_taken":["M","?","?","$","?","$","?","?","T","?","R","E","R","M","R","BOSS","M","?","?","?","$","R","?","R","T","M","?","$","?","?","R","BOSS"],"build_version":"2019-07-05","purchased_purges":1,"victory":false,"max_hp_per_floor":[70,70,70,70,70,70,70,70,70,67,67,67,67,67,67,67,67,67,67,67,67,67,67,67,67,67,67,67,67,67,67,67,67],"card_choices":[{"not_picked":["Prepared","Distraction"],"picked":"Blade Dance","floor":1},{"not_picked":["Poisoned Stab","Endless Agony"],"picked":"Dagger Spray","floor":2},{"not_picked":["Catalyst","Slice"],"picked":"Sucker Punch","floor":12},{"not_picked":["Catalyst","Poisoned Stab"],"picked":"Dagger Spray","floor":14},{"not_picked":["Storm of Steel","Night Terror"],"picked":"A Thousand Cuts","floor":16},{"not_picked":["Dagger Spray+1","Dodge and Roll+1"],"picked":"Flying Knee","floor":18},{"not_picked":["Choke","Calculated Gamble","Endless Agony"],"picked":"SKIP","floor":27}],"player_experience":101133,"relics_obtained":[{"floor":9,"key":"Juzu Bracelet"},{"floor":12,"key":"Lantern"},{"floor":17,"key":"Potion Belt"},{"floor":17,"key":"Torii"},{"floor":17,"key":"Sundial"},{"floor":26,"key":"Pantograph"}],"event_choices":[{"cards_removed":["Strike_G"],"damage_healed":0,"gold_gain":0,"player_choice":"Card Removal","damage_taken":7,"max_hp_gain":0,"max_hp_loss":0,"event_name":"Golden Wing","floor":3,"gold_loss":0},{"damage_healed":0,"gold_gain":75,"player_choice":"Gather Gold","damage_taken":11,"max_hp_gain":0,"max_hp_loss":0,"event_name":"World of Goop","floor":5,"gold_loss":0},{"damage_healed":17,"gold_gain":0,"player_choice":"Healed and dodged fight","damage_taken":0,"max_hp_gain":0,"max_hp_loss":0,"event_name":"Mushrooms","floor":7,"gold_loss":0,"cards_obtained":["Parasite"]},{"damage_healed":0,"gold_gain":0,"player_choice":"Entered Light","damage_taken":14,"max_hp_gain":0,"max_hp_loss":0,"event_name":"Shining Light","floor":8,"gold_loss":0,"cards_upgraded":["Accuracy","Defend_G"]},{"cards_removed":["Parasite"],"damage_healed":0,"gold_gain":0,"player_choice":"Forget","damage_taken":0,"max_hp_gain":0,"max_hp_loss":0,"event_name":"Living Wall","floor":10,"gold_loss":0},{"damage_healed":0,"gold_gain":0,"player_choice":"Opened","damage_taken":0,"relics_obtained":["Dodecahedron"],"max_hp_gain":0,"max_hp_loss":0,"event_name":"The Mausoleum","floor":19,"gold_loss":0},{"damage_healed":0,"gold_gain":0,"player_choice":"Read","damage_taken":0,"max_hp_gain":0,"max_hp_loss":0,"event_name":"The Library","floor":20,"gold_loss":0,"cards_obtained":["Flying Knee"]},{"damage_healed":0,"gold_gain":0,"player_choice":"Obtained Relic","damage_taken":0,"relics_obtained":["Incense Burner"],"max_hp_gain":0,"max_hp_loss":0,"event_name":"Addict","floor":21,"gold_loss":85},{"damage_healed":0,"gold_gain":0,"cards_transformed":["Regret","Pain"],"player_choice":"Became Test Subject","damage_taken":0,"max_hp_gain":0,"max_hp_loss":0,"event_name":"Drug Dealer","floor":28,"gold_loss":0,"cards_obtained":["Shame","Clumsy"]},{"damage_healed":0,"gold_gain":0,"player_choice":"Gave Potion","damage_taken":0,"relics_obtained":["The Courier"],"max_hp_gain":0,"max_hp_loss":0,"event_name":"WeMeetAgain","floor":30,"gold_loss":0},{"damage_healed":0,"gold_gain":0,"player_choice":"Paid Fearfully","damage_taken":0,"max_hp_gain":0,"max_hp_loss":0,"event_name":"Masked Bandits","floor":31,"gold_loss":1}],"is_beta":false,"boss_relics":[{"not_picked":["HoveringKite","Ectoplasm"],"picked":"Calling Bell"}],"items_purged_floors":[22],"is_endless":false,"potions_floor_spawned":[12,16,18],"killed_by":"Automaton","ascension_level":0}