{"gold_per_floor":[117,129,34,51,51,79,79,96,96,96,128,145,145,4,4,99,99,115,115,130,130,16,16,16],"floor_reached":24,"playtime":1224,"items_purged":["Infernal Blade"],"score":204,"play_id":"03ed05da-39f7-4b91-bf83-cab9f6e9e6fb","local_time":"20190717201002","is_ascension_mode":false,"campfire_choices":[{"floor":7,"key":"REST"},{"data":"Anger","floor":10,"key":"SMITH"},{"floor":13,"key":"REST"},{"data":"Anger","floor":15,"key":"SMITH"},{"data":"Warcry","floor":23,"key":"SMITH"}],"neow_cost":"NONE","seed_source_timestamp":243833584359593,"circlet_count":0,"master_deck":["Strike_R","Strike_R","Strike_R","Strike_R","Strike_R","Defend_R","Defend_R","Defend_R","Defend_R","Anger+1","Pommel Strike","Pommel Strike","Anger+1","Bloodletting","Flash of Steel","Brutality+1","Anger","Warcry+1","Fire Breathing+1"],"relics":["Burning Blood","Bag of Preparation","Kunai","Frozen Egg 2","Gremlin Horn","Mark of Pain"],"potions_floor_usage":[11,11,16,16,20,24],"damage_taken":[{"damage":4,"enemies":"Cultist","floor":1,"turns":4},{"damage":0,"enemies":"Small Slimes","floor":2,"turns":3},{"damage":1,"enemies":"Jaw Worm","floor":4,"turns":3},{"damage":60,"enemies":"Gremlin Nob","floor":6,"turns":5},{"damage":15,"enemies":"2 Fungi Beasts","floor":8,"turns":4},{"damage":18,"enemies":"Lagavulin","floor":11,"turns":4},{"damage":10,"enemies":"Looter","floor":12,"turns":3},{"damage":24,"enemies":"Slime Boss","floor":16,"turns":12},{"damage":12,"enemies":"Spheric Guardian","floor":18,"turns":3},{"damage":19,"enemies":"2 Thieves","floor":20,"turns":4},{"damage":59,"enemies":"Book of Stabbing","floor":24,"turns":5}],"seed_played":"-4202757966944270069","potions_obtained":[{"floor":6,"key":"Swift Potion"},{"floor":11,"key":"Dexterity Potion"},{"floor":16,"key":"Poison Potion"},{"floor":18,"key":"PowerPotion"}],"is_trial":false,"path_per_floor":["M","M","$","M","$","E","R","M","T","R","E","M","R","$","R","B",null,"M","?","M","?","$","R","E"],"character_chosen":"IRONCLAD","items_purchased":["Pommel Strike","Poison Potion","Flash of Steel","Poison Potion","Fire Breathing+1"],"campfire_rested":2,"item_purchase_floors":[3,3,14,14,22],"current_hp_per_floor":[80,80,80,80,80,26,50,41,41,41,29,25,49,49,49,31,80,74,74,61,46,46,46,0],"gold":16,"neow_bonus":"RANDOM_COMMON_RELIC","is_prod":false,"is_daily":false,"chose_seed":false,"campfire_upgraded":3,"win_rate":0,"timestamp":1563408602,"path_taken":["M","M","?","M","?","E","R","M","T","R","E","M","R","$","R","BOSS","M","?","?","?","$","R","E"],"build_version":"2019-07-05","purchased_purges":1,"victory":false,"max_hp_per_floor":[80,80,80,80,80,80,80,80,80,80,80,80,80,80,80,80,80,80,80,80,85,85,85,85],"card_choices":[{"not_picked":["Flex","Sever Soul","Perfected Strike"],"picked":"SKIP","floor":1},{"not_picked":["Sword Boomerang","Warcry"],"picked":"Anger","floor":2},{"not_picked":["Body Slam","Sword Boomerang"],"picked":"Infernal Blade","floor":4},{"not_picked":["Rupture","Thunderclap"],"picked":"Pommel Strike","floor":6},{"not_picked":["Searing Blow","Iron Wave","Rupture"],"picked":"SKIP","floor":8},{"not_picked":["Warcry","Body Slam"],"picked":"Anger","floor":11},{"not_picked":["Limit Break","Body Slam"],"picked":"Bloodletting","floor":12},{"not_picked":["Berserk+1","Dark Embrace+1"],"picked":"Brutality+1","floor":16},{"not_picked":["Armaments","Entrench"],"picked":"Anger","floor":18},{"not_picked":["Armaments","True Grit"],"picked":"Warcry","floor":20}],"player_experience":10794,"relics_obtained":[{"floor":6,"key":"Kunai"},{"floor":9,"key":"Frozen Egg 2"},{"floor":11,"key":"Gremlin Horn"}],"event_choices":[{"cards_removed":["Bash"],"damage_healed":0,"gold_gain":0,"player_choice":"Purged","damage_taken":0,"max_hp_gain":0,"max_hp_loss":0,"event_name":"Purifier","floor":19,"gold_loss":0},{"damage_healed":0,"gold_gain":0,"player_choice":"Shed Blood","damage_taken":20,"max_hp_gain":5,"max_hp_loss":0,"event_name":"Forgotten Altar","floor":21,"gold_loss":0}],"is_beta":false,"boss_relics":[{"not_picked":["Busted Crown","Lizard Tail"],"picked":"Mark of Pain"}],"items_purged_floors":[22],"is_endless":false,"potions_floor_spawned":[6,11,16,18],"killed_by":"Book of Stabbing","ascension_level":0}