{"gold_per_floor":[109,120,132,132,132,172,184,196,232,52,52,52],"floor_reached":12,"playtime":843,"items_purged":[],"score":110,"play_id":"e6939dac-5e10-4e5d-9653-2816955ee724","local_time":"20190702180334","is_ascension_mode":true,"campfire_choices":[{"floor":7,"key":"REST"}],"neow_cost":"CURSE","seed_source_timestamp":261722819282900,"circlet_count":0,"master_deck":["Strike_R","Strike_R","Strike_R","Strike_R","Strike_R","Defend_R","Defend_R","Defend_R","Defend_R","Bash","Clumsy","Iron Wave","Sentinel","Searing Blow","Regret","Carnage","Injury"],"relics":["Burning Blood","Mango","MawBank","Paper Frog","Golden Idol","Pen Nib","Toy Ornithopter"],"potions_floor_usage":[12],"damage_taken":[{"damage":4,"enemies":"2 Louse","floor":1,"turns":4},{"damage":7,"enemies":"Small Slimes","floor":2,"turns":4},{"damage":11,"enemies":"Jaw Worm","floor":3,"turns":5},{"damage":78,"enemies":"Gremlin Nob","floor":6,"turns":7},{"damage":46,"enemies":"Lagavulin","floor":12,"turns":5}],"seed_played":"-413921131008873343","potions_obtained":[{"floor":6,"key":"Strength Potion"}],"is_trial":false,"path_per_floor":["M","M","M","?","?","E","R","?","T","$","$","E"],"character_chosen":"IRONCLAD","items_purchased":["Toy Ornithopter"],"campfire_rested":1,"item_purchase_floors":[10],"current_hp_per_floor":[88,87,82,82,82,10,38,38,38,38,38,0],"gold":52,"neow_bonus":"ONE_RARE_RELIC","is_prod":false,"is_daily":false,"chose_seed":false,"campfire_upgraded":0,"win_rate":0,"timestamp":1562087014,"path_taken":["M","M","M","?","?","E","R","?","T","?","$","E"],"build_version":"2019-07-01","purchased_purges":0,"victory":false,"max_hp_per_floor":[94,94,94,94,94,94,94,94,94,94,94,94],"card_choices":[{"not_picked":["True Grit","Combust"],"picked":"Armaments","floor":1},{"not_picked":["Headbutt","Body Slam"],"picked":"Iron Wave","floor":2},{"not_picked":["Bloodletting","Disarm"],"picked":"Sentinel","floor":3},{"not_picked":["Double Tap","Feel No Pain"],"picked":"Carnage","floor":6}],"player_experience":930616,"relics_obtained":[{"floor":6,"key":"Paper Frog"},{"floor":9,"key":"Pen Nib"}],"event_choices":[{"damage_healed":0,"gold_gain":0,"cards_transformed":["Armaments"],"player_choice":"Change","damage_taken":0,"max_hp_gain":0,"max_hp_loss":0,"event_name":"Living Wall","floor":4,"gold_loss":0,"cards_obtained":["Searing Blow"]},{"damage_healed":0,"gold_gain":0,"player_choice":"Box","damage_taken":0,"relics_obtained":["MawBank"],"max_hp_gain":0,"max_hp_loss":0,"event_name":"Big Fish","floor":5,"gold_loss":0,"cards_obtained":["Regret"]},{"damage_healed":0,"gold_gain":0,"player_choice":"Take Wound","damage_taken":0,"relics_obtained":["Golden Idol"],"max_hp_gain":0,"max_hp_loss":0,"event_name":"Golden Idol","floor":8,"gold_loss":0,"cards_obtained":["Injury"]}],"is_beta":false,"boss_relics":[],"items_purged_floors":[],"is_endless":false,"potions_floor_spawned":[6],"killed_by":"Lagavulin","ascension_level":9}