{"gold_per_floor":[114,43,56,6,21,21,33,33,58,77,77,91,91,109,109,212,212,229,429,55,73,73,73,73,73,73,73,86,86],"floor_reached":29,"playtime":1026,"items_purged":["Strike_R"],"score":215,"play_id":"fd3f5e50-e8c8-41a3-8eb0-c048ae042edd","local_time":"20190717194920","is_ascension_mode":false,"campfire_choices":[{"data":"Rampage","floor":6,"key":"SMITH"},{"data":"Headbutt","floor":8,"key":"SMITH"},{"data":"Defend_R","floor":13,"key":"SMITH"},{"data":"Headbutt","floor":15,"key":"SMITH"},{"data":"Brutality","floor":23,"key":"SMITH"},{"data":"Pommel Strike","floor":27,"key":"SMITH"}],"neow_cost":"NONE","seed_source_timestamp":242789173638866,"circlet_count":0,"master_deck":["Strike_R","Strike_R","Strike_R","Strike_R","Defend_R","Defend_R+1","Defend_R+1","Defend_R+1","Combust","Rampage+1","Headbutt+1","Headbutt+1","Brutality+1","Pommel Strike+1","Combust","Warcry","Impatience","Burning Pact"],"relics":["Burning Blood","NeowsBlessing","Bronze Scales","Black Star","Pantograph"],"potions_floor_usage":[16,16,16,20,28],"damage_taken":[{"damage":0,"enemies":"2 Louse","floor":1,"turns":1},{"damage":0,"enemies":"Small Slimes","floor":3,"turns":1},{"damage":0,"enemies":"Cultist","floor":5,"turns":1},{"damage":11,"enemies":"Exordium Wildlife","floor":7,"turns":3},{"damage":4,"enemies":"Blue Slaver","floor":10,"turns":3},{"damage":12,"enemies":"Looter","floor":12,"turns":3},{"damage":12,"enemies":"3 Louse","floor":14,"turns":3},{"damage":40,"enemies":"The Guardian","floor":16,"turns":8},{"damage":28,"enemies":"2 Thieves","floor":18,"turns":4},{"damage":26,"enemies":"Spheric Guardian","floor":21,"turns":4},{"damage":36,"enemies":"3 Cultists","floor":28,"turns":4},{"damage":17,"enemies":"Gremlin Leader","floor":29,"turns":1}],"seed_played":"-6790082208398019400","potions_obtained":[{"floor":1,"key":"EssenceOfSteel"},{"floor":3,"key":"Ancient Potion"},{"floor":10,"key":"Regen Potion"},{"floor":16,"key":"GamblersBrew"},{"floor":21,"key":"Fire Potion"},{"floor":28,"key":"Energy Potion"}],"is_trial":false,"path_per_floor":["M","$","M","?","M","R","M","R","T","M","?","M","R","M","R","B",null,"M","?","$","M","?","R","$","?","T","R","M","E"],"character_chosen":"IRONCLAD","items_purchased":["Combust","Combust","Warcry","Impatience","Fruit Juice"],"campfire_rested":0,"item_purchase_floors":[2,20,20,20,20],"current_hp_per_floor":[80,80,80,80,80,80,75,75,75,77,61,55,55,49,49,30,80,58,58,63,43,43,43,43,43,43,43,13,0],"gold":86,"neow_bonus":"THREE_ENEMY_KILL","is_prod":false,"is_daily":false,"chose_seed":false,"campfire_upgraded":6,"win_rate":0,"timestamp":1563407360,"path_taken":["M","$","M","?","M","R","M","R","T","M","?","M","R","M","R","BOSS","M","?","$","?","?","R","$","?","T","R","M","E"],"build_version":"2019-07-05","purchased_purges":1,"victory":false,"max_hp_per_floor":[80,80,80,80,80,80,80,80,80,80,80,80,80,80,80,80,80,80,80,85,85,85,85,85,85,85,85,85,85],"card_choices":[{"not_picked":["Inflame","Disarm","Spot Weakness"],"picked":"SKIP","floor":1},{"not_picked":["Cleave","Headbutt"],"picked":"Rampage","floor":3},{"not_picked":["Flex","Rupture","Dual Wield"],"picked":"SKIP","floor":5},{"not_picked":["Iron Wave","Flex"],"picked":"Headbutt","floor":7},{"not_picked":["Intimidate","Twin Strike","Entrench"],"picked":"SKIP","floor":10},{"not_picked":["Whirlwind","Bludgeon","Twin Strike"],"picked":"SKIP","floor":12},{"not_picked":["Intimidate","Hemokinesis"],"picked":"Headbutt","floor":14},{"not_picked":["Impervious","Juggernaut"],"picked":"Brutality","floor":16},{"not_picked":["Perfected Strike","Clash"],"picked":"Pommel Strike","floor":18},{"not_picked":["Thunderclap","Rage","Ghostly Armor"],"picked":"SKIP","floor":21},{"not_picked":["Warcry","Sword Boomerang"],"picked":"Burning Pact","floor":28}],"player_experience":9768,"relics_obtained":[{"floor":9,"key":"Bronze Scales"},{"floor":26,"key":"Pantograph"}],"event_choices":[{"cards_removed":["Bash"],"damage_healed":0,"gold_gain":0,"player_choice":"Card Removal","damage_taken":0,"max_hp_gain":0,"max_hp_loss":0,"event_name":"The Cleric","floor":4,"gold_loss":50},{"damage_healed":0,"gold_gain":0,"player_choice":"Entered Light","damage_taken":16,"max_hp_gain":0,"max_hp_loss":0,"event_name":"Shining Light","floor":11,"gold_loss":0,"cards_upgraded":["Defend_R","Defend_R"]},{"damage_healed":0,"gold_gain":250,"player_choice":"Bet on Owner","damage_taken":0,"max_hp_gain":0,"max_hp_loss":0,"event_name":"The Joust","floor":19,"gold_loss":50},{"damage_healed":0,"gold_gain":0,"player_choice":"Ignored","damage_taken":0,"max_hp_gain":0,"max_hp_loss":0,"event_name":"The Mausoleum","floor":22,"gold_loss":0}],"is_beta":false,"boss_relics":[{"not_picked":["Coffee Dripper","Velvet Choker"],"picked":"Black Star"}],"items_purged_floors":[20],"is_endless":false,"potions_floor_spawned":[1,3,10,14,16,21,28],"killed_by":"Gremlin Leader","ascension_level":0}