{"gold_per_floor":[113,127,127,127,56,56,66,99,172,172,172,185,185,202,202,302,302,317,21,21,38,38,67,67,80,125,138,2,2,31,31,31,134,134,154,169,169,15,34,34,52,64,64,79,114,0,13,24,24,24],"floor_reached":51,"playtime":6893,"items_purged":["Strike_B","Defend_B","Redo"],"score":1120,"play_id":"16f09561-22e9-4d21-bea4-cfbffc7f62db","local_time":"20190724035554","is_ascension_mode":true,"campfire_choices":[{"data":"Barrage","floor":6.0,"key":"SMITH"},{"floor":11.0,"key":"REST"},{"data":"Zap","floor":13.0,"key":"SMITH"},{"data":"Reinforced Body","floor":15.0,"key":"SMITH"},{"floor":24.0,"key":"REST"},{"floor":32.0,"key":"REST"},{"data":"Capacitor","floor":40.0,"key":"SMITH"},{"data":"Barrage","floor":49,"key":"SMITH"}],"neow_cost":"NONE","seed_source_timestamp":1197366107433294,"circlet_count":0,"master_deck":["AscendersBane","Defend_B+1","Defend_B+1","Defend_B+1","Zap+1","Dualcast","Cold Snap","Barrage+1","Coolheaded","Cold Snap","Ball Lightning","Hologram","Reinforced Body+1","Core Surge","Barrage+1","Ball Lightning+1","Beam Cell+1","Loop+1","Compile Driver+1","Genetic Algorithm","FTL+1","Streamline+1","Steam","FTL+1","Core Surge+1","Gash+1","Chill+1","Capacitor+1","Stack","Go for the Eyes+1","Steam+1","Glacier","Beam Cell+1","Go for the Eyes+1","Go for the Eyes+1","Go for the Eyes+1","Blizzard+1"],"special_seed":0,"relics":["Cracked Core","Oddly Smooth Stone","Blood Vial","PreservedInsect","The Courier","Runic Pyramid","Molten Egg 2","Bag of Preparation","Vajra","Cables","Letter Opener","Coffee Dripper","Meat on the Bone","Pantograph"],"potions_floor_usage":[50,50],"damage_taken":[{"damage":8.0,"enemies":"2 Louse","floor":1.0,"turns":3.0},{"damage":6.0,"enemies":"Jaw Worm","floor":2.0,"turns":4.0},{"damage":0.0,"enemies":"Small Slimes","floor":7.0,"turns":3.0},{"damage":16.0,"enemies":"3 Sentries","floor":8.0,"turns":9.0},{"damage":12.0,"enemies":"Red Slaver","floor":12.0,"turns":2.0},{"damage":19.0,"enemies":"Exordium Thugs","floor":14.0,"turns":3.0},{"damage":7.0,"enemies":"Hexaghost","floor":16.0,"turns":11.0},{"damage":0.0,"enemies":"Chosen","floor":18.0,"turns":4.0},{"damage":2.0,"enemies":"Spheric Guardian","floor":21.0,"turns":3.0},{"damage":29.0,"enemies":"Gremlin Leader","floor":23.0,"turns":6.0},{"damage":0.0,"enemies":"Centurion and Healer","floor":25.0,"turns":5.0},{"damage":7.0,"enemies":"Cultist and Chosen","floor":27.0,"turns":5.0},{"damage":14.0,"enemies":"Slavers","floor":30.0,"turns":4.0},{"damage":49.0,"enemies":"Champ","floor":33.0,"turns":9.0},{"damage":0.0,"enemies":"3 Shapes","floor":35.0,"turns":5.0},{"damage":0.0,"enemies":"Orb Walker","floor":36.0,"turns":3.0},{"damage":0.0,"enemies":"4 Shapes","floor":39.0,"turns":5.0},{"damage":0.0,"enemies":"Maw","floor":41.0,"turns":5.0},{"damage":0.0,"enemies":"Jaw Worm Horde","floor":42.0,"turns":3.0},{"damage":0.0,"enemies":"Sphere and 2 Shapes","floor":44.0,"turns":4.0},{"damage":2.0,"enemies":"Nemesis","floor":45.0,"turns":5.0},{"damage":11.0,"enemies":"Spire Growth","floor":47.0,"turns":4.0},{"damage":0,"enemies":"Jaw Worm Horde","floor":48,"turns":6},{"damage":30,"enemies":"Donu and Deca","floor":50,"turns":11}],"seed_played":"2140495328442140311","potions_obtained":[{"floor":7.0,"key":"Ancient Potion"},{"floor":14.0,"key":"Dexterity Potion"},{"floor":25.0,"key":"Poison Potion"},{"floor":30.0,"key":"Energy Potion"},{"floor":33.0,"key":"Poison Potion"},{"floor":35.0,"key":"Ancient Potion"},{"floor":36.0,"key":"EssenceOfSteel"}],"is_trial":false,"path_per_floor":["M","M","?","?","$","R","M","E","T","?","R","M","R","M","R","B",null,"M","$","?","M","?","E","R","M","T","M","$","T","E","?","R","B",null,"M","M","?","$","M","R","M","M","T","M","E","$","M","M","R","B",null],"character_chosen":"DEFECT","items_purchased":["FearPotion","Coolheaded","Molten Egg 2","Ball Lightning+1","Streamline+1","Steam","Capacitor","Go for the Eyes+1","Go for the Eyes+1","FearPotion"],"campfire_rested":3,"item_purchase_floors":[5,5,19,19,28,28,38,46,46,46],"current_hp_per_floor":[60,54,42,35,35,35,37,23,23,16,38,28,28,11,11,6,58,60,60,46,46,46,19,43,45,45,40,40,40,28,28,52,5,61,63,65,65,65,67,67,69,71,71,73,73,73,64,66,66,50],"gold":24,"neow_bonus":"RANDOM_COMMON_RELIC","is_prod":false,"is_daily":false,"chose_seed":false,"campfire_upgraded":5,"win_rate":0,"timestamp":1563954954,"path_taken":["M","M","?","?","$","R","M","E","T","?","R","?","R","M","R","BOSS","M","$","?","M","?","E","R","M","T","M","$","?","E","?","R","BOSS","M","M","?","$","M","R","?","M","T","M","E","$","?","M","R","BOSS"],"build_version":"2019-07-17","purchased_purges":3,"victory":true,"max_hp_per_floor":[75,75,75,75,75,75,75,75,75,75,75,75,75,75,75,75,75,75,75,80,80,80,80,80,80,80,80,80,80,80,80,80,80,80,80,80,80,80,80,80,80,80,80,80,80,80,80,80,80,80],"card_choices":[{"not_picked":["Barrage","Redo"],"picked":"Cold Snap","floor":1.0},{"not_picked":["Turbo","Undo"],"picked":"Barrage","floor":2.0},{"not_picked":["Gash","Beam Cell"],"picked":"Cold Snap","floor":7.0},{"not_picked":["Meteor Strike","Hologram"],"picked":"Ball Lightning","floor":8.0},{"not_picked":["Beam Cell","Redo"],"picked":"Hologram","floor":12.0},{"not_picked":["Stack","Auto Shields"],"picked":"Reinforced Body","floor":14.0},{"not_picked":["Amplify","Fission"],"picked":"Core Surge","floor":16.0},{"not_picked":["Compile Driver","Rip and Tear"],"picked":"Barrage","floor":18.0},{"not_picked":["Lockon+1","Coolheaded"],"picked":"Beam Cell+1","floor":21.0},{"not_picked":["Reinforced Body","Scrape+1"],"picked":"Compile Driver+1","floor":23.0},{"not_picked":["Gash+1","Reboot"],"picked":"Genetic Algorithm","floor":25.0},{"not_picked":["Self Repair","Recycle"],"picked":"FTL+1","floor":27.0},{"not_picked":["Hologram","Scrape+1"],"picked":"FTL+1","floor":30.0},{"not_picked":["Meteor Strike+1","Thunder Strike+1"],"picked":"Core Surge+1","floor":33.0},{"not_picked":["Steam Power","Streamline+1"],"picked":"Gash+1","floor":35.0},{"not_picked":["Sunder+1","Doom and Gloom+1"],"picked":"Chill+1","floor":36.0},{"not_picked":["Compile Driver+1","Hello World"],"picked":"Stack","floor":39.0},{"not_picked":["FTL+1","Chill"],"picked":"Go for the Eyes+1","floor":41.0},{"not_picked":["Coolheaded","Sweeping Beam+1"],"picked":"Steam+1","floor":42.0},{"not_picked":["Recycle","Thunder Strike+1"],"picked":"Glacier","floor":44.0},{"not_picked":["Streamline+1","Multi-Cast"],"picked":"Beam Cell+1","floor":45.0},{"not_picked":["Rebound+1","Steam"],"picked":"Go for the Eyes+1","floor":47.0},{"not_picked":["Chill","Stack"],"picked":"Blizzard+1","floor":48}],"player_experience":782276,"relics_obtained":[{"floor":8.0,"key":"PreservedInsect"},{"floor":9.0,"key":"The Courier"},{"floor":23.0,"key":"Bag of Preparation"},{"floor":26.0,"key":"Vajra"},{"floor":29.0,"key":"Cables"},{"floor":30.0,"key":"Letter Opener"},{"floor":43.0,"key":"Meat on the Bone"},{"floor":45.0,"key":"Pantograph"}],"event_choices":[{"damage_healed":0.0,"max_hp_gain":0.0,"max_hp_loss":0.0,"gold_gain":0.0,"event_name":"Scrap Ooze","player_choice":"Success","floor":3.0,"gold_loss":0.0,"damage_taken":12.0,"relics_obtained":["Blood Vial"]},{"cards_removed":["Strike_B"],"damage_healed":0.0,"max_hp_gain":0.0,"max_hp_loss":0.0,"gold_gain":0.0,"event_name":"Golden Wing","player_choice":"Card Removal","floor":4.0,"gold_loss":0.0,"damage_taken":7.0},{"damage_healed":0.0,"max_hp_gain":0.0,"max_hp_loss":0.0,"gold_gain":0.0,"event_name":"Wheel of Change","player_choice":"Damaged","floor":10.0,"gold_loss":0.0,"damage_taken":7.0},{"damage_healed":0.0,"max_hp_gain":5.0,"max_hp_loss":0.0,"gold_gain":0.0,"event_name":"Forgotten Altar","player_choice":"Shed Blood","floor":20.0,"gold_loss":0.0,"damage_taken":19.0},{"damage_healed":0.0,"max_hp_gain":0.0,"max_hp_loss":0.0,"gold_gain":0.0,"cards_transformed":["Strike_B","Strike_B"],"event_name":"Drug Dealer","player_choice":"Became Test Subject","floor":22.0,"gold_loss":0.0,"damage_taken":0.0,"cards_obtained":["Redo","Loop"]},{"damage_healed":0.0,"max_hp_gain":0.0,"max_hp_loss":0.0,"gold_gain":0.0,"event_name":"Back to Basics","player_choice":"Simplicity","floor":31.0,"gold_loss":0.0,"damage_taken":0.0,"cards_upgraded":["Defend_B","Defend_B","Defend_B"]},{"damage_healed":0.0,"max_hp_gain":0.0,"max_hp_loss":0.0,"gold_gain":0.0,"event_name":"Upgrade Shrine","player_choice":"Upgraded","floor":37.0,"gold_loss":0.0,"damage_taken":0.0,"cards_upgraded":["Loop"]}],"is_beta":false,"boss_relics":[{"not_picked":["Black Star","Tiny House"],"picked":"Runic Pyramid"},{"not_picked":["FrozenCore","Empty Cage"],"picked":"Coffee Dripper"}],"items_purged_floors":[19,28,38],"is_endless":false,"potions_floor_spawned":[7,12,14,25,30,33,35,36,47],"ascension_level":12}