{"gold_per_floor":[116,116,128,128,141,175,188,188,262,31,42,42,42],"floor_reached":13,"playtime":284,"items_purged":[],"score":89,"play_id":"17e6bfed-00d0-4505-89c4-85335ac141fa","local_time":"20190119183547","is_ascension_mode":true,"campfire_choices":[{"data":"Armaments","floor":8,"key":"SMITH"},{"floor":12,"key":"REST"}],"neow_cost":"NONE","seed_source_timestamp":858128339379482,"circlet_count":0,"master_deck":["Strike_R","Strike_R","Strike_R","Strike_R","Strike_R","Defend_R+1","Defend_R","Defend_R","Defend_R+1","Bash","Flex","Heavy Blade","Armaments+1","Shrug It Off","Brutality","Pummel","Pummel"],"relics":["Burning Blood","NeowsBlessing","Champion Belt","Juzu Bracelet","Ornamental Fan"],"potions_floor_usage":[11],"damage_taken":[{"damage":0,"enemies":"Cultist","floor":1,"turns":1},{"damage":0,"enemies":"Jaw Worm","floor":3,"turns":1},{"damage":0,"enemies":"2 Louse","floor":5,"turns":1},{"damage":28,"enemies":"Gremlin Nob","floor":6,"turns":4},{"damage":9,"enemies":"2 Fungi Beasts","floor":7,"turns":4},{"damage":27,"enemies":"Gremlin Gang","floor":11,"turns":5},{"damage":34,"enemies":"3 Sentries","floor":13,"turns":8}],"seed_played":"-2520354557714554031","potions_obtained":[{"floor":3,"key":"LiquidBronze"},{"floor":6,"key":"Strength Potion"},{"floor":7,"key":"Poison Potion"}],"is_trial":false,"path_per_floor":["M","?","M","?","M","E","M","R","T","$","M","R","E"],"character_chosen":"IRONCLAD","items_purchased":["Brutality","Pummel"],"campfire_rested":1,"item_purchase_floors":[10,10],"current_hp_per_floor":[80,64,70,70,76,54,51,51,51,51,30,54,20],"gold":42,"neow_bonus":"THREE_ENEMY_KILL","is_prod":false,"is_daily":false,"chose_seed":false,"campfire_upgraded":1,"win_rate":0,"timestamp":1547919347,"path_taken":["M","?","M","?","?","E","M","R","T","$","M","R","E"],"build_version":"2019-01-17v2","purchased_purges":0,"victory":false,"max_hp_per_floor":[80,80,80,80,80,80,80,80,80,80,80,80,80],"card_choices":[{"not_picked":["Havoc","Sword Boomerang"],"picked":"Flex","floor":1},{"not_picked":["Feed","Perfected Strike"],"picked":"Heavy Blade","floor":3},{"not_picked":["Anger","Iron Wave"],"picked":"Armaments","floor":5},{"not_picked":["Hemokinesis","Heavy Blade","Wild Strike"],"picked":"SKIP","floor":6},{"not_picked":["Dropkick","True Grit"],"picked":"Shrug It Off","floor":7},{"not_picked":["Armaments","Headbutt"],"picked":"Pummel","floor":11}],"player_experience":130619,"relics_obtained":[{"floor":6,"key":"Juzu Bracelet"},{"floor":9,"key":"Ornamental Fan"}],"event_choices":[{"damage_healed":0,"gold_gain":0,"player_choice":"Entered Light","damage_taken":16,"max_hp_gain":0,"max_hp_loss":0,"event_name":"Shining Light","floor":2,"gold_loss":0,"cards_upgraded":["Defend_R","Defend_R"]},{"damage_healed":0,"gold_gain":0,"player_choice":"Gave Potion","damage_taken":0,"relics_obtained":["Champion Belt"],"max_hp_gain":0,"max_hp_loss":0,"event_name":"WeMeetAgain","floor":4,"gold_loss":0}],"is_beta":false,"boss_relics":[],"items_purged_floors":[],"is_endless":false,"potions_floor_spawned":[3,6,7],"killed_by":"3 Sentries","ascension_level":1}