{"gold_per_floor":[114,114,64,78,178,214,214,238,288,311,386,386,404,404,404,404],"floor_reached":16,"playtime":684,"items_purged":[],"score":125,"play_id":"ff4508b1-5a3d-4090-bd03-037c39790613","local_time":"20190708235203","is_ascension_mode":false,"campfire_choices":[{"data":"Searing Blow","floor":7,"key":"SMITH"},{"data":"Searing Blow+1","floor":12,"key":"SMITH"},{"data":"Searing Blow+2","floor":15,"key":"SMITH"}],"neow_cost":"NONE","seed_source_timestamp":26945702620871,"circlet_count":0,"master_deck":["Strike_R","Strike_R","Strike_R","Strike_R","Strike_R","Defend_R+1","Defend_R","Defend_R","Bash+1","Rampage","Metallicize","Searing Blow+3","Thunderclap","Rampage","Bloodletting"],"relics":["Burning Blood","NeowsBlessing","Golden Idol","Oddly Smooth Stone","Dream Catcher"],"potions_floor_usage":[16,16,16],"damage_taken":[{"damage":0,"enemies":"Small Slimes","floor":1,"turns":1},{"damage":0,"enemies":"Jaw Worm","floor":4,"turns":1},{"damage":0,"enemies":"Gremlin Nob","floor":6,"turns":1},{"damage":2,"enemies":"2 Louse","floor":8,"turns":3},{"damage":14,"enemies":"Lots of Slimes","floor":10,"turns":4},{"damage":5,"enemies":"3 Louse","floor":13,"turns":3},{"damage":26,"enemies":"Slime Boss","floor":16,"turns":9}],"seed_played":"-1023389296300433762","potions_obtained":[{"floor":1,"key":"Ancient Potion"},{"floor":8,"key":"GamblersBrew"},{"floor":10,"key":"Dexterity Potion"}],"is_trial":false,"path_per_floor":["M","?","?","M","?","E","R","M","T","M","?","R","M","?","R","B"],"character_chosen":"IRONCLAD","items_purchased":[],"campfire_rested":0,"item_purchase_floors":[],"current_hp_per_floor":[80,60,60,66,66,72,72,76,76,68,57,57,58,42,42,16],"gold":404,"neow_bonus":"THREE_ENEMY_KILL","is_prod":false,"is_daily":false,"chose_seed":false,"campfire_upgraded":3,"win_rate":0.0,"timestamp":1562647923,"path_taken":["M","?","?","M","?","E","R","?","T","M","?","R","M","?","R","BOSS"],"build_version":"2019-07-05","purchased_purges":0,"victory":false,"max_hp_per_floor":[80,80,80,80,80,80,80,80,80,80,80,80,80,80,80,80],"card_choices":[{"not_picked":["Seeing Red","Wild Strike"],"picked":"Rampage","floor":1},{"not_picked":["Iron Wave","Warcry"],"picked":"Metallicize","floor":4},{"not_picked":["Cleave","Body Slam"],"picked":"Searing Blow","floor":6},{"not_picked":["Inflame","Clothesline"],"picked":"Thunderclap","floor":8},{"not_picked":["Thunderclap","Feed"],"picked":"Rampage","floor":10},{"not_picked":["Wild Strike","Perfected Strike"],"picked":"Bloodletting","floor":13}],"player_experience":22605,"relics_obtained":[{"floor":6,"key":"Oddly Smooth Stone"},{"floor":9,"key":"Dream Catcher"}],"event_choices":[{"damage_healed":0,"gold_gain":0,"player_choice":"Take Damage","damage_taken":20,"relics_obtained":["Golden Idol"],"max_hp_gain":0,"max_hp_loss":0,"event_name":"Golden Idol","floor":2,"gold_loss":0},{"cards_removed":["Defend_R"],"damage_healed":0,"gold_gain":0,"player_choice":"Card Removal","damage_taken":0,"max_hp_gain":0,"max_hp_loss":0,"event_name":"The Cleric","floor":3,"gold_loss":50},{"damage_healed":0,"gold_gain":100,"player_choice":"Pray","damage_taken":0,"max_hp_gain":0,"max_hp_loss":0,"event_name":"Golden Shrine","floor":5,"gold_loss":0},{"damage_healed":0,"gold_gain":75,"player_choice":"Gather Gold","damage_taken":11,"max_hp_gain":0,"max_hp_loss":0,"event_name":"World of Goop","floor":11,"gold_loss":0},{"damage_healed":0,"gold_gain":0,"player_choice":"Entered Light","damage_taken":16,"max_hp_gain":0,"max_hp_loss":0,"event_name":"Shining Light","floor":14,"gold_loss":0,"cards_upgraded":["Bash","Defend_R"]}],"is_beta":false,"boss_relics":[],"items_purged_floors":[],"is_endless":false,"potions_floor_spawned":[1,8,10,13],"killed_by":"Slime Boss","ascension_level":0}