{"gold_per_floor":[113,132,151,151,168,201,201,220,220,232,243,243,259,314,314,411,411,430,430,56,69,81,81,107,107,107,126,126,142,142,155,155,260,260,272,290,303,313,313,313,326,342,365,365],"floor_reached":44,"playtime":3864,"items_purged":["Defend_B"],"score":490,"play_id":"23e756ee-872c-4231-9170-66b41ca1537a","local_time":"20190719171533","is_ascension_mode":false,"campfire_choices":[{"data":"Capacitor","floor":7,"key":"SMITH"},{"data":"Chill","floor":12,"key":"SMITH"},{"data":"Panacea","floor":15,"key":"SMITH"},{"data":"Storm","floor":23,"key":"SMITH"},{"data":"Redo","floor":25,"key":"SMITH"},{"data":"Barrage","floor":28,"key":"SMITH"},{"floor":32,"key":"REST"},{"floor":40,"key":"REST"}],"neow_cost":"NONE","seed_source_timestamp":44185811771102,"circlet_count":0,"master_deck":["Defend_B","Defend_B","Defend_B","Dualcast+1","Panacea+1","Chill+1","Darkness","Redo+1","Capacitor+1","Amplify","Storm+1","Barrage+1","Ball Lightning","Undo","Undo","Machine Learning","Leap+1","Bite","Bite+1","Bite","Bite+1","Bite","BootSequence","Heatsinks","Glacier","Cold Snap+1","Rip and Tear+1","Blizzard","Darkness","Ball Lightning","Storm+1","Electrodynamics","Melter+1","Barrage+1","Fusion+1","Consume","Consume+1","Parasite","Leap+1","Defragment+1"],"relics":["Cracked Core","Bag of Preparation","Darkstone Periapt","Pantograph","Inserter","Whetstone","Ancient Tea Set","Dream Catcher","Fusion Hammer","Centennial Puzzle"],"potions_floor_usage":[6,14,16,18,18,24,27,37,44],"damage_taken":[{"damage":0,"enemies":"2 Louse","floor":1,"turns":2},{"damage":5,"enemies":"Small Slimes","floor":2,"turns":3},{"damage":1,"enemies":"Cultist","floor":3,"turns":3},{"damage":1,"enemies":"Lots of Slimes","floor":5,"turns":5},{"damage":22,"enemies":"Gremlin Nob","floor":6,"turns":5},{"damage":6,"enemies":"Looter","floor":8,"turns":3},{"damage":9,"enemies":"Blue Slaver","floor":10,"turns":3},{"damage":2,"enemies":"3 Louse","floor":11,"turns":3},{"damage":0,"enemies":"Large Slime","floor":13,"turns":5},{"damage":12,"enemies":"3 Sentries","floor":14,"turns":7},{"damage":34,"enemies":"Slime Boss","floor":16,"turns":7},{"damage":14,"enemies":"2 Thieves","floor":18,"turns":5},{"damage":20,"enemies":"Shell Parasite","floor":21,"turns":5},{"damage":20,"enemies":"Snake Plant","floor":22,"turns":6},{"damage":42,"enemies":"Book of Stabbing","floor":24,"turns":7},{"damage":0,"enemies":"Cultist and Chosen","floor":27,"turns":4},{"damage":3,"enemies":"Centurion and Healer","floor":29,"turns":6},{"damage":10,"enemies":"Snake Plant","floor":31,"turns":4},{"damage":56,"enemies":"Collector","floor":33,"turns":10},{"damage":34,"enemies":"3 Darklings","floor":35,"turns":4},{"damage":0,"enemies":"Orb Walker","floor":36,"turns":3},{"damage":3,"enemies":"3 Darklings","floor":37,"turns":3},{"damage":26,"enemies":"Spire Growth","floor":38,"turns":5},{"damage":56,"enemies":"Writhing Mass","floor":41,"turns":4},{"damage":11,"enemies":"4 Shapes","floor":42,"turns":4},{"damage":8,"enemies":"Spire Growth","floor":44,"turns":2}],"seed_played":"-7884026355750540726","potions_obtained":[{"floor":1,"key":"GamblersBrew"},{"floor":2,"key":"SkillPotion"},{"floor":6,"key":"FairyPotion"},{"floor":13,"key":"Swift Potion"},{"floor":14,"key":"Energy Potion"},{"floor":16,"key":"FocusPotion"},{"floor":18,"key":"SteroidPotion"},{"floor":21,"key":"Ancient Potion"},{"floor":33,"key":"Fire Potion"},{"floor":38,"key":"Dexterity Potion"},{"floor":42,"key":"FocusPotion"}],"is_trial":false,"path_per_floor":["M","M","M","?","M","E","R","M","T","M","M","R","M","?","R","B",null,"M","?","$","M","M","R","E","R","T","M","R","M","?","M","R","B",null,"M","M","M","M","?","R","M","M","T","M"],"character_chosen":"DEFECT","items_purchased":["BootSequence","Whetstone","Heatsinks"],"campfire_rested":2,"item_purchase_floors":[20,20,20],"current_hp_per_floor":[75,70,69,74,73,51,51,45,45,36,34,34,34,22,22,13,80,66,56,56,46,40,40,7,7,7,17,17,21,21,14,30,12,56,25,30,32,11,11,27,9,1,1,0],"gold":365,"neow_bonus":"RANDOM_COLORLESS","is_prod":false,"is_daily":false,"chose_seed":false,"campfire_upgraded":6,"win_rate":0.0,"timestamp":1563549333,"path_taken":["M","M","M","?","M","E","R","M","T","M","M","R","M","?","R","BOSS","M","?","$","M","M","R","E","R","T","M","R","M","?","?","R","BOSS","M","?","M","M","?","R","M","M","T","M"],"build_version":"2019-07-05","purchased_purges":1,"victory":false,"max_hp_per_floor":[75,75,75,80,80,80,80,80,80,80,80,80,80,80,80,80,80,80,56,56,56,56,56,56,56,56,56,56,56,56,56,56,56,56,56,56,56,56,56,56,62,62,62,62],"card_choices":[{"not_picked":["Coolheaded","Go for the Eyes"],"picked":"Chill","floor":1},{"not_picked":["Coolheaded","Ball Lightning"],"picked":"Darkness","floor":2},{"not_picked":["Ball Lightning","Hologram"],"picked":"Redo","floor":3},{"not_picked":["Undo","Sweeping Beam"],"picked":"Capacitor","floor":5},{"not_picked":["Leap","Gash"],"picked":"Amplify","floor":6},{"not_picked":["Coolheaded","Redo"],"picked":"Storm","floor":8},{"not_picked":["Gash","Compile Driver"],"picked":"Barrage","floor":10},{"not_picked":["Stack","Gash"],"picked":"Ball Lightning","floor":11},{"not_picked":["Cold Snap","Hologram"],"picked":"Undo","floor":13},{"not_picked":["Scrape","Steam"],"picked":"Undo","floor":14},{"not_picked":["Multi-Cast","Seek"],"picked":"Machine Learning","floor":16},{"not_picked":["Gash+1","Rebound"],"picked":"Leap+1","floor":18},{"not_picked":["Conserve Battery","Streamline"],"picked":"Glacier","floor":21},{"not_picked":["Reinforced Body","Ball Lightning"],"picked":"Cold Snap+1","floor":22},{"not_picked":["Buffer","Streamline+1"],"picked":"Rip and Tear+1","floor":24},{"not_picked":["Steam+1","Coolheaded"],"picked":"Blizzard","floor":27},{"not_picked":["Capacitor","Auto Shields"],"picked":"Darkness","floor":29},{"not_picked":["Gash","Steam"],"picked":"Ball Lightning","floor":31},{"not_picked":["Compile Driver","Force Field"],"picked":"Storm+1","floor":32},{"not_picked":["Buffer","All For One"],"picked":"Electrodynamics","floor":33},{"not_picked":["Coolheaded+1","Leap"],"picked":"Melter+1","floor":35},{"not_picked":["Gash","Static Discharge+1"],"picked":"Barrage+1","floor":36},{"not_picked":["Ball Lightning","Sweeping Beam"],"picked":"Fusion+1","floor":37},{"not_picked":["Redo+1","Darkness"],"picked":"Consume","floor":38},{"not_picked":["Beam Cell","Electrodynamics"],"picked":"Consume+1","floor":40},{"not_picked":["Ball Lightning","Doom and Gloom"],"picked":"Leap+1","floor":41},{"not_picked":["Coolheaded","Steam+1"],"picked":"Defragment+1","floor":42}],"player_experience":23541,"relics_obtained":[{"floor":6,"key":"Bag of Preparation"},{"floor":9,"key":"Darkstone Periapt"},{"floor":24,"key":"Ancient Tea Set"},{"floor":26,"key":"Dream Catcher"},{"floor":43,"key":"Centennial Puzzle"}],"event_choices":[{"damage_healed":0,"gold_gain":0,"player_choice":"Donut","damage_taken":0,"max_hp_gain":5,"max_hp_loss":0,"event_name":"Big Fish","floor":4,"gold_loss":0},{"damage_healed":0,"gold_gain":0,"player_choice":"Searched \u00273\u0027 times","damage_taken":0,"relics_obtained":["Pantograph"],"max_hp_gain":0,"max_hp_loss":0,"event_name":"Dead Adventurer","floor":14,"gold_loss":0},{"damage_healed":0,"gold_gain":0,"player_choice":"Became a vampire","damage_taken":0,"max_hp_gain":0,"max_hp_loss":24,"event_name":"Vampires","floor":19,"gold_loss":0,"cards_obtained":["Bite","Bite","Bite","Bite","Bite"]},{"damage_healed":0,"gold_gain":0,"player_choice":"Forge","damage_taken":0,"max_hp_gain":0,"max_hp_loss":0,"event_name":"Accursed Blacksmith","floor":30,"gold_loss":0,"cards_upgraded":["Dualcast"]},{"cards_removed":["Zap"],"damage_healed":0,"gold_gain":0,"player_choice":"Removed Skill","damage_taken":0,"max_hp_gain":0,"max_hp_loss":0,"event_name":"Falling","floor":39,"gold_loss":0}],"is_beta":false,"boss_relics":[{"not_picked":["Lizard Tail","Empty Cage"],"picked":"Inserter"},{"not_picked":["Cursed Key","Snecko Eye"],"picked":"Fusion Hammer"}],"items_purged_floors":[20],"is_endless":false,"potions_floor_spawned":[1,2,6,13,14,16,18,21,33,38,42],"killed_by":"Spire Growth","ascension_level":0}