{"gold_per_floor":[209,209,222,222,297,323,323,323,400,400,27,43,62,97,97,217,217,242,261,261,261,351,385,43,62,362,380,380,405,405,405,405,405],"floor_reached":33,"playtime":4097,"items_purged":["Injury"],"score":473,"play_id":"39ddab71-70fc-49c7-bd10-49f30acb3973","local_time":"20190723050319","is_ascension_mode":true,"campfire_choices":[{"floor":7.0,"key":"REST"},{"data":"Static Discharge","floor":10.0,"key":"SMITH"},{"data":"Zap","floor":15.0,"key":"SMITH"},{"data":"Ghostly","floor":28.0,"key":"SMITH"},{"data":"Ghostly","floor":30.0,"key":"SMITH"},{"data":"Ghostly","floor":32.0,"key":"SMITH"}],"neow_cost":"NONE","seed_source_timestamp":1117892638036148,"circlet_count":0,"master_deck":["AscendersBane","Strike_B+1","Defend_B+1","Defend_B+1","Defend_B+1","Defend_B+1","Zap+1","Dualcast","Cold Snap","Cold Snap+1","Static Discharge+1","Sunder","Coolheaded","Sunder","Leap","Creative AI","Hyperbeam","Defragment+1","Rip and Tear+1","Darkness+1","Capacitor","Storm","Ghostly+1","Ghostly+1","Ghostly+1","Ghostly","Ghostly","Ball Lightning","Capacitor","Compile Driver","Enlightenment","Seek","BootSequence","Conserve Battery"],"special_seed":0,"relics":["Cracked Core","Pantograph","Bloody Idol","Mummified Hand","Lee\u0027s Waffle","Strawberry","Astrolabe","Symbiotic Virus","Old Coin"],"potions_floor_usage":[33,33],"damage_taken":[{"damage":0.0,"enemies":"2 Louse","floor":1.0,"turns":2.0},{"damage":0.0,"enemies":"Jaw Worm","floor":3.0,"turns":4.0},{"damage":26.0,"enemies":"Gremlin Nob","floor":6.0,"turns":5.0},{"damage":8.0,"enemies":"Small Slimes","floor":12.0,"turns":2.0},{"damage":3.0,"enemies":"2 Fungi Beasts","floor":13.0,"turns":2.0},{"damage":15.0,"enemies":"3 Sentries","floor":14.0,"turns":7.0},{"damage":46.0,"enemies":"Hexaghost","floor":16.0,"turns":6.0},{"damage":19.0,"enemies":"3 Byrds","floor":18.0,"turns":2.0},{"damage":14.0,"enemies":"2 Thieves","floor":19.0,"turns":3.0},{"damage":5.0,"enemies":"Book of Stabbing","floor":23.0,"turns":6.0},{"damage":2.0,"enemies":"Shelled Parasite and Fungi","floor":25.0,"turns":5.0},{"damage":0.0,"enemies":"Cultist and Chosen","floor":27.0,"turns":6.0},{"damage":0.0,"enemies":"Centurion and Healer","floor":29.0,"turns":7.0},{"damage":50,"enemies":"Collector","floor":33,"turns":9}],"seed_played":"-232840923221528618","potions_obtained":[{"floor":3.0,"key":"SpeedPotion"},{"floor":6.0,"key":"GamblersBrew"},{"floor":13.0,"key":"EssenceOfSteel"},{"floor":18.0,"key":"Weak Potion"},{"floor":23.0,"key":"Dexterity Potion"},{"floor":25.0,"key":"Regen Potion"},{"floor":27.0,"key":"SteroidPotion"}],"is_trial":false,"path_per_floor":["M","?","M","?","?","E","R","?","T","R","$","M","M","E","R","B",null,"M","M","?","?","?","E","$","M","T","M","R","M","R","?","R","B"],"character_chosen":"DEFECT","items_purchased":["Lee\u0027s Waffle","Sunder","Coolheaded","Capacitor","Compile Driver","Enlightenment","Seek"],"campfire_rested":1,"item_purchase_floors":[11,11,11,24,24,24,24],"current_hp_per_floor":[68,68,68,53,42,16,38,38,38,38,82,74,71,63,63,42,77,58,44,44,44,26,21,21,19,19,34,34,34,34,34,34,0],"gold":405,"neow_bonus":"HUNDRED_GOLD","is_prod":false,"is_daily":false,"chose_seed":false,"campfire_upgraded":5,"win_rate":0,"timestamp":1563872599,"path_taken":["M","?","M","?","?","E","R","?","T","R","$","M","M","E","R","BOSS","M","M","?","?","?","E","$","M","T","M","R","?","R","?","R","BOSS"],"build_version":"2019-07-17","purchased_purges":1,"victory":false,"max_hp_per_floor":[75,75,75,75,75,75,75,75,75,75,82,82,82,89,89,89,89,89,89,89,44,44,44,44,44,44,44,44,44,44,44,44,44],"card_choices":[{"not_picked":["Rebound","Reprogram"],"picked":"Cold Snap","floor":1.0},{"not_picked":["Rebound","Sweeping Beam"],"picked":"Cold Snap","floor":3.0},{"not_picked":["Storm","Steam"],"picked":"Static Discharge","floor":6.0},{"not_picked":["Beam Cell","Reprogram"],"picked":"Sunder","floor":12.0},{"not_picked":["Compile Driver","Cold Snap"],"picked":"Leap","floor":13.0},{"not_picked":["Cold Snap","Beam Cell"],"picked":"Creative AI","floor":14.0},{"not_picked":["All For One","Meteor Strike"],"picked":"Hyperbeam","floor":16.0},{"not_picked":["Gash","Skim"],"picked":"Capacitor","floor":18.0},{"not_picked":["Skim","Beam Cell"],"picked":"Storm","floor":19.0},{"not_picked":["Melter","Double Energy"],"picked":"Ball Lightning","floor":23.0},{"not_picked":["Streamline","Leap","Rebound+1"],"picked":"SKIP","floor":25.0},{"not_picked":["Steam Power","Compile Driver"],"picked":"BootSequence","floor":27.0},{"not_picked":["Reprogram","Coolheaded"],"picked":"Conserve Battery","floor":29.0}],"player_experience":768655,"relics_obtained":[{"floor":6.0,"key":"Pantograph"},{"floor":9.0,"key":"Mummified Hand"},{"floor":14.0,"key":"Strawberry"},{"floor":23.0,"key":"Symbiotic Virus"},{"floor":26.0,"key":"Old Coin"}],"event_choices":[{"damage_healed":0.0,"max_hp_gain":0.0,"max_hp_loss":0.0,"gold_gain":0.0,"cards_transformed":["Strike_B"],"event_name":"Living Wall","player_choice":"Change","floor":2.0,"gold_loss":0.0,"damage_taken":0.0,"cards_obtained":["Meteor Strike"]},{"damage_healed":0.0,"max_hp_gain":0.0,"max_hp_loss":0.0,"gold_gain":0.0,"event_name":"Shining Light","player_choice":"Entered Light","floor":4.0,"gold_loss":0.0,"damage_taken":15.0,"cards_upgraded":["Strike_B","Cold Snap"]},{"damage_healed":0.0,"max_hp_gain":0.0,"max_hp_loss":0.0,"gold_gain":75.0,"event_name":"World of Goop","player_choice":"Gather Gold","floor":5.0,"gold_loss":0.0,"damage_taken":11.0},{"damage_healed":0.0,"max_hp_gain":0.0,"max_hp_loss":0.0,"gold_gain":0.0,"event_name":"Golden Idol","player_choice":"Take Wound","floor":8.0,"gold_loss":0.0,"damage_taken":0.0,"relics_obtained":["Golden Idol"],"cards_obtained":["Injury"]},{"damage_healed":0.0,"max_hp_gain":0.0,"max_hp_loss":0.0,"gold_gain":0.0,"event_name":"Back to Basics","player_choice":"Simplicity","floor":20.0,"gold_loss":0.0,"damage_taken":0.0,"cards_upgraded":["Defend_B","Defend_B","Defend_B","Defend_B"]},{"damage_healed":0.0,"max_hp_gain":0.0,"max_hp_loss":45.0,"gold_gain":0.0,"event_name":"Ghosts","player_choice":"Became a Ghost","floor":21.0,"gold_loss":0.0,"damage_taken":0.0,"cards_obtained":["Ghostly","Ghostly","Ghostly","Ghostly","Ghostly"]},{"damage_healed":0.0,"max_hp_gain":0.0,"max_hp_loss":0.0,"gold_gain":90.0,"event_name":"Knowing Skull","player_choice":"POTION GOLD ","floor":22.0,"potions_obtained":["AttackPotion"],"gold_loss":0.0,"damage_taken":18.0,"cards_obtained":[]},{"damage_healed":0.0,"max_hp_gain":0.0,"max_hp_loss":0.0,"gold_gain":0.0,"event_name":"Forgotten Altar","player_choice":"Gave Idol","floor":31.0,"relics_lost":["Golden Idol"],"gold_loss":0.0,"damage_taken":0.0,"relics_obtained":["Bloody Idol"]}],"is_beta":false,"boss_relics":[{"not_picked":["Black Star","Runic Pyramid"],"picked":"Astrolabe"}],"items_purged_floors":[11],"is_endless":false,"potions_floor_spawned":[3,6,13,18,23,25,27],"killed_by":"Collector","ascension_level":11}