{"gold_per_floor":[109,123,48,67,83,113,113,213,213,244,257,257,271,284,284,380,380,399,419,430,3,3,3,14,29,29,29],"floor_reached":27,"playtime":1282,"items_purged":["Defend_B"],"score":329,"play_id":"bb2c6d1b-6a26-49aa-97bc-4a50277f1966","local_time":"20190723182811","is_ascension_mode":false,"campfire_choices":[{"floor":7,"key":"RECALL"},{"floor":12,"key":"REST"},{"data":"Double Energy","floor":15,"key":"SMITH"},{"data":"Echo Form","floor":23,"key":"SMITH"}],"neow_cost":"PERCENT_DAMAGE","seed_source_timestamp":0,"circlet_count":0,"master_deck":["Strike_B","Strike_B","Strike_B","Defend_B","Defend_B","Defend_B","Zap","Beam Cell","Hologram","Glacier","Gash","Coolheaded","Sweeping Beam","Turbo","Double Energy+1","Streamline","Echo Form","Chill","Turbo","Echo Form+1","Skim","Flash of Steel","Zap","Beam Cell+1","Coolheaded"],"special_seed":0,"relics":["Cracked Core","Boot","Pear","StoneCalendar","Inserter","DollysMirror","Bag of Preparation"],"potions_floor_usage":[6,13,16,18,19,24,25],"damage_taken":[{"damage":2,"enemies":"Small Slimes","floor":1,"turns":4},{"damage":1,"enemies":"Cultist","floor":2,"turns":4},{"damage":3,"enemies":"2 Louse","floor":4,"turns":3},{"damage":0,"enemies":"Red Slaver","floor":5,"turns":5},{"damage":9,"enemies":"Lagavulin","floor":6,"turns":11},{"damage":21,"enemies":"Gremlin Nob","floor":10,"turns":4},{"damage":4,"enemies":"Exordium Thugs","floor":11,"turns":4},{"damage":5,"enemies":"Exordium Wildlife","floor":13,"turns":2},{"damage":0,"enemies":"Gremlin Gang","floor":14,"turns":2},{"damage":7,"enemies":"Hexaghost","floor":16,"turns":9},{"damage":13,"enemies":"3 Byrds","floor":18,"turns":3},{"damage":7,"enemies":"Chosen","floor":19,"turns":5},{"damage":38,"enemies":"Snake Plant","floor":20,"turns":7},{"damage":12,"enemies":"Snecko","floor":24,"turns":4},{"damage":12,"enemies":"Centurion and Healer","floor":25,"turns":6},{"damage":5,"enemies":"3 Cultists","floor":27,"turns":2}],"seed_played":"-4116759800703451068","potions_obtained":[{"floor":2,"key":"Weak Potion"},{"floor":6,"key":"Energy Potion"},{"floor":10,"key":"SteroidPotion"},{"floor":13,"key":"Fire Potion"},{"floor":14,"key":"Swift Potion"},{"floor":18,"key":"AttackPotion"},{"floor":24,"key":"FocusPotion"}],"is_trial":false,"path_per_floor":["M","M","$","M","M","E","R","?","T","E","M","R","M","M","R","B",null,"M","M","M","$","?","R","M","M","T","M"],"character_chosen":"DEFECT","items_purchased":["DollysMirror","Bag of Preparation","Skim"],"campfire_rested":1,"item_purchase_floors":[21,21,21],"current_hp_per_floor":[52,51,51,48,48,39,39,39,49,28,24,49,44,44,44,37,85,72,65,27,27,27,27,15,3,3,0],"gold":29,"neow_bonus":"REMOVE_TWO","is_prod":false,"is_daily":false,"chose_seed":false,"campfire_upgraded":2,"win_rate":0,"timestamp":1563920891,"path_taken":["M","M","$","M","M","E","R","?","T","E","?","R","M","M","R","BOSS","M","M","M","$","?","R","M","M","T","M"],"build_version":"2019-07-17","purchased_purges":1,"victory":false,"max_hp_per_floor":[75,75,75,75,75,75,75,75,85,85,85,85,85,85,85,85,85,85,85,85,85,85,85,85,85,85,85],"card_choices":[{"not_picked":["Heatsinks","Barrage"],"picked":"Beam Cell","floor":1},{"not_picked":["Ball Lightning","Cold Snap"],"picked":"Hologram","floor":2},{"not_picked":["Leap","Chaos"],"picked":"Glacier","floor":4},{"not_picked":["Stack","Storm"],"picked":"Gash","floor":5},{"not_picked":["Stack","Hyperbeam"],"picked":"Coolheaded","floor":6},{"not_picked":["Rip and Tear","Loop"],"picked":"Sweeping Beam","floor":10},{"not_picked":["Sweeping Beam","Redo"],"picked":"Turbo","floor":11},{"not_picked":["Skim","Compile Driver"],"picked":"Double Energy","floor":13},{"not_picked":["Compile Driver","Rebound"],"picked":"Streamline","floor":14},{"not_picked":["Meteor Strike","Hyperbeam"],"picked":"Echo Form","floor":16},{"not_picked":["Force Field","Static Discharge"],"picked":"Chill","floor":18},{"not_picked":["Hologram","Auto Shields+1"],"picked":"Turbo","floor":19},{"not_picked":["Leap","Chill+1","Rip and Tear"],"picked":"SKIP","floor":20},{"not_picked":["Genetic Algorithm","Rebound"],"picked":"Beam Cell+1","floor":24},{"not_picked":["Double Energy","Skim+1"],"picked":"Coolheaded","floor":25}],"player_experience":111880,"relics_obtained":[{"floor":6,"key":"Boot"},{"floor":9,"key":"Pear"},{"floor":10,"key":"StoneCalendar"}],"event_choices":[{"damage_healed":0,"gold_gain":100,"player_choice":"Gold","damage_taken":0,"max_hp_gain":0,"max_hp_loss":0,"event_name":"Wheel of Change","floor":8,"gold_loss":0},{"damage_healed":0,"gold_gain":0,"player_choice":"2 cards matched","damage_taken":0,"max_hp_gain":0,"max_hp_loss":0,"event_name":"Match and Keep!","floor":22,"gold_loss":0,"cards_obtained":["Flash of Steel","Zap"]}],"is_beta":false,"boss_relics":[{"not_picked":["Ectoplasm","White Beast Statue"],"picked":"Inserter"}],"items_purged_floors":[3],"is_endless":false,"potions_floor_spawned":[2,6,10,13,14,18,24],"killed_by":"3 Cultists","ascension_level":0}