{"gold_per_floor":[113,182,199,199,218,253,267,278,278,378,388,178,191,205,205,205],"floor_reached":16,"playtime":948,"items_purged":[],"score":159,"play_id":"82352ce4-0aaa-4eb8-9485-9254f8e9d516","local_time":"20190704073131","is_ascension_mode":true,"campfire_choices":[{"floor":15,"key":"REST"}],"neow_cost":"NONE","seed_source_timestamp":60368488451300,"circlet_count":0,"master_deck":["AscendersBane","Strike_R","Strike_R","Strike_R","Strike_R","Strike_R","Defend_R","Defend_R","Defend_R","Defend_R","Bash+1","Uppercut","Cleave","Fiend Fire","Searing Blow","Fire Breathing","Rampage","Cleave","Metallicize","Barricade","Second Wind"],"relics":["Burning Blood","Mummified Hand","Ancient Tea Set","Centennial Puzzle"],"potions_floor_usage":[6,6,8,16],"damage_taken":[{"damage":12,"enemies":"Jaw Worm","floor":1,"turns":3},{"damage":0,"enemies":"Small Slimes","floor":3,"turns":3},{"damage":1,"enemies":"Cultist","floor":5,"turns":3},{"damage":30,"enemies":"Lagavulin","floor":6,"turns":5},{"damage":7,"enemies":"Looter","floor":7,"turns":3},{"damage":15,"enemies":"Gremlin Gang","floor":8,"turns":4},{"damage":19,"enemies":"3 Louse","floor":11,"turns":3},{"damage":3,"enemies":"Blue Slaver","floor":13,"turns":3},{"damage":15,"enemies":"Looter","floor":14,"turns":4},{"damage":58,"enemies":"The Guardian","floor":16,"turns":8}],"seed_played":"-929358189394463870","potions_obtained":[{"floor":1,"key":"SteroidPotion"},{"floor":3,"key":"SteroidPotion"},{"floor":5,"key":"SteroidPotion"},{"floor":6,"key":"Fire Potion"}],"is_trial":false,"path_per_floor":["M","?","M","?","M","E","M","M","T","?","M","$","M","M","R","B"],"character_chosen":"IRONCLAD","items_purchased":["Centennial Puzzle","Metallicize"],"campfire_rested":1,"item_purchase_floors":[12,12],"current_hp_per_floor":[74,74,80,80,85,61,60,51,51,51,38,38,41,32,58,0],"gold":205,"neow_bonus":"TEN_PERCENT_HP_BONUS","is_prod":false,"is_daily":false,"chose_seed":false,"campfire_upgraded":0,"win_rate":0,"timestamp":1562221891,"path_taken":["M","?","M","?","M","E","M","?","T","?","M","$","?","M","R","BOSS"],"build_version":"2019-07-01","purchased_purges":0,"victory":false,"max_hp_per_floor":[88,88,88,88,88,88,88,88,88,88,88,88,88,88,88,88],"card_choices":[{"not_picked":["Clash","Clothesline"],"picked":"Uppercut","floor":1},{"not_picked":["Twin Strike","Body Slam"],"picked":"Cleave","floor":3},{"not_picked":["Power Through","Clash"],"picked":"Fiend Fire","floor":5},{"not_picked":["Perfected Strike","Entrench"],"picked":"Searing Blow","floor":6},{"not_picked":["Thunderclap","Flex"],"picked":"Fire Breathing","floor":7},{"not_picked":["Rage","Blood for Blood"],"picked":"Rampage","floor":8},{"not_picked":["Body Slam","Clash"],"picked":"Cleave","floor":11},{"not_picked":["True Grit","Wild Strike"],"picked":"Barricade","floor":13},{"not_picked":["True Grit","Wild Strike"],"picked":"Second Wind","floor":14}],"player_experience":947458,"relics_obtained":[{"floor":6,"key":"Mummified Hand"},{"floor":9,"key":"Ancient Tea Set"}],"event_choices":[{"damage_healed":0,"gold_gain":69,"player_choice":"Gained Gold","damage_taken":0,"max_hp_gain":0,"max_hp_loss":0,"event_name":"Golden Wing","floor":2,"gold_loss":0},{"damage_healed":0,"gold_gain":0,"player_choice":"Upgraded","damage_taken":0,"max_hp_gain":0,"max_hp_loss":0,"event_name":"Upgrade Shrine","floor":4,"gold_loss":0,"cards_upgraded":["Bash"]},{"damage_healed":0,"gold_gain":100,"player_choice":"Pray","damage_taken":0,"max_hp_gain":0,"max_hp_loss":0,"event_name":"Golden Shrine","floor":10,"gold_loss":0}],"is_beta":false,"boss_relics":[],"items_purged_floors":[],"is_endless":false,"potions_floor_spawned":[1,3,5,6],"killed_by":"The Guardian","ascension_level":10}