{"gold_per_floor":[99,99,99,99,99,99,99,99,99,99,69,69,69,69,69,69,69,69,69,69,69,69,69,69,69,69,69,69,69,69,69,69,69,69,69,69,69,69,69,69,69,69,69,69,69,69,69,69,69,69,69,69,69,69,69],"floor_reached":55,"playtime":4742,"items_purged":[],"score":882,"play_id":"37703622-4d84-45d8-a8e9-01a75bb3badb","local_time":"20190725001455","is_ascension_mode":true,"campfire_choices":[{"data":"Neutralize","floor":7,"key":"SMITH"},{"data":"Footwork","floor":15,"key":"SMITH"},{"data":"Crippling Poison","floor":23,"key":"SMITH"},{"data":"Crippling Poison","floor":25,"key":"SMITH"},{"data":"Catalyst","floor":28,"key":"SMITH"},{"data":"Wraith Form v2","floor":32,"key":"SMITH"},{"floor":41,"key":"REST"},{"floor":46,"key":"RECALL"},{"floor":49,"key":"REST"},{"data":"Panacea","floor":52,"key":"SMITH"}],"neow_cost":"NONE","seed_source_timestamp":78075458942522,"circlet_count":0,"master_deck":["Strike_G","Strike_G","Strike_G","Strike_G","Defend_G","Defend_G","Defend_G+1","Defend_G","Defend_G","Survivor","Neutralize+1","Well Laid Plans","Deadly Poison","Deadly Poison","Crippling Poison+1","Deadly Poison","Crippling Poison+1","PiercingWail","Footwork+1","Backflip","Acrobatics","Glass Knife","Leg Sweep+1","Wraith Form v2+1","Crippling Poison","Flying Knee+1","Dodge and Roll+1","Catalyst+1","Caltrops+1","Writhe","Night Terror","Prepared+1","Footwork+1","Backflip+1","Panacea+1","Backflip+1","Reflex+1","Acrobatics+1","Deadly Poison+1"],"relics":["Ectoplasm","Meat on the Bone","Centennial Puzzle","Pen Nib","Art of War","Incense Burner","Philosopher\u0027s Stone","Red Mask","Gremlin Horn","Snake Skull","Bottled Flame","Calipers","War Paint","Black Star","Du-Vu Doll","Mercury Hourglass","Vajra","Girya","Kunai","Oddly Smooth Stone","Bag of Marbles"],"potions_floor_usage":[6,10,16,19,19,33,35,42,50,50,55],"damage_taken":[{"damage":3,"enemies":"Jaw Worm","floor":1,"turns":3},{"damage":1,"enemies":"Cultist","floor":3,"turns":4},{"damage":0,"enemies":"Small Slimes","floor":4,"turns":4},{"damage":0,"enemies":"3 Louse","floor":5,"turns":4},{"damage":8,"enemies":"Lagavulin","floor":6,"turns":6},{"damage":29,"enemies":"Gremlin Nob","floor":8,"turns":5},{"damage":8,"enemies":"Lagavulin","floor":10,"turns":5},{"damage":0,"enemies":"Looter","floor":11,"turns":3},{"damage":4,"enemies":"Exordium Wildlife","floor":13,"turns":4},{"damage":2,"enemies":"3 Sentries","floor":14,"turns":8},{"damage":11,"enemies":"The Guardian","floor":16,"turns":8},{"damage":0,"enemies":"Shell Parasite","floor":18,"turns":5},{"damage":6,"enemies":"Masked Bandits","floor":19,"turns":4},{"damage":2,"enemies":"Chosen","floor":20,"turns":4},{"damage":2,"enemies":"Sentry and Sphere","floor":21,"turns":5},{"damage":4,"enemies":"Snecko","floor":22,"turns":6},{"damage":5,"enemies":"Book of Stabbing","floor":24,"turns":6},{"damage":2,"enemies":"Gremlin Leader","floor":27,"turns":5},{"damage":8,"enemies":"Slavers","floor":29,"turns":5},{"damage":12,"enemies":"Champ","floor":33,"turns":9},{"damage":6,"enemies":"3 Darklings","floor":35,"turns":4},{"damage":3,"enemies":"Mind Bloom Boss Battle","floor":36,"turns":8},{"damage":1,"enemies":"3 Shapes","floor":37,"turns":4},{"damage":12,"enemies":"Writhing Mass","floor":39,"turns":3},{"damage":2,"enemies":"Giant Head","floor":40,"turns":4},{"damage":22,"enemies":"Nemesis","floor":42,"turns":7},{"damage":8,"enemies":"Jaw Worm Horde","floor":44,"turns":5},{"damage":1,"enemies":"Spire Growth","floor":45,"turns":4},{"damage":0,"enemies":"Sphere and 2 Shapes","floor":48,"turns":2},{"damage":20,"enemies":"Awakened One","floor":50,"turns":9},{"damage":43,"enemies":"Shield and Spear","floor":54,"turns":7},{"damage":44,"enemies":"The Heart","floor":55,"turns":3}],"seed_played":"2726473602031912690","potions_obtained":[{"floor":1,"key":"Energy Potion"},{"floor":5,"key":"FearPotion"},{"floor":8,"key":"PowerPotion"},{"floor":13,"key":"Swift Potion"},{"floor":16,"key":"Explosive Potion"},{"floor":18,"key":"Explosive Potion"},{"floor":21,"key":"Dexterity Potion"},{"floor":24,"key":"Swift Potion"},{"floor":33,"key":"PowerPotion"},{"floor":42,"key":"AttackPotion"},{"floor":44,"key":"GhostInAJar"},{"floor":48,"key":"Poison Potion"}],"is_trial":false,"path_per_floor":["M","?","M","M","M","E","R","E","T","E","M","?","M","E","R","B",null,"M","?","M","M","M","R","E","R","T","E","R","E","$","?","R","B",null,"M","?","M","?","M","E","R","E","T","M","M","R","?","M","R","B",null,"R","$","E","B"],"character_chosen":"THE_SILENT","items_purchased":[],"campfire_rested":2,"item_purchase_floors":[],"current_hp_per_floor":[67,67,66,66,66,58,58,41,41,45,45,68,64,62,62,51,70,70,64,62,60,56,56,51,51,51,49,49,41,41,41,41,41,70,64,61,60,60,48,46,67,45,45,37,36,36,36,36,57,37,70,70,70,39,0],"gold":69,"neow_bonus":"BOSS_RELIC","is_prod":false,"is_daily":false,"chose_seed":false,"campfire_upgraded":7,"win_rate":0,"timestamp":1564006495,"path_taken":["M","?","?","M","M","E","R","E","T","E","M","?","M","E","R","BOSS","M","?","M","M","M","R","E","R","T","E","R","E","$","?","R","BOSS","M","?","M","?","M","E","R","E","T","M","M","R","?","M","R","BOSS","R","$","E","BOSS"],"build_version":"2019-07-05","purchased_purges":0,"victory":false,"max_hp_per_floor":[70,70,70,70,70,70,70,70,70,70,70,70,70,70,70,70,70,70,70,70,70,70,70,70,70,70,70,70,70,70,70,70,70,70,70,70,70,70,70,70,70,70,70,70,70,70,70,70,70,70,70,70,70,70,70],"card_choices":[{"not_picked":["Escape Plan","Backflip"],"picked":"Well Laid Plans","floor":1},{"not_picked":["Slice","Dagger Throw"],"picked":"Deadly Poison","floor":3},{"not_picked":["Dodge and Roll","Eviscerate"],"picked":"Deadly Poison","floor":4},{"not_picked":["Bane","Underhanded Strike"],"picked":"Crippling Poison","floor":5},{"not_picked":["Caltrops","Acrobatics"],"picked":"Deadly Poison","floor":6},{"not_picked":["Poisoned Stab","Sucker Punch"],"picked":"Crippling Poison","floor":8},{"not_picked":["Bane","Reflex"],"picked":"PiercingWail","floor":10},{"not_picked":["Deflect","Expertise"],"picked":"Footwork","floor":11},{"not_picked":["Prepared","Terror"],"picked":"Backflip","floor":13},{"not_picked":["Storm of Steel","Tactician"],"picked":"Acrobatics","floor":14},{"not_picked":["Storm of Steel","Unload"],"picked":"Glass Knife","floor":16},{"not_picked":["Slice","Bane"],"picked":"Leg Sweep","floor":18},{"not_picked":["Cloak And Dagger","Outmaneuver"],"picked":"Wraith Form v2","floor":20},{"not_picked":["Flying Knee","Quick Slash+1"],"picked":"Crippling Poison","floor":21},{"not_picked":["Poisoned Stab","Dodge and Roll+1"],"picked":"Flying Knee+1","floor":22},{"not_picked":["Bouncing Flask","Riddle With Holes"],"picked":"Dodge and Roll+1","floor":24},{"not_picked":["Malaise","Escape Plan+1"],"picked":"Catalyst","floor":27},{"not_picked":["Bane","Riddle With Holes+1"],"picked":"Caltrops+1","floor":29},{"not_picked":["Malaise","Grand Finale"],"picked":"Night Terror","floor":33},{"not_picked":["Deflect+1","Deadly Poison"],"picked":"Prepared+1","floor":35},{"not_picked":["Flying Knee+1","Endless Agony"],"picked":"Footwork+1","floor":36},{"not_picked":["Dash+1","Terror+1"],"picked":"Backflip+1","floor":37},{"not_picked":["Secret Technique","Blind"],"picked":"Panacea","floor":38},{"not_picked":["Dagger Throw","Sucker Punch"],"picked":"Backflip+1","floor":39},{"not_picked":["Slice+1","Dagger Spray+1"],"picked":"Reflex+1","floor":40},{"not_picked":["Poisoned Stab","Deadly Poison+1"],"picked":"Acrobatics+1","floor":42},{"not_picked":["Distraction","Infinite Blades+1","Predator+1"],"picked":"SKIP","floor":44},{"not_picked":["Concentrate","Quick Slash+1","Bane+1"],"picked":"SKIP","floor":45},{"not_picked":["PiercingWail+1","Dash+1"],"picked":"Deadly Poison+1","floor":48},{"not_picked":["Blade Dance+1","Slice","Predator"],"picked":"SKIP","floor":54}],"player_experience":137142,"relics_obtained":[{"floor":6,"key":"Meat on the Bone"},{"floor":8,"key":"Centennial Puzzle"},{"floor":9,"key":"Pen Nib"},{"floor":10,"key":"Art of War"},{"floor":14,"key":"Incense Burner"},{"floor":19,"key":"Red Mask"},{"floor":24,"key":"Gremlin Horn"},{"floor":26,"key":"Snake Skull"},{"floor":27,"key":"Bottled Flame"},{"floor":29,"key":"Calipers"},{"floor":36,"key":"Du-Vu Doll"},{"floor":40,"key":"Mercury Hourglass"},{"floor":40,"key":"Vajra"},{"floor":42,"key":"Girya"},{"floor":42,"key":"Kunai"},{"floor":54,"key":"Oddly Smooth Stone"},{"floor":54,"key":"Bag of Marbles"}],"event_choices":[{"cards_removed":["Strike_G"],"damage_healed":0,"gold_gain":0,"player_choice":"Offered Basic","damage_taken":0,"max_hp_gain":0,"max_hp_loss":0,"event_name":"Bonfire Elementals","floor":2,"gold_loss":0},{"damage_healed":23,"gold_gain":0,"player_choice":"Banana","damage_taken":0,"max_hp_gain":0,"max_hp_loss":0,"event_name":"Big Fish","floor":12,"gold_loss":0},{"damage_healed":0,"gold_gain":0,"player_choice":"Fought Bandits","damage_taken":0,"max_hp_gain":0,"max_hp_loss":0,"event_name":"Masked Bandits","floor":19,"gold_loss":0},{"damage_healed":0,"gold_gain":0,"player_choice":"Opened","damage_taken":0,"relics_obtained":["War Paint"],"max_hp_gain":0,"max_hp_loss":0,"event_name":"The Mausoleum","floor":31,"gold_loss":0,"cards_obtained":["Writhe"]},{"damage_healed":0,"gold_gain":0,"player_choice":"Fight","damage_taken":0,"max_hp_gain":0,"max_hp_loss":0,"event_name":"MindBloom","floor":36,"gold_loss":0},{"damage_healed":0,"gold_gain":0,"player_choice":"Memory 1","damage_taken":0,"max_hp_gain":0,"max_hp_loss":0,"event_name":"SensoryStone","floor":38,"gold_loss":0},{"damage_healed":0,"gold_gain":222,"player_choice":"Wore Mask","damage_taken":0,"max_hp_gain":0,"max_hp_loss":0,"event_name":"Tomb of Lord Red Mask","floor":47,"gold_loss":0}],"is_beta":false,"boss_relics":[{"not_picked":["Lizard Tail","Runic Dome"],"picked":"Philosopher\u0027s Stone"},{"not_picked":["Velvet Choker","Coffee Dripper"],"picked":"Black Star"}],"items_purged_floors":[],"is_endless":false,"potions_floor_spawned":[1,5,8,13,16,18,21,24,33,39,42,44,45,48],"killed_by":"The Heart","ascension_level":1}