{"gold_per_floor":[110,110,110,110,129,129,160,173,173,183,49,80,80,80,80,182,182,199,219,234,4,21,21,33,33,33,44,57,57,75,87,87,87],"floor_reached":33,"playtime":2467,"items_purged":[],"score":263,"play_id":"9d03e995-f0a6-43f3-9891-70891776c8b5","local_time":"20190719153820","is_ascension_mode":false,"campfire_choices":[{"data":"Hello World","floor":6,"key":"SMITH"},{"floor":13,"key":"REST"},{"floor":15,"key":"REST"},{"data":"Rainbow","floor":23,"key":"SMITH"},{"data":"Electrodynamics","floor":25,"key":"SMITH"},{"data":"Reprogram","floor":29,"key":"SMITH"},{"data":"Go for the Eyes","floor":32,"key":"SMITH"}],"neow_cost":"NONE","seed_source_timestamp":39750244299951,"circlet_count":0,"master_deck":["Defend_B","Defend_B+1","Defend_B","Zap","Dualcast","Genetic Algorithm","Cold Snap+1","Hello World+1","Darkness","Go for the Eyes+1","Electrodynamics+1","Gash","Tempest","Coolheaded","Rainbow+1","Fusion+1","Consume+1","Sweeping Beam+1","FTL","Aggregate","Sweeping Beam+1","Leap","Redo+1","Reprogram+1","Conserve Battery","Reinforced Body","Darkness","Amplify"],"relics":["Cracked Core","Regal Pillow","Bag of Marbles","Mercury Hourglass","Astrolabe","Toy Ornithopter","Bottled Tornado"],"potions_floor_usage":[27,28,28,33,33],"damage_taken":[{"damage":0,"enemies":"2 Louse","floor":1,"turns":3},{"damage":2,"enemies":"Small Slimes","floor":4,"turns":4},{"damage":1,"enemies":"Jaw Worm","floor":5,"turns":3},{"damage":42,"enemies":"Gremlin Nob","floor":7,"turns":5},{"damage":5,"enemies":"2 Fungi Beasts","floor":8,"turns":4},{"damage":5,"enemies":"Exordium Thugs","floor":10,"turns":3},{"damage":15,"enemies":"Lagavulin","floor":12,"turns":6},{"damage":9,"enemies":"Slime Boss","floor":16,"turns":7},{"damage":18,"enemies":"2 Thieves","floor":18,"turns":3},{"damage":0,"enemies":"Chosen","floor":19,"turns":5},{"damage":9,"enemies":"Snecko","floor":20,"turns":4},{"damage":10,"enemies":"Snake Plant","floor":22,"turns":4},{"damage":0,"enemies":"3 Cultists","floor":24,"turns":2},{"damage":10,"enemies":"Snecko","floor":27,"turns":4},{"damage":0,"enemies":"Snake Plant","floor":28,"turns":2},{"damage":22,"enemies":"Centurion and Healer","floor":30,"turns":4},{"damage":4,"enemies":"Snecko","floor":31,"turns":4},{"damage":37,"enemies":"Champ","floor":33,"turns":11}],"seed_played":"-8010683167919853613","potions_obtained":[{"floor":7,"key":"AttackPotion"},{"floor":10,"key":"SkillPotion"},{"floor":18,"key":"Weak Potion"},{"floor":24,"key":"AttackPotion"},{"floor":30,"key":"Strength Potion"},{"floor":31,"key":"Poison Potion"}],"is_trial":false,"path_per_floor":["M","?","?","M","M","R","E","M","T","M","$","E","R","?","R","B",null,"M","M","M","$","M","R","M","R","T","M","M","R","M","M","R","B"],"character_chosen":"DEFECT","items_purchased":["Gash","Tempest","Toy Ornithopter","Leap"],"campfire_rested":2,"item_purchase_floors":[11,11,21,21],"current_hp_per_floor":[82,75,75,73,72,72,30,25,25,20,20,5,44,28,67,58,82,64,64,55,55,45,45,45,45,45,40,50,50,28,24,24,0],"gold":87,"neow_bonus":"TEN_PERCENT_HP_BONUS","is_prod":false,"is_daily":false,"chose_seed":false,"campfire_upgraded":5,"win_rate":0.0,"timestamp":1563543500,"path_taken":["M","?","?","M","M","R","E","M","T","?","$","E","R","?","R","BOSS","M","M","M","$","M","R","M","R","T","M","M","R","M","M","R","BOSS"],"build_version":"2019-07-05","purchased_purges":0,"victory":false,"max_hp_per_floor":[82,82,82,82,82,82,82,82,82,82,82,82,82,82,82,82,82,82,82,82,82,82,82,82,82,82,82,82,82,82,82,82,82],"card_choices":[{"not_picked":["Steam","Beam Cell"],"picked":"Genetic Algorithm","floor":1},{"not_picked":["Go for the Eyes","Force Field"],"picked":"Cold Snap","floor":4},{"not_picked":["Multi-Cast","Gash"],"picked":"Hello World","floor":5},{"not_picked":["Cold Snap","Conserve Battery"],"picked":"Darkness","floor":7},{"not_picked":["Beam Cell","Redo"],"picked":"Go for the Eyes","floor":8},{"not_picked":["Redo","Lockon"],"picked":"Electrodynamics","floor":10},{"not_picked":["Darkness","Undo"],"picked":"Coolheaded","floor":12},{"not_picked":["Multi-Cast","Fission"],"picked":"Rainbow","floor":16},{"not_picked":["Hologram","Cold Snap"],"picked":"FTL","floor":18},{"not_picked":["Rebound","Conserve Battery"],"picked":"Aggregate","floor":19},{"not_picked":["Coolheaded","Skim"],"picked":"Sweeping Beam+1","floor":20},{"not_picked":["Chaos","Reprogram"],"picked":"Redo+1","floor":22},{"not_picked":["Conserve Battery","Gash"],"picked":"Reprogram","floor":24},{"not_picked":["Beam Cell","Compile Driver"],"picked":"Conserve Battery","floor":27},{"not_picked":["Melter","Gash"],"picked":"Reinforced Body","floor":28},{"not_picked":["Barrage","Conserve Battery+1"],"picked":"Darkness","floor":30},{"not_picked":["Sweeping Beam","Steam"],"picked":"Amplify","floor":31}],"player_experience":19346,"relics_obtained":[{"floor":7,"key":"Regal Pillow"},{"floor":9,"key":"Bag of Marbles"},{"floor":12,"key":"Mercury Hourglass"},{"floor":26,"key":"Bottled Tornado"}],"event_choices":[{"cards_removed":["Strike_B"],"damage_healed":0,"gold_gain":0,"player_choice":"Card Removal","damage_taken":7,"max_hp_gain":0,"max_hp_loss":0,"event_name":"Golden Wing","floor":2,"gold_loss":0},{"cards_removed":["Strike_B"],"damage_healed":0,"gold_gain":0,"player_choice":"Forget","damage_taken":0,"max_hp_gain":0,"max_hp_loss":0,"event_name":"Living Wall","floor":3,"gold_loss":0},{"damage_healed":0,"gold_gain":0,"player_choice":"Entered Light","damage_taken":16,"max_hp_gain":0,"max_hp_loss":0,"event_name":"Shining Light","floor":14,"gold_loss":0,"cards_upgraded":["Defend_B","Cold Snap"]}],"is_beta":false,"boss_relics":[{"not_picked":["Orrery","Runic Dome"],"picked":"Astrolabe"}],"items_purged_floors":[],"is_endless":false,"potions_floor_spawned":[4,7,10,18,20,24,30,31],"killed_by":"Champ","ascension_level":0}