{"gold_per_floor":[117,117,135,146,146,173,173,17,17,33,52,66,81,97,97,192,192,210,221,221,237,249,249,181,193,218,218,231,231,156,171,171,171],"floor_reached":33,"playtime":1952,"items_purged":[],"score":255,"play_id":"6802b89e-6587-402d-bad0-9aeaafefe668","local_time":"20190708182919","is_ascension_mode":false,"campfire_choices":[{"floor":7,"key":"DIG"},{"data":"Armaments","floor":15,"key":"SMITH"},{"floor":23,"key":"DIG"},{"floor":29,"key":"DIG"},{"floor":32,"key":"DIG"}],"neow_cost":"NONE","seed_source_timestamp":6319151614322,"circlet_count":0,"master_deck":["Strike_R","Strike_R","Strike_R","Strike_R","Defend_R","Defend_R","Defend_R","Defend_R","Bash","Anger","Anger","Clash","Armaments+1","Double Tap+1","Battle Trance","Armaments+1","Metallicize+1","Fire Breathing"],"relics":["Burning Blood","NeowsBlessing","Shovel","Matryoshka","Lantern","Red Skull","Bottled Lightning","Sozu","Dream Catcher","Pantograph","Vajra","Omamori","Charon\u0027s Ashes"],"potions_floor_usage":[11,16,16,19,21],"damage_taken":[{"damage":0,"enemies":"Jaw Worm","floor":1,"turns":1},{"damage":0,"enemies":"Cultist","floor":3,"turns":1},{"damage":0,"enemies":"Small Slimes","floor":4,"turns":1},{"damage":16,"enemies":"Gremlin Nob","floor":6,"turns":4},{"damage":6,"enemies":"Gremlin Gang","floor":10,"turns":5},{"damage":3,"enemies":"3 Louse","floor":11,"turns":3},{"damage":1,"enemies":"Lots of Slimes","floor":12,"turns":3},{"damage":2,"enemies":"Blue Slaver","floor":13,"turns":2},{"damage":4,"enemies":"2 Fungi Beasts","floor":14,"turns":3},{"damage":40,"enemies":"The Guardian","floor":16,"turns":7},{"damage":0,"enemies":"Chosen","floor":18,"turns":4},{"damage":17,"enemies":"2 Thieves","floor":19,"turns":4},{"damage":34,"enemies":"Snecko","floor":21,"turns":7},{"damage":27,"enemies":"Centurion and Healer","floor":22,"turns":5},{"damage":7,"enemies":"Chosen and Byrds","floor":25,"turns":4},{"damage":7,"enemies":"3 Cultists","floor":28,"turns":5},{"damage":7,"enemies":"Snake Plant","floor":31,"turns":3},{"damage":78,"enemies":"Automaton","floor":33,"turns":6}],"seed_played":"2279673475912825473","potions_obtained":[{"floor":1,"key":"Swift Potion"},{"floor":3,"key":"BloodPotion"},{"floor":10,"key":"Swift Potion"},{"floor":12,"key":"FearPotion"},{"floor":16,"key":"AttackPotion"}],"is_trial":false,"path_per_floor":["M","?","M","M","?","E","R","$","T","M","M","M","M","M","R","B",null,"M","M","?","M","M","R","$","M","T","?","M","R","?","M","R","B"],"character_chosen":"IRONCLAD","items_purchased":["Lantern","Metallicize"],"campfire_rested":0,"item_purchase_floors":[8,24],"current_hp_per_floor":[80,80,80,80,73,63,63,63,63,63,66,71,75,77,77,43,80,80,69,69,61,40,40,40,39,39,39,38,38,38,37,37,0],"gold":171,"neow_bonus":"THREE_ENEMY_KILL","is_prod":false,"is_daily":false,"chose_seed":false,"campfire_upgraded":1,"win_rate":0.0,"timestamp":1562628559,"path_taken":["M","?","M","M","?","E","R","$","T","M","?","?","M","M","R","BOSS","M","M","?","?","M","R","$","M","T","?","?","R","?","M","R","BOSS"],"build_version":"2019-07-05","purchased_purges":0,"victory":false,"max_hp_per_floor":[80,80,80,80,80,80,80,80,80,80,80,80,80,80,80,80,80,80,80,80,80,80,80,80,80,80,80,80,80,80,80,80,80],"card_choices":[{"not_picked":["Combust","Second Wind"],"picked":"Anger","floor":1},{"not_picked":["Twin Strike","Battle Trance"],"picked":"Anger","floor":3},{"not_picked":["Burning Pact","Seeing Red"],"picked":"Clash","floor":4},{"not_picked":["Flex","Blood for Blood"],"picked":"Armaments","floor":6},{"not_picked":["Second Wind","Combust"],"picked":"Double Tap","floor":10},{"not_picked":["Warcry","Corruption","Twin Strike"],"picked":"SKIP","floor":11},{"not_picked":["Pommel Strike","Anger"],"picked":"Battle Trance","floor":12},{"not_picked":["Clothesline","Dropkick","Sever Soul"],"picked":"SKIP","floor":13},{"not_picked":["True Grit","Seeing Red","Whirlwind"],"picked":"SKIP","floor":14},{"not_picked":["Headbutt","Flex","Intimidate"],"picked":"SKIP","floor":18},{"not_picked":["Flex","Clothesline","Anger"],"picked":"SKIP","floor":19},{"not_picked":["Body Slam+1","Clash+1","Headbutt"],"picked":"SKIP","floor":21},{"not_picked":["Hemokinesis","Flame Barrier","Seeing Red"],"picked":"SKIP","floor":22},{"not_picked":["Entrench","Dual Wield","Sword Boomerang"],"picked":"SKIP","floor":25},{"not_picked":["Clash","Spot Weakness+1"],"picked":"Metallicize+1","floor":28},{"not_picked":["Spot Weakness+1","Dropkick"],"picked":"Fire Breathing","floor":31}],"player_experience":18646,"relics_obtained":[{"floor":6,"key":"Shovel"},{"floor":7,"key":"Matryoshka"},{"floor":9,"key":"Red Skull"},{"floor":9,"key":"Bottled Lightning"},{"floor":23,"key":"Dream Catcher"},{"floor":26,"key":"Pantograph"},{"floor":26,"key":"Vajra"},{"floor":29,"key":"Omamori"},{"floor":32,"key":"Charon\u0027s Ashes"}],"event_choices":[{"damage_healed":0,"gold_gain":0,"cards_transformed":["Strike_R"],"player_choice":"Change","damage_taken":0,"max_hp_gain":0,"max_hp_loss":0,"event_name":"Living Wall","floor":2,"gold_loss":0,"cards_obtained":["Fiend Fire"]},{"cards_removed":["Fiend Fire"],"damage_healed":0,"gold_gain":0,"player_choice":"Card Removal","damage_taken":7,"max_hp_gain":0,"max_hp_loss":0,"event_name":"Golden Wing","floor":5,"gold_loss":0},{"damage_healed":0,"gold_gain":0,"player_choice":"Forge","damage_taken":0,"max_hp_gain":0,"max_hp_loss":0,"event_name":"Accursed Blacksmith","floor":20,"gold_loss":0,"cards_upgraded":["Double Tap"]},{"damage_healed":0,"gold_gain":0,"player_choice":"Copied","damage_taken":0,"max_hp_gain":0,"max_hp_loss":0,"event_name":"Duplicator","floor":27,"gold_loss":0,"cards_obtained":["Armaments"]},{"cards_removed":["Metallicize"],"damage_healed":0,"gold_gain":0,"player_choice":"Gave Gold","damage_taken":0,"max_hp_gain":0,"max_hp_loss":0,"event_name":"Beggar","floor":30,"gold_loss":75}],"is_beta":false,"boss_relics":[{"not_picked":["Tiny House","Lizard Tail"],"picked":"Sozu"}],"items_purged_floors":[],"is_endless":false,"potions_floor_spawned":[1,3,10,12,13,16,19,21,25,28],"killed_by":"Automaton","ascension_level":0}