{"gold_per_floor":[362,372,389,389,28,28,45,45,97,97,97,172,210,160,160,289,289,302,10,34,34,34,34,58,102,102,102,143,143,184,58,58,58],"floor_reached":33,"playtime":3450,"items_purged":["Strike_G","Strike_G","Survivor"],"score":324,"play_id":"6e280af9-be73-4bbb-94d6-6067bfcac130","local_time":"20190711051151","is_ascension_mode":false,"campfire_choices":[{"data":"Neutralize","floor":6,"key":"SMITH"},{"data":"Terror","floor":11,"key":"SMITH"},{"floor":15,"key":"REST"},{"data":"Adrenaline","floor":27,"key":"SMITH"},{"data":"Well Laid Plans","floor":32,"key":"SMITH"}],"neow_cost":"TEN_PERCENT_HP_LOSS","seed_source_timestamp":46913852087271,"circlet_count":0,"master_deck":["Strike_G+1","Strike_G+1","Strike_G+1","Defend_G+1","Defend_G+1","Defend_G+1","Neutralize+1","Slice","After Image+1","Flying Knee","Flying Knee","Dagger Spray","Backflip","Terror+1","Outmaneuver","Adrenaline+1","Quick Slash+1","Slice","Good Instincts","Outmaneuver","Predator","Cloak And Dagger","PiercingWail","Well Laid Plans+1","Deflect","Backflip","Cloak And Dagger"],"relics":["Ring of the Snake","Juzu Bracelet","Ancient Tea Set","Bag of Preparation","Golden Idol","Ornamental Fan","Black Star","Oddly Smooth Stone","Pen Nib","Anchor","Smiling Mask","Bottled Tornado","Vajra","Potion Belt"],"potions_floor_usage":[7,16,28,30,30,33],"damage_taken":[{"damage":2,"enemies":"Cultist","floor":1,"turns":6},{"damage":5,"enemies":"Jaw Worm","floor":2,"turns":4},{"damage":0,"enemies":"2 Louse","floor":3,"turns":2},{"damage":17,"enemies":"Exordium Thugs","floor":7,"turns":4},{"damage":9,"enemies":"3 Sentries","floor":13,"turns":6},{"damage":18,"enemies":"Slime Boss","floor":16,"turns":10},{"damage":0,"enemies":"Chosen","floor":18,"turns":4},{"damage":2,"enemies":"2 Thieves","floor":20,"turns":4},{"damage":6,"enemies":"Chosen and Byrds","floor":24,"turns":6},{"damage":5,"enemies":"Book of Stabbing","floor":25,"turns":6},{"damage":0,"enemies":"Gremlin Leader","floor":28,"turns":5},{"damage":19,"enemies":"Slavers","floor":30,"turns":6},{"damage":38,"enemies":"Collector","floor":33,"turns":6}],"seed_played":"3855055414285588630","potions_obtained":[{"floor":2,"key":"Regen Potion"},{"floor":13,"key":"Regen Potion"},{"floor":16,"key":"Explosive Potion"},{"floor":18,"key":"SpeedPotion"},{"floor":25,"key":"Swift Potion"},{"floor":28,"key":"Regen Potion"}],"is_trial":false,"path_per_floor":["M","M","M","?","$","R","M","?","T","?","R","?","E","?","R","B",null,"M","$","M","?","?","?","M","E","T","R","E","?","E","$","R","B"],"character_chosen":"THE_SILENT","items_purchased":["Flying Knee","Dagger Spray","Backflip","Juzu Bracelet","Slice","Good Instincts","Outmaneuver","Backflip","Cloak And Dagger"],"campfire_rested":1,"item_purchase_floors":[5,5,5,5,19,19,19,31,31],"current_hp_per_floor":[61,56,56,56,56,56,51,39,39,39,39,28,19,19,36,33,58,58,58,56,56,56,56,50,45,45,45,45,45,41,41,41,3],"gold":58,"neow_bonus":"TWO_FIFTY_GOLD","is_prod":false,"is_daily":false,"chose_seed":false,"campfire_upgraded":4,"win_rate":0.0,"timestamp":1562839911,"path_taken":["M","M","M","?","$","R","M","?","T","?","R","?","E","?","R","BOSS","M","$","M","?","?","?","M","E","T","R","E","?","E","?","R","BOSS"],"build_version":"2019-07-05","purchased_purges":3,"victory":false,"max_hp_per_floor":[63,63,63,63,63,63,63,63,63,58,58,58,58,58,58,58,58,58,58,58,58,58,58,58,58,58,58,58,58,58,58,58,58],"card_choices":[{"not_picked":["Bane","Blade Dance"],"picked":"Slice","floor":1},{"not_picked":["Quick Slash","Bane"],"picked":"After Image","floor":2},{"not_picked":["Quick Slash","PiercingWail"],"picked":"Flying Knee","floor":3},{"not_picked":["Blur","Deadly Poison"],"picked":"Terror","floor":7},{"not_picked":["All Out Attack","Acrobatics"],"picked":"Outmaneuver","floor":13},{"not_picked":["Tools of the Trade","Phantasmal Killer"],"picked":"Adrenaline","floor":16},{"not_picked":["Escape Plan","Skewer"],"picked":"Quick Slash+1","floor":18},{"not_picked":["Bane","Prepared"],"picked":"Predator","floor":20},{"not_picked":["Dagger Throw","Prepared"],"picked":"Cloak And Dagger","floor":24},{"not_picked":["Slice","Poisoned Stab"],"picked":"PiercingWail","floor":25},{"not_picked":["Blade Dance","Infinite Blades"],"picked":"Well Laid Plans","floor":28},{"not_picked":["Dagger Throw","Dodge and Roll"],"picked":"Deflect","floor":30}],"player_experience":102559,"relics_obtained":[{"floor":9,"key":"Bag of Preparation"},{"floor":13,"key":"Ornamental Fan"},{"floor":25,"key":"Oddly Smooth Stone"},{"floor":25,"key":"Pen Nib"},{"floor":26,"key":"Anchor"},{"floor":28,"key":"Smiling Mask"},{"floor":28,"key":"Bottled Tornado"},{"floor":30,"key":"Vajra"},{"floor":30,"key":"Potion Belt"}],"event_choices":[{"damage_healed":0,"gold_gain":0,"player_choice":"Grow","damage_taken":0,"max_hp_gain":0,"max_hp_loss":0,"event_name":"Living Wall","floor":4,"gold_loss":0,"cards_upgraded":["After Image"]},{"damage_healed":0,"gold_gain":0,"player_choice":"Success","damage_taken":12,"relics_obtained":["Ancient Tea Set"],"max_hp_gain":0,"max_hp_loss":0,"event_name":"Scrap Ooze","floor":8,"gold_loss":0},{"damage_healed":0,"gold_gain":0,"player_choice":"Lose Max HP","damage_taken":0,"relics_obtained":["Golden Idol"],"max_hp_gain":0,"max_hp_loss":5,"event_name":"Golden Idol","floor":10,"gold_loss":0},{"damage_healed":0,"gold_gain":75,"player_choice":"Gather Gold","damage_taken":11,"max_hp_gain":0,"max_hp_loss":0,"event_name":"World of Goop","floor":12,"gold_loss":0},{"cards_removed":["Defend_G"],"damage_healed":0,"gold_gain":0,"player_choice":"Card Removal","damage_taken":0,"max_hp_gain":0,"max_hp_loss":0,"event_name":"The Cleric","floor":14,"gold_loss":50},{"damage_healed":0,"gold_gain":0,"player_choice":"Ignored","damage_taken":0,"max_hp_gain":0,"max_hp_loss":0,"event_name":"Ghosts","floor":21,"gold_loss":0},{"damage_healed":0,"gold_gain":0,"player_choice":"Simplicity","damage_taken":0,"max_hp_gain":0,"max_hp_loss":0,"event_name":"Back to Basics","floor":22,"gold_loss":0,"cards_upgraded":["Strike_G","Strike_G","Strike_G","Defend_G","Defend_G","Defend_G","Defend_G"]},{"cards_removed":["Defend_G"],"damage_healed":0,"gold_gain":0,"player_choice":"Purged","damage_taken":0,"max_hp_gain":0,"max_hp_loss":0,"event_name":"Purifier","floor":23,"gold_loss":0},{"damage_healed":0,"gold_gain":0,"player_choice":"Ignored","damage_taken":0,"max_hp_gain":0,"max_hp_loss":0,"event_name":"NoteForYourself","floor":29,"gold_loss":0}],"is_beta":false,"boss_relics":[{"not_picked":["Fusion Hammer","Runic Pyramid"],"picked":"Black Star"}],"items_purged_floors":[5,19,31],"is_endless":false,"potions_floor_spawned":[2,13,16,18,25,28],"killed_by":"Collector","ascension_level":0}