{"gold_per_floor":[109,125,85,97,108,108,119,133,133,151,163,173,173,200,200,200],"floor_reached":16,"playtime":1124,"items_purged":[],"score":108,"play_id":"d955f2c6-43ea-409f-bb11-cef348fef6c6","local_time":"20190717124701","is_ascension_mode":false,"campfire_choices":[{"floor":6,"key":"REST"},{"floor":13,"key":"REST"},{"floor":15,"key":"REST"}],"neow_cost":"","seed_source_timestamp":217353088843187,"circlet_count":0,"master_deck":["Strike_R","Strike_R","Strike_R","Strike_R","Strike_R","Defend_R","Defend_R","Defend_R","Defend_R","Bash","Twin Strike","Metallicize","Bloodletting","Cleave","Headbutt","Headbutt","Combust","Twin Strike","Rage","Second Wind"],"relics":["Burning Blood","Pantograph","Frozen Egg 2"],"potions_floor_usage":[12,12,12,16],"damage_taken":[{"damage":5,"enemies":"2 Louse","floor":1,"turns":3},{"damage":1,"enemies":"Cultist","floor":2,"turns":3},{"damage":12,"enemies":"Small Slimes","floor":4,"turns":2},{"damage":12,"enemies":"3 Louse","floor":5,"turns":4},{"damage":6,"enemies":"2 Fungi Beasts","floor":7,"turns":3},{"damage":21,"enemies":"Gremlin Gang","floor":8,"turns":4},{"damage":14,"enemies":"3 Louse","floor":10,"turns":4},{"damage":15,"enemies":"2 Fungi Beasts","floor":11,"turns":4},{"damage":0,"enemies":"Looter","floor":12,"turns":1},{"damage":25,"enemies":"3 Sentries","floor":14,"turns":5},{"damage":82,"enemies":"The Guardian","floor":16,"turns":10}],"seed_played":"689214129210390664","potions_obtained":[{"floor":4,"key":"Strength Potion"},{"floor":5,"key":"Strength Potion"},{"floor":8,"key":"Fire Potion"},{"floor":14,"key":"FearPotion"}],"is_trial":false,"path_per_floor":["M","M","?","M","M","R","M","M","T","M","M","M","R","E","R","B"],"character_chosen":"IRONCLAD","items_purchased":[],"campfire_rested":3,"item_purchase_floors":[],"current_hp_per_floor":[80,80,80,74,68,80,80,65,65,57,48,54,78,59,80,0],"gold":200,"neow_bonus":"","is_prod":false,"is_daily":false,"chose_seed":false,"campfire_upgraded":0,"win_rate":0.0,"timestamp":1563382021,"path_taken":["M","M","?","M","M","R","M","M","T","M","M","M","R","E","R","BOSS"],"build_version":"2019-07-05","purchased_purges":0,"victory":false,"max_hp_per_floor":[80,80,80,80,80,80,80,80,80,80,80,80,80,80,80,80],"card_choices":[{"not_picked":["Body Slam","Clash"],"picked":"Twin Strike","floor":1},{"not_picked":["Disarm","Body Slam"],"picked":"Metallicize","floor":2},{"not_picked":["Headbutt","Armaments"],"picked":"Bloodletting","floor":4},{"not_picked":["Twin Strike","Body Slam"],"picked":"Cleave","floor":5},{"not_picked":["Uppercut","Hemokinesis"],"picked":"Headbutt","floor":7},{"not_picked":["True Grit","Clash"],"picked":"Headbutt","floor":8},{"not_picked":["Rupture","Dropkick"],"picked":"Combust","floor":10},{"not_picked":["Reckless Charge","Power Through"],"picked":"Twin Strike","floor":11},{"not_picked":["Clothesline","Pommel Strike"],"picked":"Rage","floor":12},{"not_picked":["Body Slam","Intimidate"],"picked":"Second Wind","floor":14}],"player_experience":0,"relics_obtained":[{"floor":9,"key":"Pantograph"},{"floor":14,"key":"Frozen Egg 2"}],"event_choices":[{"damage_healed":0,"gold_gain":0,"player_choice":"Bought 3 Potions","damage_taken":0,"max_hp_gain":0,"max_hp_loss":0,"event_name":"The Woman in Blue","floor":3,"gold_loss":0}],"is_beta":false,"boss_relics":[],"items_purged_floors":[],"is_endless":false,"potions_floor_spawned":[4,5,8,11,14],"killed_by":"The Guardian","ascension_level":0}