{"gold_per_floor":[116,126,143,42,42,77,91,91,114,132,207,207,9,23,23,126,126,144,157,157,11,30,30,40,40,120,120,133,133,8,24,24,24],"floor_reached":33,"playtime":1066,"items_purged":["Dualcast","Strike_B","Shame"],"score":249,"play_id":"de6f8f18-7fcc-4114-9698-a37f4cfbf473","local_time":"20190721230332","is_ascension_mode":false,"campfire_choices":[{"floor":8,"key":"REST"},{"data":"Zap","floor":12,"key":"SMITH"},{"data":"Madness","floor":15,"key":"SMITH"},{"floor":23,"key":"REST"},{"floor":25,"key":"REST"},{"floor":27,"key":"REST"},{"floor":32,"key":"REST"}],"neow_cost":"NONE","seed_source_timestamp":600003872314429,"circlet_count":0,"master_deck":["Strike_B","Defend_B","Defend_B","Defend_B","Defend_B","Zap+1","Leap","Sweeping Beam","Turbo+1","Hologram","Rebound","Scrape","Go for the Eyes","Madness+1","Streamline","Machine Learning","Double Energy+1","Beam Cell","Capacitor","Rebound","Beam Cell+1","Scrape","Streamline+1","Turbo","Gash","FTL"],"relics":["Cracked Core","NeowsBlessing","Dream Catcher","Oddly Smooth Stone","Sozu","Bronze Scales","Blue Candle","Happy Flower"],"potions_floor_usage":[6,10,14,16],"damage_taken":[{"damage":0,"enemies":"Jaw Worm","floor":1,"turns":1},{"damage":0,"enemies":"2 Louse","floor":2,"turns":1},{"damage":0,"enemies":"Small Slimes","floor":3,"turns":1},{"damage":31,"enemies":"3 Sentries","floor":6,"turns":7},{"damage":5,"enemies":"Looter","floor":7,"turns":4},{"damage":2,"enemies":"Gremlin Gang","floor":10,"turns":4},{"damage":0,"enemies":"Large Slime","floor":14,"turns":3},{"damage":40,"enemies":"Hexaghost","floor":16,"turns":10},{"damage":13,"enemies":"Spheric Guardian","floor":18,"turns":5},{"damage":3,"enemies":"Shell Parasite","floor":19,"turns":4},{"damage":33,"enemies":"Cultist and Chosen","floor":22,"turns":7},{"damage":31,"enemies":"Centurion and Healer","floor":24,"turns":5},{"damage":14,"enemies":"Snake Plant","floor":28,"turns":4},{"damage":29,"enemies":"Sentry and Sphere","floor":31,"turns":5},{"damage":51,"enemies":"Champ","floor":33,"turns":7}],"seed_played":"8172625172650019583","potions_obtained":[{"floor":3,"key":"Energy Potion"},{"floor":6,"key":"Weak Potion"},{"floor":10,"key":"Explosive Potion"},{"floor":14,"key":"Regen Potion"}],"is_trial":false,"path_per_floor":["M","M","M","$","?","E","M","R","T","M","?","R","$","M","R","B",null,"M","M","?","$","M","R","M","R","T","R","M","?","$","M","R","B"],"character_chosen":"DEFECT","items_purchased":["Hologram","Madness","Bronze Scales"],"campfire_rested":5,"item_purchase_floors":[4,13,21],"current_hp_per_floor":[75,75,75,75,75,44,39,61,61,59,48,48,48,48,48,13,75,62,59,59,59,26,48,17,39,39,61,47,47,47,18,40,0],"gold":24,"neow_bonus":"THREE_ENEMY_KILL","is_prod":false,"is_daily":false,"chose_seed":false,"campfire_upgraded":2,"win_rate":0.0,"timestamp":1563764612,"path_taken":["M","M","M","$","?","E","M","R","T","M","?","R","?","M","R","BOSS","M","M","?","$","M","R","M","R","T","R","M","?","$","M","R","BOSS"],"build_version":"2019-07-17","purchased_purges":3,"victory":false,"max_hp_per_floor":[75,75,75,75,75,75,75,75,75,75,75,75,75,75,75,75,75,75,75,75,75,75,75,75,75,75,75,75,75,75,75,75,75],"card_choices":[{"not_picked":["Ball Lightning","Static Discharge"],"picked":"Leap","floor":1},{"not_picked":["Beam Cell","Blizzard"],"picked":"Sweeping Beam","floor":2},{"not_picked":["Recycle","Hologram"],"picked":"Turbo","floor":3},{"not_picked":["Force Field","Leap"],"picked":"Rebound","floor":6},{"not_picked":["Darkness","Consume"],"picked":"Scrape","floor":7},{"not_picked":["Conserve Battery","Hologram"],"picked":"Go for the Eyes","floor":10},{"not_picked":["Go for the Eyes","Compile Driver"],"picked":"Streamline","floor":14},{"not_picked":["Meteor Strike","Fission"],"picked":"Machine Learning","floor":16},{"not_picked":["Barrage","Streamline"],"picked":"Double Energy+1","floor":18},{"not_picked":["Glacier","Blizzard+1"],"picked":"Beam Cell","floor":19},{"not_picked":["Hologram","Rip and Tear+1"],"picked":"Beam Cell+1","floor":22},{"not_picked":["Barrage","Coolheaded"],"picked":"Scrape","floor":24},{"not_picked":["Heatsinks+1","Ball Lightning+1"],"picked":"Streamline+1","floor":25},{"not_picked":["Rebound+1","Leap+1"],"picked":"Turbo","floor":27},{"not_picked":["Compile Driver","Loop","Coolheaded"],"picked":"SKIP","floor":28},{"not_picked":["Beam Cell","Multi-Cast"],"picked":"Gash","floor":31},{"not_picked":["Conserve Battery","Barrage"],"picked":"FTL","floor":32}],"player_experience":96188,"relics_obtained":[{"floor":6,"key":"Dream Catcher"},{"floor":9,"key":"Oddly Smooth Stone"},{"floor":26,"key":"Blue Candle"}],"event_choices":[{"damage_healed":0,"gold_gain":0,"player_choice":"Grow","damage_taken":0,"max_hp_gain":0,"max_hp_loss":0,"event_name":"Living Wall","floor":5,"gold_loss":0,"cards_upgraded":["Turbo"]},{"damage_healed":0,"gold_gain":75,"player_choice":"Gather Gold","damage_taken":11,"max_hp_gain":0,"max_hp_loss":0,"event_name":"World of Goop","floor":11,"gold_loss":0},{"damage_healed":0,"gold_gain":0,"cards_transformed":["Strike_B","Strike_B"],"player_choice":"Became Test Subject","damage_taken":0,"max_hp_gain":0,"max_hp_loss":0,"event_name":"Drug Dealer","floor":20,"gold_loss":0,"cards_obtained":["Capacitor","Rebound"]},{"damage_healed":0,"gold_gain":0,"player_choice":"Stole Relic","damage_taken":0,"relics_obtained":["Happy Flower"],"max_hp_gain":0,"max_hp_loss":0,"event_name":"Addict","floor":29,"gold_loss":0,"cards_obtained":["Shame"]}],"is_beta":false,"boss_relics":[{"not_picked":["Tiny House","Runic Pyramid"],"picked":"Sozu"}],"items_purged_floors":[4,13,30],"is_endless":false,"potions_floor_spawned":[3,6,10,14,18,19,31],"killed_by":"Champ","ascension_level":0}