{"gold_per_floor":[109,109,34,34,48,48,81,106,190,213,245,275,287,311,323,335],"floor_reached":16,"playtime":402,"items_purged":["Dualcast"],"score":129,"play_id":"4ee0837b-bbb7-4160-bbc0-b58b02a24d6b","local_time":"20190724121020","is_ascension_mode":false,"campfire_choices":[{"floor":6,"key":"RECALL"},{"data":"Zap","floor":15,"key":"SMITH"}],"neow_cost":"NONE","seed_source_timestamp":157689669169224,"circlet_count":0,"master_deck":["Strike_B","Strike_B","Strike_B","Defend_B+1","Defend_B","Defend_B","Defend_B","Zap+1","Sweeping Beam+1","Strike_G","Gash","Conserve Battery","Turbo","Beam Cell","Turbo","Go for the Eyes"],"relics":["Cracked Core","NeowsBlessing","MawBank"],"potions_floor_usage":[12,12,16],"damage_taken":[{"damage":0,"enemies":"Small Slimes","floor":1,"turns":1},{"damage":0,"enemies":"2 Louse","floor":5,"turns":1},{"damage":0,"enemies":"Gremlin Nob","floor":7,"turns":1},{"damage":0,"enemies":"Cultist","floor":8,"turns":3},{"damage":5,"enemies":"Looter","floor":10,"turns":3},{"damage":0,"enemies":"Exordium Wildlife","floor":11,"turns":4},{"damage":0,"enemies":"3 Louse","floor":12,"turns":1},{"damage":12,"enemies":"Blue Slaver","floor":14,"turns":4},{"damage":62,"enemies":"The Guardian","floor":16,"turns":13}],"seed_played":"-2103212631136159233","potions_obtained":[{"floor":1,"key":"Poison Potion"},{"floor":7,"key":"EssenceOfSteel"},{"floor":8,"key":"Fire Potion"},{"floor":10,"key":"Fire Potion"},{"floor":14,"key":"FairyPotion"}],"is_trial":false,"path_per_floor":["M","?","$","?","M","R","E","M","T","M","M","M","$","M","R","B"],"character_chosen":"DEFECT","items_purchased":[],"campfire_rested":0,"item_purchase_floors":[],"current_hp_per_floor":[75,60,60,60,60,60,60,60,60,55,55,55,55,43,43,0],"gold":335,"neow_bonus":"THREE_ENEMY_KILL","is_prod":false,"is_daily":false,"chose_seed":false,"campfire_upgraded":1,"win_rate":0,"timestamp":1563984620,"path_taken":["M","?","$","?","M","R","E","M","T","M","?","M","$","M","R","BOSS"],"build_version":"2019-07-17","purchased_purges":1,"victory":false,"max_hp_per_floor":[75,75,75,75,75,75,75,75,75,75,75,75,75,75,75,75],"card_choices":[{"not_picked":["Compile Driver","Hologram"],"picked":"Sweeping Beam","floor":1},{"not_picked":["Undo","Go for the Eyes"],"picked":"Gash","floor":5},{"not_picked":["Ball Lightning","Thunder Strike"],"picked":"Conserve Battery","floor":7},{"not_picked":["Reinforced Body","Loop","Ball Lightning"],"picked":"SKIP","floor":8},{"not_picked":["Heatsinks","Streamline"],"picked":"Turbo","floor":10},{"not_picked":["Doom and Gloom","Rebound"],"picked":"Beam Cell","floor":11},{"not_picked":["Echo Form","Stack"],"picked":"Turbo","floor":12},{"not_picked":["Stack","Leap"],"picked":"Go for the Eyes","floor":14}],"player_experience":123835,"relics_obtained":[{"floor":7,"key":"MawBank"}],"event_choices":[{"damage_healed":0,"gold_gain":0,"player_choice":"Entered Light","damage_taken":15,"max_hp_gain":0,"max_hp_loss":0,"event_name":"Shining Light","floor":2,"gold_loss":0,"cards_upgraded":["Sweeping Beam","Defend_B"]},{"cards_removed":["Strike_B"],"damage_healed":0,"gold_gain":0,"player_choice":"Took Card","damage_taken":0,"max_hp_gain":0,"max_hp_loss":0,"event_name":"NoteForYourself","floor":4,"gold_loss":0,"cards_obtained":["Strike_G"]}],"is_beta":false,"boss_relics":[],"items_purged_floors":[3],"is_endless":false,"potions_floor_spawned":[1,7,8,10,14],"killed_by":"The Guardian","ascension_level":0}