{"gold_per_floor":[118,293,2,2,77,110,110,110,134,84,84,98,98,109,109,205,205,217,217,48,50,50,50,50,50,50,64,164,164,164,177,177,177],"floor_reached":33,"playtime":2933,"items_purged":["Strike_R","Defend_R"],"score":264,"play_id":"299dfb6c-d8a3-4db4-8593-ba816df89f58","local_time":"20190723023439","is_ascension_mode":false,"campfire_choices":[{"data":"True Grit","floor":7,"key":"SMITH"},{"data":"Evolve","floor":15,"key":"SMITH"},{"data":"Bash","floor":29,"key":"SMITH"},{"floor":32,"key":"REST"}],"neow_cost":"NONE","seed_source_timestamp":21978820950200,"circlet_count":0,"master_deck":["Strike_R","Defend_R","Defend_R","Defend_R","Bash+1","Shrug It Off","True Grit+1","Iron Wave","Wild Strike","Evolve+1","Feed","Carnage","RitualDagger","Feel No Pain","Iron Wave","Necronomicurse","Clash","Fire Breathing"],"relics":["Burning Blood","NeowsBlessing","ClockworkSouvenir","Bottled Flame","Juzu Bracelet","Incense Burner","Bird Faced Urn","Philosopher\u0027s Stone","Necronomicon","Dodecahedron"],"potions_floor_usage":[16,33,33],"damage_taken":[{"damage":0,"enemies":"Jaw Worm","floor":1,"turns":1},{"damage":0,"enemies":"Lagavulin","floor":6,"turns":1},{"damage":0,"enemies":"2 Louse","floor":12,"turns":1},{"damage":0,"enemies":"Cultist","floor":14,"turns":4},{"damage":47,"enemies":"Slime Boss","floor":16,"turns":19},{"damage":10,"enemies":"Spheric Guardian","floor":18,"turns":10},{"damage":3,"enemies":"2 Thieves","floor":21,"turns":4},{"damage":13,"enemies":"3 Cultists","floor":27,"turns":5},{"damage":12,"enemies":"Sentry and Sphere","floor":31,"turns":5},{"damage":104,"enemies":"Champ","floor":33,"turns":9}],"seed_played":"-6422793051259724279","potions_obtained":[{"floor":12,"key":"FearPotion"},{"floor":18,"key":"Ancient Potion"},{"floor":21,"key":"SpeedPotion"}],"is_trial":false,"path_per_floor":["?","?","?","?","?","T","?","?","?","?","?","?","?"],"character_chosen":"IRONCLAD","items_purchased":["True Grit","ClockworkSouvenir","Feel No Pain"],"campfire_rested":1,"item_purchase_floors":[3,3,20],"current_hp_per_floor":[80,80,80,80,69,75,75,68,68,68,68,74,49,55,55,16,80,78,72,72,82,82,66,66,66,66,61,61,61,61,57,81,0],"gold":177,"neow_bonus":"THREE_ENEMY_KILL","is_prod":false,"is_daily":false,"chose_seed":false,"campfire_upgraded":3,"win_rate":0.0,"timestamp":1563863679,"path_taken":["M","?","$","?","?","E","R","?","T","?","?","M","?","M","R","BOSS","M","?","$","M","?","?","?","$","T","M","?","R","?","M","R","BOSS"],"build_version":"2019-01-23","purchased_purges":2,"victory":false,"max_hp_per_floor":[80,80,80,80,80,80,80,80,80,80,80,80,80,80,80,80,80,80,80,80,83,83,83,83,83,83,83,83,83,83,83,83,83],"card_choices":[{"not_picked":["Headbutt","Whirlwind"],"picked":"Shrug It Off","floor":1},{"not_picked":["Whirlwind","Reckless Charge"],"picked":"Iron Wave","floor":6},{"not_picked":["Sword Boomerang","Ghostly Armor"],"picked":"Wild Strike","floor":12},{"not_picked":["Demon Form","True Grit"],"picked":"Evolve","floor":14},{"not_picked":["Impervious","Limit Break"],"picked":"Feed","floor":16},{"not_picked":["Armaments","Intimidate"],"picked":"Carnage","floor":18},{"not_picked":["Searing Blow","Whirlwind"],"picked":"Iron Wave","floor":21},{"not_picked":["Spot Weakness","Heavy Blade+1"],"picked":"Clash","floor":27},{"not_picked":["Body Slam","Rupture"],"picked":"Fire Breathing","floor":31}],"player_experience":96751,"relics_obtained":[{"floor":6,"key":"Bottled Flame"},{"floor":9,"key":"Juzu Bracelet"},{"floor":11,"key":"Incense Burner"},{"floor":23,"key":"Necronomicon"},{"floor":26,"key":"Dodecahedron"}],"event_choices":[{"damage_healed":0,"gold_gain":175,"player_choice":"AGREE","damage_taken":0,"max_hp_gain":0,"max_hp_loss":0,"event_name":"Liars Game","floor":2,"gold_loss":0,"cards_obtained":["Doubt"]},{"cards_removed":["Doubt"],"damage_healed":0,"gold_gain":0,"player_choice":"Forget","damage_taken":0,"max_hp_gain":0,"max_hp_loss":0,"event_name":"Living Wall","floor":4,"gold_loss":0},{"damage_healed":0,"gold_gain":75,"player_choice":"Gather Gold","damage_taken":11,"max_hp_gain":0,"max_hp_loss":0,"event_name":"World of Goop","floor":5,"gold_loss":0},{"cards_removed":["Strike_R"],"damage_healed":0,"gold_gain":0,"player_choice":"Card Removal","damage_taken":7,"max_hp_gain":0,"max_hp_loss":0,"event_name":"Golden Wing","floor":8,"gold_loss":0},{"cards_removed":["Strike_R"],"damage_healed":0,"gold_gain":0,"player_choice":"Card Removal","damage_taken":0,"max_hp_gain":0,"max_hp_loss":0,"event_name":"The Cleric","floor":10,"gold_loss":50},{"damage_healed":0,"gold_gain":0,"player_choice":"Success","damage_taken":25,"relics_obtained":["Bird Faced Urn"],"max_hp_gain":0,"max_hp_loss":0,"event_name":"Scrap Ooze","floor":13,"gold_loss":0},{"damage_healed":0,"gold_gain":0,"player_choice":"Joined the Cult","damage_taken":6,"max_hp_gain":0,"max_hp_loss":0,"event_name":"Nest","floor":19,"gold_loss":0,"cards_obtained":["RitualDagger"]},{"cards_removed":["Strike_R"],"damage_healed":0,"gold_gain":0,"player_choice":"Offered Basic","damage_taken":0,"max_hp_gain":0,"max_hp_loss":0,"event_name":"Bonfire Elementals","floor":22,"gold_loss":0},{"damage_healed":0,"gold_gain":0,"player_choice":"Obtained Book","damage_taken":16,"max_hp_gain":0,"max_hp_loss":0,"event_name":"Cursed Tome","floor":23,"gold_loss":0},{"damage_healed":0,"gold_gain":0,"player_choice":"Ignored","damage_taken":0,"max_hp_gain":0,"max_hp_loss":0,"event_name":"Ghosts","floor":24,"gold_loss":0},{"damage_healed":0,"gold_gain":100,"player_choice":"Pray","damage_taken":0,"max_hp_gain":0,"max_hp_loss":0,"event_name":"Golden Shrine","floor":28,"gold_loss":0},{"damage_healed":0,"gold_gain":0,"player_choice":"Ignored","damage_taken":0,"max_hp_gain":0,"max_hp_loss":0,"event_name":"NoteForYourself","floor":30,"gold_loss":0}],"is_beta":false,"boss_relics":[{"not_picked":["Tiny House","Black Blood"],"picked":"Philosopher\u0027s Stone"}],"items_purged_floors":[3,20],"is_endless":false,"potions_floor_spawned":[12,18,21],"killed_by":"Champ","ascension_level":0}