{"gold_per_floor":[118,118,118,142,15,58,33,208,208,237,17,31,1],"floor_reached":13,"playtime":346,"items_purged":["Strike_G","Strike_G"],"score":111,"play_id":"980650b6-a2ba-4967-8fed-97f90a782564","local_time":"20190724053036","is_ascension_mode":true,"campfire_choices":[],"neow_cost":"NONE","seed_source_timestamp":53417304270220,"circlet_count":0,"master_deck":["Strike_G","Strike_G","Strike_G","Defend_G","Defend_G","Defend_G","Defend_G","Defend_G","Survivor","Neutralize","Bane","Deflect","Poisoned Stab","Footwork","Quick Slash","Doubt","Sucker Punch","Footwork","Flying Knee","Outmaneuver"],"relics":["Ring of the Snake","NeowsBlessing","Golden Idol","Centennial Puzzle","Pantograph","Odd Mushroom"],"potions_floor_usage":[],"damage_taken":[{"damage":0,"enemies":"Jaw Worm","floor":1,"turns":1},{"damage":0,"enemies":"2 Louse","floor":4,"turns":1},{"damage":0,"enemies":"Gremlin Nob","floor":6,"turns":1},{"damage":25,"enemies":"The Mushroom Lair","floor":10,"turns":7},{"damage":0,"enemies":"Small Slimes","floor":12,"turns":3},{"damage":3,"enemies":"Looter","floor":13,"turns":4}],"seed_played":"8643929337998859480","potions_obtained":[{"floor":1,"key":"GhostInAJar"}],"is_trial":false,"path_per_floor":["M","?","?","M","$","E","$","?","T","?","$","M","M"],"character_chosen":"THE_SILENT","items_purchased":["Poisoned Stab","Quick Slash","Footwork","Flying Knee"],"campfire_rested":0,"item_purchase_floors":[5,7,11,11],"current_hp_per_floor":[70,65,70,70,70,70,70,70,70,45,45,45,42],"gold":1,"neow_bonus":"THREE_ENEMY_KILL","is_prod":false,"is_daily":false,"chose_seed":false,"campfire_upgraded":0,"win_rate":0,"timestamp":1563964236,"path_taken":["M","?","?","M","$","E","$","?","T","?","?","M","?"],"build_version":"2019-07-17","purchased_purges":2,"victory":false,"max_hp_per_floor":[70,65,70,70,70,70,70,70,70,70,70,70,70],"card_choices":[{"not_picked":["Endless Agony","PiercingWail"],"picked":"Bane","floor":1},{"not_picked":["Blade Dance","Dagger Throw"],"picked":"Deflect","floor":4},{"not_picked":["Grand Finale","Glass Knife"],"picked":"Footwork","floor":6},{"not_picked":["Cloak And Dagger","Bane"],"picked":"Sucker Punch","floor":10},{"not_picked":["Dodge and Roll","A Thousand Cuts"],"picked":"Outmaneuver","floor":12}],"player_experience":227177,"relics_obtained":[{"floor":6,"key":"Centennial Puzzle"},{"floor":9,"key":"Pantograph"},{"floor":10,"key":"Odd Mushroom"}],"event_choices":[{"damage_healed":0,"gold_gain":0,"player_choice":"Lose Max HP","damage_taken":0,"relics_obtained":["Golden Idol"],"max_hp_gain":0,"max_hp_loss":5,"event_name":"Golden Idol","floor":2,"gold_loss":0},{"damage_healed":0,"gold_gain":0,"player_choice":"Donut","damage_taken":0,"max_hp_gain":5,"max_hp_loss":0,"event_name":"Big Fish","floor":3,"gold_loss":0},{"damage_healed":0,"gold_gain":175,"player_choice":"AGREE","damage_taken":0,"max_hp_gain":0,"max_hp_loss":0,"event_name":"Liars Game","floor":8,"gold_loss":0,"cards_obtained":["Doubt"]},{"damage_healed":0,"gold_gain":0,"player_choice":"Fought Mushrooms","damage_taken":0,"max_hp_gain":0,"max_hp_loss":0,"event_name":"Mushrooms","floor":10,"gold_loss":0}],"is_beta":false,"boss_relics":[],"items_purged_floors":[5,11],"is_endless":false,"potions_floor_spawned":[1],"killed_by":"Looter","ascension_level":1}