{"gold_per_floor":[114,39,39,57,68,98,98,109,109,124,144,144,174,174,174,277,277,291,303,322,22,34,34,51,51,130,210,2,16,29,29,29,134,134,145,156,0,23,23,23,23],"floor_reached":41,"playtime":1231,"items_purged":["Strike_R","Strike_R"],"score":420,"play_id":"75556aeb-a5b8-4070-9d1a-3ed865f57c6a","local_time":"20190119210900","is_ascension_mode":false,"campfire_choices":[{"data":"Evolve","floor":7,"key":"SMITH"},{"floor":12,"key":"REST"},{"data":"Infernal Blade","floor":15,"key":"SMITH"},{"floor":23,"key":"REST"},{"floor":25,"key":"REST"},{"floor":32,"key":"REST"},{"floor":40,"key":"REST"}],"neow_cost":"NONE","seed_source_timestamp":866373996172318,"circlet_count":0,"master_deck":["Bash","Flex","Sword Boomerang","Twin Strike","Evolve+1","Cleave","Inflame","Infernal Blade+1","Demon Form","Inflame","Uppercut+1","Seeing Red","Metallicize","Intimidate+1","Spot Weakness+1","Heavy Blade+1","Demon Form","Impervious","Uppercut+1","Double Tap","Entrench","Carnage+1","True Grit","Rupture+1","Madness","Madness","Inflame+1"],"relics":["Burning Blood","NeowsBlessing","Boot","Dream Catcher","Tiny Chest","Mummified Hand","White Beast Statue","Medical Kit","Molten Egg 2","Bottled Tornado","Toy Ornithopter","Pandora\u0027s Box","Red Mask"],"potions_floor_usage":[16,18,19,20,22,22,29,30,33,33,36,36],"damage_taken":[{"damage":0,"enemies":"Jaw Worm","floor":1,"turns":1},{"damage":0,"enemies":"Cultist","floor":4,"turns":1},{"damage":0,"enemies":"2 Louse","floor":5,"turns":1},{"damage":63,"enemies":"Lagavulin","floor":6,"turns":7},{"damage":17,"enemies":"Exordium Wildlife","floor":8,"turns":4},{"damage":5,"enemies":"Looter","floor":10,"turns":3},{"damage":1,"enemies":"3 Louse","floor":11,"turns":2},{"damage":41,"enemies":"Hexaghost","floor":16,"turns":8},{"damage":20,"enemies":"Spheric Guardian","floor":18,"turns":4},{"damage":10,"enemies":"Chosen","floor":19,"turns":4},{"damage":55,"enemies":"Shelled Parasite and Fungi","floor":20,"turns":6},{"damage":16,"enemies":"Centurion and Healer","floor":22,"turns":4},{"damage":25,"enemies":"Snake Plant","floor":24,"turns":4},{"damage":11,"enemies":"3 Cultists","floor":29,"turns":4},{"damage":14,"enemies":"Snecko","floor":30,"turns":4},{"damage":57,"enemies":"Champ","floor":33,"turns":8},{"damage":22,"enemies":"3 Shapes","floor":35,"turns":5},{"damage":42,"enemies":"3 Darklings","floor":36,"turns":6},{"damage":61,"enemies":"4 Shapes","floor":41,"turns":3}],"seed_played":"-2029639417746334011","potions_obtained":[{"floor":4,"key":"SkillPotion"},{"floor":6,"key":"FearPotion"},{"floor":11,"key":"AttackPotion"},{"floor":16,"key":"BloodPotion"},{"floor":18,"key":"Fire Potion"},{"floor":19,"key":"Dexterity Potion"},{"floor":20,"key":"LiquidBronze"},{"floor":22,"key":"Ancient Potion"},{"floor":24,"key":"PowerPotion"},{"floor":29,"key":"LiquidBronze"},{"floor":30,"key":"SkillPotion"},{"floor":33,"key":"Swift Potion"},{"floor":35,"key":"Explosive Potion"},{"floor":36,"key":"Energy Potion"}],"is_trial":false,"path_per_floor":["M","$","?","M","M","E","R","M","T","M","M","R","T","T","R","B",null,"M","M","M","$","M","R","M","R","T","T","$","M","M","$","R","B",null,"M","M","?","T","?","R","M"],"character_chosen":"IRONCLAD","items_purchased":["Medical Kit","Toy Ornithopter"],"campfire_rested":5,"item_purchase_floors":[21,28],"current_hp_per_floor":[80,80,73,79,80,23,23,12,12,13,18,42,42,42,42,7,80,66,70,21,21,11,35,16,40,40,40,40,40,37,37,61,20,80,64,38,38,38,28,52,0],"gold":23,"neow_bonus":"THREE_ENEMY_KILL","is_prod":false,"is_daily":false,"chose_seed":false,"campfire_upgraded":2,"win_rate":0,"timestamp":1547928540,"path_taken":["M","$","?","M","M","E","R","M","T","M","M","R","?","?","R","BOSS","M","?","M","$","M","R","M","R","T","?","?","M","M","$","R","BOSS","M","?","?","?","?","R","M"],"build_version":"2019-01-17v2","purchased_purges":2,"victory":false,"max_hp_per_floor":[80,80,80,80,80,80,80,80,80,80,80,80,80,80,80,80,80,80,80,80,80,80,80,80,80,80,80,80,80,80,80,80,80,80,80,80,80,80,80,80,80],"card_choices":[{"not_picked":["Sword Boomerang","Combust"],"picked":"Flex","floor":1},{"not_picked":["Wild Strike","Feel No Pain"],"picked":"Sword Boomerang","floor":4},{"not_picked":["Hemokinesis","Seeing Red"],"picked":"Twin Strike","floor":5},{"not_picked":["Hemokinesis","Sword Boomerang"],"picked":"Evolve","floor":6},{"not_picked":["Headbutt","Combust"],"picked":"Cleave","floor":8},{"not_picked":["Searing Blow","Feel No Pain","Pommel Strike"],"picked":"SKIP","floor":10},{"not_picked":["Clothesline","Disarm"],"picked":"Inflame","floor":11},{"not_picked":["Body Slam","Pummel"],"picked":"Infernal Blade","floor":12},{"not_picked":["Juggernaut","Offering"],"picked":"Demon Form","floor":16},{"not_picked":["Havoc","Entrench+1"],"picked":"Inflame","floor":18},{"not_picked":["Sword Boomerang","Clothesline","True Grit"],"picked":"SKIP","floor":19},{"not_picked":["Corruption","Thunderclap+1"],"picked":"Uppercut+1","floor":20},{"not_picked":["Clothesline","True Grit"],"picked":"Seeing Red","floor":22},{"not_picked":["Bloodletting","Evolve+1"],"picked":"Metallicize","floor":23},{"not_picked":["Hemokinesis+1","Perfected Strike"],"picked":"Intimidate+1","floor":24},{"not_picked":["Perfected Strike","Thunderclap"],"picked":"Spot Weakness+1","floor":25},{"not_picked":["Flex","Clash+1","Anger+1"],"picked":"SKIP","floor":29},{"not_picked":["Cleave+1","Double Tap","Hemokinesis+1"],"picked":"SKIP","floor":30},{"not_picked":["True Grit","Spot Weakness"],"picked":"Heavy Blade+1","floor":32},{"not_picked":["Exhume","Juggernaut"],"picked":"Demon Form","floor":33},{"not_picked":["Evolve","Warcry+1"],"picked":"Rupture+1","floor":35},{"not_picked":["Sever Soul+1","Seeing Red","Entrench+1"],"picked":"SKIP","floor":36},{"not_picked":["Twin Strike+1","Thunderclap+1"],"picked":"Inflame+1","floor":40}],"player_experience":134624,"relics_obtained":[{"floor":6,"key":"Boot"},{"floor":9,"key":"Dream Catcher"},{"floor":13,"key":"Tiny Chest"},{"floor":14,"key":"Mummified Hand"},{"floor":26,"key":"Molten Egg 2"},{"floor":27,"key":"Bottled Tornado"}],"event_choices":[{"cards_removed":["Strike_R"],"damage_healed":0,"gold_gain":0,"player_choice":"Card Removal","damage_taken":7,"max_hp_gain":0,"max_hp_loss":0,"event_name":"Golden Wing","floor":3,"gold_loss":0},{"damage_healed":0,"gold_gain":0,"player_choice":"Paid","damage_taken":0,"relics_obtained":["Red Mask"],"max_hp_gain":0,"max_hp_loss":0,"event_name":"Tomb of Lord Red Mask","floor":37,"gold_loss":156},{"damage_healed":0,"gold_gain":0,"player_choice":"Embrace Madness","damage_taken":10,"max_hp_gain":0,"max_hp_loss":0,"event_name":"Winding Halls","floor":39,"gold_loss":0,"cards_obtained":["Madness","Madness"]}],"is_beta":false,"boss_relics":[{"not_picked":["Runic Dome","Coffee Dripper"],"picked":"White Beast Statue"},{"not_picked":["Empty Cage","Black Blood"],"picked":"Pandora\u0027s Box"}],"items_purged_floors":[2,21],"is_endless":false,"potions_floor_spawned":[4,6,11,16,18,19,20,22,24,29,30,33,35,36],"killed_by":"4 Shapes","ascension_level":0}