{"gold_per_floor":[112,127,142,14,14,14,30,30,55,55,55,55,71,88,88,188,188,205,32,32,32,32,32,63,63,63,0,0,0,11,11,11,11],"floor_reached":33,"playtime":1412,"items_purged":["Strike_G","Strike_G"],"score":264,"play_id":"03aa9903-f455-4c48-b1fe-c581e2ba2080","local_time":"20190723165509","is_ascension_mode":true,"campfire_choices":[{"data":"Neutralize","floor":6,"key":"SMITH"},{"data":"Blur","floor":8,"key":"SMITH"},{"data":"Caltrops","floor":10,"key":"SMITH"},{"data":"Backflip","floor":12,"key":"SMITH"},{"data":"Poisoned Stab","floor":15,"key":"SMITH"},{"data":"After Image","floor":23,"key":"SMITH"},{"data":"Blur","floor":25,"key":"SMITH"},{"data":"Well Laid Plans","floor":32,"key":"SMITH"}],"neow_cost":"NONE","seed_source_timestamp":7025898941291,"circlet_count":0,"master_deck":["Strike_G+1","Strike_G+1","Strike_G+1","Defend_G+1","Defend_G+1","Defend_G+1","Defend_G+1","Defend_G+1","Survivor","Neutralize+1","Outmaneuver","Caltrops+1","Quick Slash","Sucker Punch+1","Backflip+1","Blur+1","Flying Knee","Poisoned Stab+1","After Image+1","Deflect","Slice","Poisoned Stab","Blur+1","Well Laid Plans+1"],"relics":["Ring of the Snake","Lantern","WristBlade","MutagenicStrength","Regal Pillow","Du-Vu Doll"],"potions_floor_usage":[],"damage_taken":[{"damage":2,"enemies":"Cultist","floor":1,"turns":5},{"damage":0,"enemies":"Jaw Worm","floor":2,"turns":7},{"damage":5,"enemies":"Small Slimes","floor":3,"turns":4},{"damage":1,"enemies":"Exordium Wildlife","floor":7,"turns":5},{"damage":0,"enemies":"Looter","floor":13,"turns":2},{"damage":2,"enemies":"Large Slime","floor":14,"turns":5},{"damage":16,"enemies":"Hexaghost","floor":16,"turns":11},{"damage":4,"enemies":"Spheric Guardian","floor":18,"turns":5},{"damage":4,"enemies":"Book of Stabbing","floor":24,"turns":5},{"damage":0,"enemies":"Chosen","floor":30,"turns":5},{"damage":0,"enemies":"Collector","floor":33,"turns":2}],"seed_played":"-6407625839012970561","potions_obtained":[{"floor":2,"key":"SteroidPotion"},{"floor":3,"key":"LiquidBronze"},{"floor":30,"key":"SteroidPotion"}],"is_trial":false,"path_per_floor":["M","M","M","$","?","R","M","R","T","R","?","R","M","M","R","B",null,"M","$","?","?","$","R","E","R","T","?","$","?","M","?","R","B"],"character_chosen":"THE_SILENT","items_purchased":["Backflip","Slice","Poisoned Stab"],"campfire_rested":0,"item_purchase_floors":[4,19,19],"current_hp_per_floor":[68,68,63,63,63,63,62,62,62,62,67,67,67,65,65,49,75,71,71,71,71,71,71,67,67,67,67,67,67,67,67,67,67],"gold":11,"neow_bonus":"THREE_CARDS","is_prod":false,"is_daily":false,"chose_seed":false,"campfire_upgraded":8,"win_rate":0,"timestamp":1563918909,"path_taken":["M","M","?","$","?","R","M","R","T","R","?","R","M","?","R","BOSS","M","$","?","?","$","R","E","R","T","?","$","?","M","?","R","BOSS"],"build_version":"2019-07-17","purchased_purges":2,"victory":false,"max_hp_per_floor":[70,70,70,70,70,70,70,70,70,70,75,75,75,75,75,75,75,75,75,75,75,75,75,75,75,75,75,75,75,75,75,75,75],"card_choices":[{"not_picked":["PiercingWail","Acrobatics"],"picked":"Outmaneuver","floor":0},{"not_picked":["Cloak And Dagger","Riddle With Holes"],"picked":"Caltrops","floor":1},{"not_picked":["Outmaneuver","Flechettes"],"picked":"Quick Slash","floor":2},{"not_picked":["Deadly Poison","Blade Dance"],"picked":"Sucker Punch","floor":3},{"not_picked":["Catalyst","Skewer"],"picked":"Blur","floor":7},{"not_picked":["Dagger Throw","Quick Slash"],"picked":"Flying Knee","floor":13},{"not_picked":["Dagger Throw","PiercingWail"],"picked":"Poisoned Stab","floor":14},{"not_picked":["Night Terror","Venomology"],"picked":"After Image","floor":16},{"not_picked":["Underhanded Strike","Dagger Spray"],"picked":"Deflect","floor":18},{"not_picked":["Backflip","Dash"],"picked":"Blur","floor":24},{"not_picked":["Prepared","Dodge and Roll","Underhanded Strike+1"],"picked":"SKIP","floor":30}],"player_experience":209901,"relics_obtained":[{"floor":9,"key":"Lantern"},{"floor":24,"key":"Regal Pillow"},{"floor":26,"key":"Du-Vu Doll"}],"event_choices":[{"damage_healed":0,"gold_gain":0,"player_choice":"Grow","damage_taken":0,"max_hp_gain":0,"max_hp_loss":0,"event_name":"Living Wall","floor":5,"gold_loss":0,"cards_upgraded":["Sucker Punch"]},{"damage_healed":0,"gold_gain":0,"player_choice":"Donut","damage_taken":0,"max_hp_gain":5,"max_hp_loss":0,"event_name":"Big Fish","floor":11,"gold_loss":0},{"damage_healed":0,"gold_gain":0,"player_choice":"Inject Mutagens","damage_taken":0,"relics_obtained":["MutagenicStrength"],"max_hp_gain":0,"max_hp_loss":0,"event_name":"Drug Dealer","floor":20,"gold_loss":0},{"damage_healed":0,"gold_gain":0,"player_choice":"Simplicity","damage_taken":0,"max_hp_gain":0,"max_hp_loss":0,"event_name":"Back to Basics","floor":21,"gold_loss":0,"cards_upgraded":["Strike_G","Strike_G","Strike_G","Defend_G","Defend_G","Defend_G","Defend_G","Defend_G"]},{"damage_healed":0,"gold_gain":0,"player_choice":"Paid Fearfully","damage_taken":0,"max_hp_gain":0,"max_hp_loss":0,"event_name":"Masked Bandits","floor":27,"gold_loss":63},{"damage_healed":0,"gold_gain":0,"player_choice":"Read","damage_taken":0,"max_hp_gain":0,"max_hp_loss":0,"event_name":"The Library","floor":29,"gold_loss":0,"cards_obtained":["Well Laid Plans"]}],"is_beta":false,"boss_relics":[{"not_picked":["Runic Pyramid","Pandora\u0027s Box"],"picked":"WristBlade"}],"items_purged_floors":[4,19],"is_endless":false,"potions_floor_spawned":[2,3,30],"killed_by":"Collector","ascension_level":1}