{"gold_per_floor":[109,109,125,40,59,59,83,97,97,115,40,40],"floor_reached":12,"playtime":526,"items_purged":["Defend_R"],"score":79,"play_id":"9f70d395-36e4-42b3-909f-f2c25d42582d","local_time":"20190127113048","is_ascension_mode":true,"campfire_choices":[{"floor":6,"key":"REST"}],"neow_cost":"NONE","seed_source_timestamp":1523590622660694,"circlet_count":0,"master_deck":["Strike_R","Strike_R","Strike_R","Strike_R","Defend_R","Defend_R","Defend_R","Bash","Entrench","Metallicize","Body Slam","Inflame","Rupture"],"relics":["Burning Blood","Golden Idol","Letter Opener"],"potions_floor_usage":[],"damage_taken":[{"damage":7,"enemies":"Small Slimes","floor":1,"turns":4},{"damage":30,"enemies":"Jaw Worm","floor":3,"turns":7},{"damage":20,"enemies":"Cultist","floor":5,"turns":7},{"damage":5,"enemies":"Blue Slaver","floor":7,"turns":7},{"damage":13,"enemies":"3 Louse","floor":8,"turns":6},{"damage":12,"enemies":"Looter","floor":10,"turns":4},{"damage":13,"enemies":"Lots of Slimes","floor":12,"turns":2}],"seed_played":"-1989985105092989291","potions_obtained":[{"floor":5,"key":"Dexterity Potion"},{"floor":7,"key":"Energy Potion"}],"is_trial":false,"path_per_floor":["M","?","M","$","M","R","M","M","T","M","$","M"],"character_chosen":"IRONCLAD","items_purchased":["Metallicize","Body Slam"],"campfire_rested":1,"item_purchase_floors":[4,4],"current_hp_per_floor":[79,59,35,35,21,45,46,39,39,33,33,20],"gold":40,"neow_bonus":"REMOVE_CARD","is_prod":false,"is_daily":false,"chose_seed":false,"campfire_upgraded":0,"win_rate":0,"timestamp":1548585048,"path_taken":["M","?","M","$","M","R","M","M","T","M","$","M"],"build_version":"2019-01-23","purchased_purges":1,"victory":false,"max_hp_per_floor":[80,80,80,80,80,80,80,80,80,80,80,80],"card_choices":[{"not_picked":["Clothesline","Armaments","Headbutt"],"picked":"SKIP","floor":1},{"not_picked":["Rampage","Havoc"],"picked":"Entrench","floor":3},{"not_picked":["Armaments","Pummel"],"picked":"Inflame","floor":5},{"not_picked":["Headbutt","Thunderclap","Hemokinesis"],"picked":"SKIP","floor":7},{"not_picked":["Havoc","Feel No Pain","Clothesline"],"picked":"SKIP","floor":8},{"not_picked":["Warcry","Headbutt"],"picked":"Rupture","floor":10}],"player_experience":154366,"relics_obtained":[{"floor":9,"key":"Letter Opener"}],"event_choices":[{"damage_healed":0,"gold_gain":0,"player_choice":"Take Damage","damage_taken":20,"relics_obtained":["Golden Idol"],"max_hp_gain":0,"max_hp_loss":0,"event_name":"Golden Idol","floor":2,"gold_loss":0}],"is_beta":false,"boss_relics":[],"items_purged_floors":[11],"is_endless":false,"potions_floor_spawned":[5,7],"killed_by":"Lots of Slimes","ascension_level":2}