{"path_per_floor":["M","?","M","?","M","E","?","M","T","M","?","T","M","E","R","B",null,"M","M","?","M","?","R","?","R","T","?","?","E","M","M","R","B",null,"M","?","T","M","$","R","E","R","T","M","M","?","R","?","R","B"],"character_chosen":"IRONCLAD","items_purchased":["Thinking Ahead","Mummified Hand"],"gold_per_floor":[118,118,131,131,148,175,175,189,189,202,182,207,223,258,258,363,363,373,383,283,294,294,294,294,294,368,368,368,395,406,422,422,521,521,535,535,559,575,68,68,94,94,94,108,127,173,173,173,173,173],"floor_reached":51,"campfire_rested":2,"playtime":5518,"current_hp_per_floor":[75,75,75,75,77,70,75,81,81,88,88,88,85,78,78,45,98,94,87,87,85,85,85,85,85,85,85,69,49,42,35,64,51,101,75,75,75,79,79,79,66,96,96,101,87,95,95,82,82,53],"items_purged":["Brutality"],"gold":173,"score":605,"play_id":"952de184-9522-432e-a93b-500de0994be9","is_prod":false,"is_daily":false,"is_ascension_mode":false,"campfire_upgraded":6,"path_taken":["M","?","M","?","M","E","?","M","T","?","?","?","M","E","R","BOSS","M","M","?","M","?","R","?","R","T","?","?","E","M","M","R","BOSS","M","?","?","M","$","R","E","R","T","M","M","?","R","?","R","BOSS"],"build_version":"2018-02-15-PROD1","purchased_purges":1,"victory":true,"master_deck":["Strike_R+1","Defend_R","Defend_R","Defend_R","Bash+1","Feed","Whirlwind+1","Thunderclap","Rampage+1","Pommel Strike+1","Flame Barrier+1","Heavy Blade","Shockwave","Pommel Strike","Barricade+1","Demon Form+1","Spot Weakness","Battle Trance","J.A.X.","Rage+1","Sword Boomerang+1","Flex","Pommel Strike+1","Body Slam","Reaper+1","Sever Soul+1","Battle Trance+1","Sword Boomerang+1","Flame Barrier","Thinking Ahead","Headbutt+1","Flame Barrier+1","Feel No Pain+1","Hemokinesis+1","Madness","Madness"],"max_hp_per_floor":[75,75,75,75,78,81,86,86,86,89,89,89,92,95,95,98,98,98,98,98,98,98,98,98,98,98,98,98,98,98,98,98,101,101,101,101,101,101,101,101,101,101,101,104,104,107,107,107,107,107],"relics":["Burning Blood","Bronze Scales","Bag of Marbles","Juzu Bracelet","Orichalcum","Mark of Pain","Bottled Flame","Enchiridion","Vajra","Astrolabe","Blood Vial","Mummified Hand","Anchor","Whetstone","Ice Cream"],"card_choices":[{"not_picked":["Hemokinesis","Armaments"],"picked":"Whirlwind"},{"not_picked":["Clothesline","Power Through"],"picked":"Rampage"},{"not_picked":["Rage","Combust"],"picked":"Pommel Strike"},{"not_picked":["Clothesline","Pommel Strike"],"picked":"Flame Barrier"},{"not_picked":["True Grit","Flex"],"picked":"Heavy Blade"},{"not_picked":["Anger","Body Slam"],"picked":"Shockwave"},{"not_picked":["Dual Wield","Warcry"],"picked":"Pommel Strike"},{"not_picked":["Warcry","Clothesline"],"picked":"Barricade"},{"not_picked":["Double Tap","Offering"],"picked":"Demon Form"},{"not_picked":["Corruption","Power Through"],"picked":"Spot Weakness"},{"not_picked":["Hemokinesis","Thunderclap"],"picked":"Battle Trance"},{"not_picked":["Anger","Flex"],"picked":"Rage"},{"not_picked":["Blood for Blood","Headbutt"],"picked":"Flex"},{"not_picked":["Rupture","Anger"],"picked":"Pommel Strike"},{"not_picked":["True Grit","Anger"],"picked":"Body Slam"},{"not_picked":["Fiend Fire","Bludgeon"],"picked":"Reaper"},{"not_picked":["Rage","Rampage"],"picked":"Sword Boomerang"},{"not_picked":["Fire Breathing","Hemokinesis"],"picked":"Flame Barrier"},{"not_picked":["Pommel Strike","Clothesline"],"picked":"Headbutt"},{"not_picked":["Searing Blow","Cleave"],"picked":"Flame Barrier"},{"not_picked":["Searing Blow","Corruption"],"picked":"Feel No Pain"},{"not_picked":["True Grit","Anger"],"picked":"Hemokinesis"}],"player_experience":10825,"potions_floor_usage":[14,29,33,33,33],"damage_taken":[{"damage":2,"enemies":"2 Louse","floor":1,"turns":3},{"damage":6,"enemies":"Cultist","floor":3,"turns":3},{"damage":7,"enemies":"Small Slimes","floor":5,"turns":3},{"damage":16,"enemies":"3 Sentries","floor":6,"turns":3},{"damage":0,"enemies":"Gremlin Gang","floor":8,"turns":1},{"damage":2,"enemies":"Blue Slaver","floor":10,"turns":3},{"damage":12,"enemies":"3 Louse","floor":13,"turns":3},{"damage":16,"enemies":"Lagavulin","floor":14,"turns":6},{"damage":42,"enemies":"Slime Boss","floor":16,"turns":12},{"damage":10,"enemies":"2 Thieves","floor":18,"turns":4},{"damage":13,"enemies":"Shell Parasite","floor":19,"turns":4},{"damage":8,"enemies":"Centurion and Healer","floor":21,"turns":3},{"damage":26,"enemies":"Gremlin Leader","floor":29,"turns":6},{"damage":13,"enemies":"Snake Plant","floor":30,"turns":3},{"damage":13,"enemies":"Slaver and Parasite","floor":31,"turns":2},{"damage":37,"enemies":"Automaton","floor":33,"turns":8},{"damage":32,"enemies":"3 Shapes","floor":35,"turns":3},{"damage":23,"enemies":"3 Darklings","floor":38,"turns":3},{"damage":28,"enemies":"2 Orb Walkers","floor":41,"turns":3},{"damage":6,"enemies":"Maw","floor":44,"turns":5},{"damage":44,"enemies":"4 Shapes","floor":45,"turns":4},{"damage":19,"enemies":"Mysterious Sphere","floor":46,"turns":5},{"damage":60,"enemies":"Awakened One","floor":50,"turns":7}],"event_choices":[{"event_name":"Transmorgrifier","player_choice":"Transform","floor":2,"damage_taken":0},{"event_name":"Upgrade Shrine","player_choice":"Upgraded","floor":4,"damage_taken":0},{"event_name":"Big Fish","player_choice":"Donut","floor":7,"damage_taken":0},{"event_name":"The Woman in Blue","player_choice":"Bought 1 Potion","floor":11,"damage_taken":0},{"event_name":"Drug Dealer","player_choice":"Got JAXXED","floor":20,"damage_taken":0},{"event_name":"Vampires","player_choice":"Ignored","floor":22,"damage_taken":0},{"event_name":"The Library","player_choice":"Read","floor":24,"damage_taken":0},{"event_name":"Upgrade Shrine","player_choice":"Upgraded","floor":27,"damage_taken":0},{"event_name":"Cursed Tome","player_choice":"Obtained Book","floor":28,"damage_taken":0},{"event_name":"Tomb of Lord Red Mask","player_choice":"Ignored","floor":36,"damage_taken":0},{"event_name":"Mysterious Sphere","player_choice":"Fight","floor":46,"damage_taken":0},{"event_name":"Winding Halls","player_choice":"Embrace Madness","floor":48,"damage_taken":0}],"boss_relics":[{"not_picked":["Runic Cube","Philosopher\u0027s Stone"],"picked":"Mark of Pain"},{"not_picked":["Velvet Choker","Runic Pyramid"],"picked":"Astrolabe"}],"potions_floor_spawned":[1,5,10,13,16,18,29,30,31,33,45],"seed_played":"4663500656473199852","ascension_level":0,"is_trial":false}