{"gold_per_floor":[113,113,126,139,16,16,16,27,52,2,31,31,71,84,84,205,205,229,229,250,165,165,196,196,222,222,71,0,25,25,38,38,159,159,177,195,59,59,75,118,118,131,131,131,0,19,43,86,86,86],"floor_reached":50,"playtime":4214,"items_purged":["Defend_G","Strike_G"],"score":555,"play_id":"a01fc663-f178-4e9a-b17d-9586b7a15098","local_time":"20190710195803","is_ascension_mode":false,"campfire_choices":[{"data":"Footwork","floor":6,"key":"SMITH"},{"data":"Footwork","floor":15,"key":"SMITH"},{"data":"Terror","floor":24,"key":"SMITH"},{"floor":32,"key":"REST"},{"data":"Footwork","floor":41,"key":"SMITH"},{"data":"Adrenaline","floor":49,"key":"SMITH"}],"neow_cost":"NONE","seed_source_timestamp":12922935119352,"circlet_count":0,"master_deck":["Strike_G","Strike_G","Defend_G","Defend_G","Defend_G","Defend_G","Survivor","Neutralize","Sucker Punch","Terror+1","All Out Attack","Footwork+1","Dagger Throw","Footwork+1","Venomology","Slice","Quick Slash","Adrenaline+1","Cloak And Dagger","Backflip","Quick Slash+1","RitualDagger","Well Laid Plans","Dash+1","Sucker Punch","Sucker Punch+1","Dagger Spray+1","Footwork+1","Madness","Madness","Deflect+1","Backflip","Flying Knee+1","Deflect+1","Backstab+1"],"relics":["Ring of the Serpent","NeowsBlessing","Vajra","Juzu Bracelet","Golden Idol","Happy Flower","Eternal Feather","Gremlin Horn","Paper Crane","PreservedInsect","Shuriken","Matryoshka","Centennial Puzzle","Thread and Needle","Red Mask","Sundial"],"potions_floor_usage":[11,14,16,20,23,23,29,33,33,33,35,39,40,42,46,50,50],"damage_taken":[{"damage":0,"enemies":"Jaw Worm","floor":1,"turns":1},{"damage":0,"enemies":"2 Louse","floor":3,"turns":1},{"damage":0,"enemies":"Cultist","floor":4,"turns":1},{"damage":6,"enemies":"3 Louse","floor":8,"turns":3},{"damage":32,"enemies":"3 Sentries","floor":11,"turns":8},{"damage":8,"enemies":"Lagavulin","floor":13,"turns":6},{"damage":0,"enemies":"Looter","floor":14,"turns":3},{"damage":15,"enemies":"Hexaghost","floor":16,"turns":11},{"damage":2,"enemies":"Shell Parasite","floor":18,"turns":6},{"damage":2,"enemies":"Chosen","floor":20,"turns":5},{"damage":13,"enemies":"Gremlin Leader","floor":23,"turns":5},{"damage":26,"enemies":"Snecko","floor":29,"turns":4},{"damage":28,"enemies":"Centurion and Healer","floor":31,"turns":6},{"damage":28,"enemies":"Automaton","floor":33,"turns":11},{"damage":10,"enemies":"3 Shapes","floor":35,"turns":5},{"damage":10,"enemies":"3 Darklings","floor":36,"turns":5},{"damage":15,"enemies":"Spire Growth","floor":39,"turns":6},{"damage":8,"enemies":"Reptomancer","floor":40,"turns":4},{"damage":8,"enemies":"Jaw Worm Horde","floor":42,"turns":3},{"damage":10,"enemies":"3 Darklings","floor":46,"turns":5},{"damage":0,"enemies":"Spire Growth","floor":47,"turns":5},{"damage":5,"enemies":"Nemesis","floor":48,"turns":5},{"damage":32,"enemies":"Awakened One","floor":50,"turns":11}],"seed_played":"-8430583354673857213","potions_obtained":[{"floor":3,"key":"PowerPotion"},{"floor":8,"key":"GhostInAJar"},{"floor":13,"key":"GamblersBrew"},{"floor":18,"key":"Swift Potion"},{"floor":31,"key":"GamblersBrew"},{"floor":35,"key":"SteroidPotion"},{"floor":40,"key":"Energy Potion"},{"floor":47,"key":"Dexterity Potion"}],"is_trial":false,"path_per_floor":["M","?","M","M","$","R","$","M","T","?","E","?","E","M","R","B",null,"M","?","M","?","?","E","R","T","T","$","?","M","$","M","R","B",null,"M","M","$","?","M","E","R","M","T","?","?","M","M","E","R","B"],"character_chosen":"THE_SILENT","items_purchased":["Footwork","Dagger Throw","Well Laid Plans","Footwork"],"campfire_rested":1,"item_purchase_floors":[5,5,27,37],"current_hp_per_floor":[70,70,70,70,70,70,70,64,64,64,32,32,24,24,24,9,65,63,63,61,61,55,42,57,57,57,57,57,31,31,3,37,9,65,55,45,45,37,22,14,32,24,24,24,24,14,14,9,30,0],"gold":86,"neow_bonus":"THREE_ENEMY_KILL","is_prod":false,"is_daily":false,"chose_seed":false,"campfire_upgraded":5,"win_rate":0.0,"timestamp":1562806683,"path_taken":["M","?","M","M","$","R","$","M","T","?","E","?","E","M","R","BOSS","M","?","M","?","?","E","R","?","T","$","?","M","$","M","R","BOSS","M","M","$","?","M","E","R","M","T","?","?","M","M","E","R","BOSS"],"build_version":"2019-07-05","purchased_purges":2,"victory":false,"max_hp_per_floor":[70,70,70,70,70,70,70,70,70,70,70,65,65,65,65,65,65,65,65,65,65,65,65,65,65,65,65,65,65,65,65,65,65,65,65,65,65,65,65,65,65,65,65,65,65,65,65,65,65,65],"card_choices":[{"not_picked":["Outmaneuver","Blur"],"picked":"Sucker Punch","floor":1},{"not_picked":["Prepared","Bane"],"picked":"Terror","floor":3},{"not_picked":["Crippling Poison","PiercingWail"],"picked":"All Out Attack","floor":4},{"not_picked":["Sucker Punch","Distraction"],"picked":"Footwork","floor":8},{"not_picked":["Blur","Reflex"],"picked":"Venomology","floor":11},{"not_picked":["PiercingWail","Night Terror"],"picked":"Slice","floor":13},{"not_picked":["Cloak And Dagger","Noxious Fumes"],"picked":"Quick Slash","floor":14},{"not_picked":["Night Terror","Storm of Steel"],"picked":"Adrenaline","floor":16},{"not_picked":["Finisher+1","Dagger Spray"],"picked":"Cloak And Dagger","floor":18},{"not_picked":["Prepared+1","Accuracy"],"picked":"Quick Slash+1","floor":20},{"not_picked":["Catalyst","Calculated Gamble","Dodge and Roll"],"picked":"SKIP","floor":23},{"not_picked":["Crippling Poison","Skewer"],"picked":"Dash+1","floor":29},{"not_picked":["Dagger Throw","Caltrops"],"picked":"Sucker Punch","floor":31},{"not_picked":["PiercingWail","Finisher"],"picked":"Sucker Punch+1","floor":35},{"not_picked":["Bane+1","Heel Hook+1"],"picked":"Dagger Spray+1","floor":36},{"not_picked":["PiercingWail","Flying Knee"],"picked":"Deflect+1","floor":39},{"not_picked":["Riddle With Holes","Wraith Form v2","PiercingWail+1"],"picked":"SKIP","floor":40},{"not_picked":["Bouncing Flask+1","Flechettes"],"picked":"Backflip","floor":42},{"not_picked":["Flechettes+1","Blade Dance+1"],"picked":"Flying Knee+1","floor":46},{"not_picked":["Dagger Throw+1","Escape Plan+1"],"picked":"Deflect+1","floor":47},{"not_picked":["Acrobatics+1","Dagger Throw"],"picked":"Backstab+1","floor":48}],"player_experience":82496,"relics_obtained":[{"floor":9,"key":"Vajra"},{"floor":11,"key":"Juzu Bracelet"},{"floor":13,"key":"Happy Flower"},{"floor":23,"key":"Paper Crane"},{"floor":25,"key":"PreservedInsect"},{"floor":26,"key":"Shuriken"},{"floor":40,"key":"Matryoshka"},{"floor":43,"key":"Centennial Puzzle"},{"floor":43,"key":"Thread and Needle"},{"floor":48,"key":"Sundial"}],"event_choices":[{"damage_healed":0,"gold_gain":0,"player_choice":"Ignored","damage_taken":0,"max_hp_gain":0,"max_hp_loss":0,"event_name":"Liars Game","floor":2,"gold_loss":0},{"cards_removed":["Strike_G"],"damage_healed":0,"gold_gain":0,"player_choice":"Card Removal","damage_taken":0,"max_hp_gain":0,"max_hp_loss":0,"event_name":"The Cleric","floor":10,"gold_loss":50},{"damage_healed":0,"gold_gain":0,"player_choice":"Lose Max HP","damage_taken":0,"relics_obtained":["Golden Idol"],"max_hp_gain":0,"max_hp_loss":5,"event_name":"Golden Idol","floor":12,"gold_loss":0},{"damage_healed":0,"gold_gain":0,"player_choice":"Read","damage_taken":0,"max_hp_gain":0,"max_hp_loss":0,"event_name":"The Library","floor":19,"gold_loss":0,"cards_obtained":["Backflip"]},{"damage_healed":0,"gold_gain":0,"player_choice":"Obtained Relic","damage_taken":0,"relics_obtained":["Gremlin Horn"],"max_hp_gain":0,"max_hp_loss":0,"event_name":"Addict","floor":21,"gold_loss":85},{"damage_healed":0,"gold_gain":0,"player_choice":"Joined the Cult","damage_taken":6,"max_hp_gain":0,"max_hp_loss":0,"event_name":"Nest","floor":22,"gold_loss":0,"cards_obtained":["RitualDagger"]},{"damage_healed":0,"gold_gain":0,"player_choice":"Paid Fearfully","damage_taken":0,"max_hp_gain":0,"max_hp_loss":0,"event_name":"Masked Bandits","floor":28,"gold_loss":71},{"damage_healed":0,"gold_gain":0,"player_choice":"Embrace Madness","damage_taken":8,"max_hp_gain":0,"max_hp_loss":0,"event_name":"Winding Halls","floor":38,"gold_loss":0,"cards_obtained":["Madness","Madness"]},{"cards_removed":["Strike_G"],"damage_healed":0,"gold_gain":0,"player_choice":"Removed Attack","damage_taken":0,"max_hp_gain":0,"max_hp_loss":0,"event_name":"Falling","floor":44,"gold_loss":0},{"damage_healed":0,"gold_gain":0,"player_choice":"Paid","damage_taken":0,"relics_obtained":["Red Mask"],"max_hp_gain":0,"max_hp_loss":0,"event_name":"Tomb of Lord Red Mask","floor":45,"gold_loss":131}],"is_beta":false,"boss_relics":[{"not_picked":["Astrolabe","Ectoplasm"],"picked":"Eternal Feather"},{"not_picked":["Velvet Choker","Runic Dome"],"picked":"Ring of the Serpent"}],"items_purged_floors":[27,37],"is_endless":false,"potions_floor_spawned":[3,8,13,18,31,35,40,47],"killed_by":"Awakened One","ascension_level":0}