{"gold_per_floor":[115,115,44,59,72,99,24,24,71,71,89,89,11,23,23,23],"floor_reached":16,"playtime":688,"items_purged":["Strike_G"],"score":100,"play_id":"385f1d2a-8ca3-4407-8939-36f97851d041","local_time":"20190716165915","is_ascension_mode":false,"campfire_choices":[{"data":"Blind","floor":8,"key":"SMITH"},{"floor":15,"key":"REST"}],"neow_cost":"NONE","seed_source_timestamp":8200598407109,"circlet_count":0,"master_deck":["Strike_G","Strike_G","Strike_G","Strike_G","Defend_G","Defend_G","Defend_G","Defend_G","Defend_G","Survivor","Neutralize","Slice","Neutralize","Blind+1","Well Laid Plans","Flying Knee","Backflip","Outmaneuver","Sucker Punch","Slice","Outmaneuver","Caltrops","Quick Slash"],"relics":["Ring of the Snake","NeowsBlessing","Oddly Smooth Stone","Pen Nib","Prayer Wheel"],"potions_floor_usage":[16],"damage_taken":[{"damage":0,"enemies":"Jaw Worm","floor":1,"turns":1},{"damage":0,"enemies":"Cultist","floor":4,"turns":1},{"damage":0,"enemies":"Small Slimes","floor":5,"turns":1},{"damage":29,"enemies":"Lagavulin","floor":6,"turns":11},{"damage":3,"enemies":"Red Slaver","floor":11,"turns":4},{"damage":12,"enemies":"Large Slime","floor":14,"turns":6},{"damage":14,"enemies":"Slime Boss","floor":16,"turns":5}],"seed_played":"8356345075615688624","potions_obtained":[{"floor":14,"key":"Energy Potion"}],"is_trial":false,"path_per_floor":["M","?","$","M","M","E","$","R","T","?","M","T","$","M","R","B"],"character_chosen":"THE_SILENT","items_purchased":["Well Laid Plans","Slice","Outmaneuver"],"campfire_rested":1,"item_purchase_floors":[3,13,13],"current_hp_per_floor":[70,70,70,70,70,41,41,41,41,23,20,20,20,8,29,15],"gold":23,"neow_bonus":"THREE_ENEMY_KILL","is_prod":false,"is_daily":false,"chose_seed":false,"campfire_upgraded":1,"win_rate":0,"timestamp":1563314355,"path_taken":["M","?","$","?","M","E","$","R","T","?","M","?","$","?","R","BOSS"],"build_version":"2019-07-05","purchased_purges":1,"victory":false,"max_hp_per_floor":[70,70,70,70,70,70,70,70,70,70,70,70,70,70,70,70],"card_choices":[{"not_picked":["Acrobatics","Blade Dance"],"picked":"Slice","floor":1},{"not_picked":["Escape Plan","Backflip"],"picked":"Flying Knee","floor":4},{"not_picked":["Crippling Poison","Cloak And Dagger"],"picked":"Backflip","floor":5},{"not_picked":["Dagger Throw","Prepared"],"picked":"Outmaneuver","floor":6},{"not_picked":["Tactician","Blur"],"picked":"Sucker Punch","floor":11},{"not_picked":["Masterful Stab","Cloak And Dagger"],"picked":"Caltrops","floor":14},{"not_picked":["Backstab","Storm of Steel"],"picked":"Quick Slash","floor":14}],"player_experience":169857,"relics_obtained":[{"floor":6,"key":"Oddly Smooth Stone"},{"floor":12,"key":"Prayer Wheel"}],"event_choices":[{"damage_healed":0,"gold_gain":0,"player_choice":"2 cards matched","damage_taken":0,"max_hp_gain":0,"max_hp_loss":0,"event_name":"Match and Keep!","floor":2,"gold_loss":0,"cards_obtained":["Neutralize","Blind"]},{"damage_healed":0,"gold_gain":0,"player_choice":"Success","damage_taken":18,"relics_obtained":["Pen Nib"],"max_hp_gain":0,"max_hp_loss":0,"event_name":"Scrap Ooze","floor":10,"gold_loss":0}],"is_beta":false,"boss_relics":[],"items_purged_floors":[7],"is_endless":false,"potions_floor_spawned":[14],"killed_by":"Slime Boss","ascension_level":0}