{"gold_per_floor":[117,21,21,21,31,60,77,77,103,103,128,128,161,179,179,283,283,298,298,105,105,118,143,143,143],"floor_reached":25,"playtime":1946,"items_purged":[],"score":356,"play_id":"f84fa5fc-190b-4e5a-ae5c-f355ed56e908","local_time":"20190703223740","is_ascension_mode":true,"campfire_choices":[{"floor":12,"key":"REST"},{"floor":15,"key":"REST"},{"floor":24,"key":"REST"}],"neow_cost":"NONE","seed_source_timestamp":27334927630800,"circlet_count":0,"master_deck":["AscendersBane","Strike_R+1","Strike_R","Strike_R","Strike_R","Strike_R","Defend_R","Defend_R","Defend_R","Defend_R","Bash","Rampage+1","Bandage Up","Carnage","Metallicize+1","Corruption","Juggernaut","Dual Wield","Demon Form","Warcry+1","Necronomicurse","Carnage","Impervious"],"relics":["Burning Blood","Centennial Puzzle","Bag of Preparation","StoneCalendar","Lantern","Vajra","Ornamental Fan","Runic Pyramid","Necronomicon","Toolbox","FossilizedHelix"],"potions_floor_usage":[16,23,25],"damage_taken":[{"damage":5,"enemies":"Cultist","floor":1,"turns":4},{"damage":2,"enemies":"Jaw Worm","floor":5,"turns":3},{"damage":16,"enemies":"Gremlin Nob","floor":6,"turns":3},{"damage":10,"enemies":"Small Slimes","floor":7,"turns":3},{"damage":28,"enemies":"3 Sentries","floor":11,"turns":7},{"damage":4,"enemies":"Gremlin Nob","floor":13,"turns":3},{"damage":3,"enemies":"3 Louse","floor":14,"turns":4},{"damage":44,"enemies":"Hexaghost","floor":16,"turns":7},{"damage":31,"enemies":"3 Byrds","floor":18,"turns":5},{"damage":25,"enemies":"Spheric Guardian","floor":22,"turns":4},{"damage":44,"enemies":"Book of Stabbing","floor":23,"turns":5},{"damage":51,"enemies":"Gremlin Leader","floor":25,"turns":6}],"seed_played":"-5386530689967850558","potions_obtained":[{"floor":11,"key":"Energy Potion"},{"floor":13,"key":"Strength Potion"},{"floor":23,"key":"SpeedPotion"}],"is_trial":false,"path_per_floor":["M","$","?","?","M","E","M","$","T","?","E","R","E","M","R","B",null,"M","?","$","?","M","E","R","E"],"character_chosen":"IRONCLAD","items_purchased":["Bandage Up","Toolbox"],"campfire_rested":3,"item_purchase_floors":[2,20],"current_hp_per_floor":[73,73,55,55,63,53,53,53,53,37,19,43,45,52,76,42,71,50,34,34,60,45,11,35,0],"gold":143,"neow_bonus":"RANDOM_COMMON_RELIC","is_prod":false,"is_daily":false,"chose_seed":false,"campfire_upgraded":0,"win_rate":0,"timestamp":1562189860,"path_taken":["M","?","?","?","?","E","M","?","T","?","E","R","E","M","R","BOSS","M","?","$","?","M","E","R","E"],"build_version":"2019-07-01","purchased_purges":0,"victory":false,"max_hp_per_floor":[80,80,80,80,80,80,80,80,80,80,80,80,80,80,80,80,80,80,80,80,80,80,80,80,80],"card_choices":[{"not_picked":["Wild Strike","Burning Pact"],"picked":"Rampage","floor":1},{"not_picked":["Feel No Pain","Hemokinesis"],"picked":"Carnage","floor":5},{"not_picked":["True Grit","Body Slam","Sentinel"],"picked":"SKIP","floor":6},{"not_picked":["Headbutt","Infernal Blade"],"picked":"Metallicize","floor":7},{"not_picked":["Blood for Blood","Heavy Blade"],"picked":"Corruption","floor":11},{"not_picked":["Hemokinesis","Flex"],"picked":"Juggernaut","floor":13},{"not_picked":["Sword Boomerang","Feel No Pain"],"picked":"Dual Wield","floor":14},{"not_picked":["Impervious","Offering"],"picked":"Demon Form","floor":16},{"not_picked":["Heavy Blade+1","Armaments"],"picked":"Warcry+1","floor":18},{"not_picked":["Armaments+1","Wild Strike"],"picked":"Carnage","floor":22},{"not_picked":["Power Through","Clash"],"picked":"Impervious","floor":23}],"player_experience":943090,"relics_obtained":[{"floor":6,"key":"StoneCalendar"},{"floor":9,"key":"Lantern"},{"floor":11,"key":"Vajra"},{"floor":13,"key":"Ornamental Fan"},{"floor":19,"key":"Necronomicon"},{"floor":23,"key":"FossilizedHelix"}],"event_choices":[{"damage_healed":0,"gold_gain":0,"player_choice":"Success","damage_taken":18,"relics_obtained":["Bag of Preparation"],"max_hp_gain":0,"max_hp_loss":0,"event_name":"Scrap Ooze","floor":3,"gold_loss":0},{"damage_healed":0,"gold_gain":0,"player_choice":"Forge","damage_taken":0,"max_hp_gain":0,"max_hp_loss":0,"event_name":"Accursed Blacksmith","floor":4,"gold_loss":0,"cards_upgraded":["Rampage"]},{"damage_healed":0,"gold_gain":0,"player_choice":"Entered Light","damage_taken":16,"max_hp_gain":0,"max_hp_loss":0,"event_name":"Shining Light","floor":10,"gold_loss":0,"cards_upgraded":["Strike_R","Metallicize"]},{"damage_healed":0,"gold_gain":0,"player_choice":"Obtained Book","damage_taken":16,"max_hp_gain":0,"max_hp_loss":0,"event_name":"Cursed Tome","floor":19,"gold_loss":0},{"damage_healed":26,"gold_gain":0,"player_choice":"Heal","damage_taken":0,"max_hp_gain":0,"max_hp_loss":0,"event_name":"The Library","floor":21,"gold_loss":0}],"is_beta":false,"boss_relics":[{"not_picked":["Lizard Tail","Pandora\u0027s Box"],"picked":"Runic Pyramid"}],"items_purged_floors":[],"is_endless":false,"potions_floor_spawned":[11,13,23],"killed_by":"Gremlin Leader","ascension_level":10}