{"gold_per_floor":[119,138,138,138,149,179,33,43,68,94,94,48,74,90,90,195,195,215,215,225,8,20,20,37,63,114,124,150,165,184,196,196,301,301,311,326,338,27,38,94,94,105,151,151,177,197,197,197,197,197],"floor_reached":51,"playtime":7032,"items_purged":["Strike_R","Defend_R","Defend_R"],"score":898,"play_id":"318a7e9b-5ade-4430-8b42-3904fe82ff81","local_time":"20190722002142","is_ascension_mode":false,"campfire_choices":[{"data":"Uppercut","floor":11.0,"key":"SMITH"},{"data":"Bash","floor":15,"key":"SMITH"},{"data":"Demon Form","floor":23,"key":"SMITH"},{"data":"Perfected Strike","floor":32,"key":"SMITH"},{"data":"Uppercut","floor":41,"key":"SMITH"},{"data":"Dual Wield","floor":44,"key":"SMITH"},{"floor":49,"key":"REST"}],"neow_cost":"PERCENT_DAMAGE","seed_source_timestamp":0,"circlet_count":0,"master_deck":["Strike_R+1","Strike_R+1","Defend_R+1","Bash+1","Demon Form+1","Reckless Charge+1","Uppercut+1","Disarm+1","Iron Wave+1","Reaper+1","Dropkick+1","Whirlwind+1","Fiend Fire+1","Headbutt+1","Heavy Blade+1","Hemokinesis+1","Feed+1","Perfected Strike+1","Perfected Strike+1","Flame Barrier+1","Feel No Pain+1","Pommel Strike+1","Corruption+1","Impervious+1","Uppercut+1","Sever Soul+1","Flame Barrier+1","Perfected Strike+1","Barricade+1","Body Slam+1","Dual Wield+1","Metamorphosis+1","Impervious+1","Perfected Strike+1","Iron Wave+1","Perfected Strike+1"],"special_seed":0,"relics":["Burning Blood","Red Skull","Bag of Preparation","Blood Vial","Bottled Flame","Snecko Eye","Orichalcum","Pen Nib","Ornamental Fan","Philosopher\u0027s Stone","Tiny Chest","Bronze Scales","Whetstone","Mark of the Bloom"],"potions_floor_usage":[16,24,25,29,39,50,50,50],"damage_taken":[{"damage":10.0,"enemies":"Jaw Worm","floor":1.0,"turns":5.0},{"damage":5.0,"enemies":"2 Louse","floor":2.0,"turns":2.0},{"damage":1.0,"enemies":"Cultist","floor":5.0,"turns":3.0},{"damage":16.0,"enemies":"Lagavulin","floor":6.0,"turns":7.0},{"damage":3.0,"enemies":"2 Fungi Beasts","floor":8.0,"turns":4.0},{"damage":25.0,"enemies":"3 Sentries","floor":10.0,"turns":10.0},{"damage":11.0,"enemies":"Lagavulin","floor":13.0,"turns":7.0},{"damage":3.0,"enemies":"Large Slime","floor":14.0,"turns":5.0},{"damage":42,"enemies":"Hexaghost","floor":16,"turns":8},{"damage":10,"enemies":"2 Thieves","floor":18,"turns":3},{"damage":14,"enemies":"Shell Parasite","floor":20,"turns":3},{"damage":13,"enemies":"Centurion and Healer","floor":22,"turns":4},{"damage":0,"enemies":"Cultist and Chosen","floor":24,"turns":3},{"damage":3,"enemies":"Gremlin Leader","floor":25,"turns":2},{"damage":1,"enemies":"Shelled Parasite and Fungi","floor":27,"turns":3},{"damage":10,"enemies":"Slavers","floor":28,"turns":4},{"damage":0,"enemies":"Chosen and Byrds","floor":29,"turns":3},{"damage":25,"enemies":"Centurion and Healer","floor":30,"turns":5},{"damage":4,"enemies":"Cultist and Chosen","floor":31,"turns":6},{"damage":3,"enemies":"Champ","floor":33,"turns":6},{"damage":5,"enemies":"3 Darklings","floor":35,"turns":4},{"damage":0,"enemies":"3 Shapes","floor":36,"turns":1},{"damage":38,"enemies":"Writhing Mass","floor":37,"turns":4},{"damage":4,"enemies":"3 Darklings","floor":39,"turns":4},{"damage":28,"enemies":"Nemesis","floor":40,"turns":5},{"damage":36,"enemies":"Jaw Worm Horde","floor":42,"turns":8},{"damage":0,"enemies":"Reptomancer","floor":45,"turns":6},{"damage":2,"enemies":"Transient","floor":46,"turns":5},{"damage":36,"enemies":"Awakened One","floor":50,"turns":7}],"seed_played":"-7507778529604601654","potions_obtained":[{"floor":1.0,"key":"EntropicBrew"},{"floor":6.0,"key":"LiquidBronze"},{"floor":13.0,"key":"Swift Potion"},{"floor":22,"key":"AttackPotion"},{"floor":25,"key":"Dexterity Potion"},{"floor":27,"key":"Strength Potion"},{"floor":28,"key":"Ancient Potion"},{"floor":31,"key":"Poison Potion"},{"floor":36,"key":"Swift Potion"},{"floor":42,"key":"Fire Potion"},{"floor":45,"key":"Energy Potion"}],"is_trial":false,"path_per_floor":["M","M","?","?","M","E","$","M","T","E","R","$","E","M","R","B",null,"M","?","M","$","M","R","M","E","T","M","E","M","M","M","R","B",null,"M","M","M","$","M","E","R","M","T","R","E","M","?","?","R","B",null],"character_chosen":"IRONCLAD","items_purchased":["Dropkick","Headbutt","Flame Barrier","Feel No Pain","Metamorphosis"],"campfire_rested":1,"item_purchase_floors":[7,12,21,21,38],"current_hp_per_floor":[52,53,46,46,51,61,61,68,68,53,53,53,63,76,76,42,80,79,79,82,82,89,89,89,89,89,89,89,89,85,89,89,92,92,95,95,69,69,73,53,53,49,49,49,98,98,98,98,98,62],"gold":197,"neow_bonus":"THREE_RARE_CARDS","is_prod":false,"is_daily":false,"chose_seed":false,"campfire_upgraded":6,"win_rate":0.0,"timestamp":1563747702,"path_taken":["M","M","?","?","M","E","?","M","T","E","R","$","E","M","R","BOSS","M","?","M","$","M","R","M","E","T","M","E","?","M","M","R","BOSS","M","M","M","$","M","E","R","M","T","R","E","M","?","?","R","BOSS"],"build_version":"2019-07-05","purchased_purges":3,"victory":true,"max_hp_per_floor":[80,80,80,80,80,80,80,80,80,80,80,80,80,80,80,80,80,83,83,86,86,89,89,89,89,89,89,89,89,89,89,89,92,92,95,95,95,95,95,95,95,95,95,95,98,98,98,98,98,98],"card_choices":[{"not_picked":["Barricade","Limit Break"],"picked":"Demon Form","floor":0.0},{"not_picked":["Sword Boomerang","Cleave"],"picked":"Reckless Charge","floor":1.0},{"not_picked":["Flex","Dual Wield"],"picked":"Uppercut","floor":2.0},{"not_picked":["True Grit","Burning Pact"],"picked":"Iron Wave","floor":5.0},{"not_picked":["True Grit","Pommel Strike"],"picked":"Reaper","floor":6.0},{"not_picked":["Shrug It Off","Flex"],"picked":"Whirlwind","floor":8.0},{"not_picked":["Second Wind","Clash"],"picked":"Fiend Fire","floor":10.0},{"not_picked":["Cleave","Searing Blow"],"picked":"Heavy Blade","floor":13.0},{"not_picked":["Clash","Anger"],"picked":"Hemokinesis","floor":14.0},{"not_picked":["Fiend Fire","Demon Form"],"picked":"Feed","floor":16},{"not_picked":["Warcry","Anger"],"picked":"Perfected Strike","floor":18},{"not_picked":["Heavy Blade","True Grit+1"],"picked":"Perfected Strike+1","floor":20},{"not_picked":["Clash+1","True Grit"],"picked":"Pommel Strike+1","floor":22},{"not_picked":["Iron Wave+1","Power Through"],"picked":"Corruption","floor":24},{"not_picked":["Pommel Strike","Clothesline"],"picked":"Impervious","floor":25},{"not_picked":["Twin Strike+1","Headbutt"],"picked":"Uppercut","floor":27},{"not_picked":["Flex+1","Twin Strike+1"],"picked":"Sever Soul+1","floor":28},{"not_picked":["Anger+1","Twin Strike"],"picked":"Flame Barrier","floor":29},{"not_picked":["Sword Boomerang+1","Bloodletting+1"],"picked":"Perfected Strike","floor":30},{"not_picked":["Clash+1","Iron Wave","Fire Breathing"],"picked":"SKIP","floor":31},{"not_picked":["Juggernaut","Brutality"],"picked":"Barricade","floor":33},{"not_picked":["Power Through","Anger+1"],"picked":"Body Slam","floor":35},{"not_picked":["Corruption","Shrug It Off"],"picked":"Dual Wield","floor":36},{"not_picked":["Pummel+1","Clash+1","Battle Trance+1"],"picked":"SKIP","floor":37},{"not_picked":["Anger","Armaments","Thunderclap"],"picked":"SKIP","floor":39},{"not_picked":["Anger+1","Heavy Blade+1"],"picked":"Impervious","floor":40},{"not_picked":["Dropkick","Iron Wave"],"picked":"Perfected Strike","floor":42},{"not_picked":["Twin Strike+1","Reckless Charge"],"picked":"Iron Wave+1","floor":45},{"not_picked":["Clothesline","Flex+1"],"picked":"Perfected Strike","floor":46}],"player_experience":63361,"relics_obtained":[{"floor":6.0,"key":"Red Skull"},{"floor":9.0,"key":"Bag of Preparation"},{"floor":10.0,"key":"Blood Vial"},{"floor":13.0,"key":"Bottled Flame"},{"floor":25,"key":"Orichalcum"},{"floor":26,"key":"Pen Nib"},{"floor":28,"key":"Ornamental Fan"},{"floor":40,"key":"Tiny Chest"},{"floor":43,"key":"Bronze Scales"},{"floor":45,"key":"Whetstone"}],"event_choices":[{"cards_removed":["Strike_R"],"damage_healed":0.0,"max_hp_gain":0.0,"max_hp_loss":0.0,"gold_gain":0.0,"event_name":"Golden Wing","player_choice":"Card Removal","floor":3.0,"gold_loss":0.0,"damage_taken":7.0},{"damage_healed":0.0,"max_hp_gain":0.0,"max_hp_loss":0.0,"gold_gain":0.0,"cards_transformed":["Strike_R"],"event_name":"Living Wall","player_choice":"Change","floor":4.0,"gold_loss":0.0,"damage_taken":0.0,"cards_obtained":["Disarm"]},{"cards_removed":["Defend_R"],"damage_healed":0,"gold_gain":0,"player_choice":"Card Removal","damage_taken":0,"max_hp_gain":0,"max_hp_loss":0,"event_name":"Wheel of Change","floor":19,"gold_loss":0},{"damage_healed":0,"gold_gain":0,"player_choice":"Upgrade","damage_taken":0,"relics_obtained":["Mark of the Bloom"],"max_hp_gain":0,"max_hp_loss":0,"event_name":"MindBloom","floor":47,"gold_loss":0,"cards_upgraded":["Strike_R","Strike_R","Defend_R","Reckless Charge","Disarm","Iron Wave","Reaper","Whirlwind","Fiend Fire","Headbutt","Heavy Blade","Feed","Flame Barrier","Feel No Pain","Corruption","Impervious","Flame Barrier","Perfected Strike","Barricade","Body Slam","Metamorphosis","Impervious","Perfected Strike","Perfected Strike"]},{"damage_healed":0,"gold_gain":0,"player_choice":"Memory 1","damage_taken":0,"max_hp_gain":0,"max_hp_loss":0,"event_name":"SensoryStone","floor":48,"gold_loss":0}],"is_beta":false,"boss_relics":[{"not_picked":["Coffee Dripper","Runic Dome"],"picked":"Snecko Eye"},{"not_picked":["Cursed Key","Mark of Pain"],"picked":"Philosopher\u0027s Stone"}],"items_purged_floors":[7,21,38],"is_endless":false,"potions_floor_spawned":[1,6,8,13,22,25,27,28,31,36,37,42,45,46],"ascension_level":0}