{"gold_per_floor":[117,37,37,47,62,62,95,107,107,117,129,8,28,43,43,139,139,128,141,141,121,134,34,45,55,55,69,169,169,185,25,25,123,123,140,140,140,158,158,193,193,28,54,54],"floor_reached":44,"playtime":3313,"items_purged":["Strike_B","Defend_B"],"score":567,"play_id":"116a510d-f561-4edc-88f9-f0bda9275b14","local_time":"20190712202135","is_ascension_mode":false,"campfire_choices":[{"data":"Zap","floor":6,"key":"SMITH"},{"floor":15,"key":"REST"},{"data":"Defragment","floor":29,"key":"SMITH"},{"data":"Defragment","floor":32,"key":"SMITH"},{"data":"Master of Strategy","floor":41,"key":"SMITH"}],"neow_cost":"NONE","seed_source_timestamp":11728898471124,"circlet_count":0,"master_deck":["Defend_B+1","Defend_B+1","Defend_B+1","Zap+1","Dualcast+1","Coolheaded+1","FTL+1","Glacier+1","Melter+1","Barrage+1","Barrage+1","Cold Snap+1","Beam Cell+1","Go for the Eyes+1","Conserve Battery+1","FTL+1","Rip and Tear+1","Seek+1","Aggregate+1","Steam+1","Bite+1","Bite+1","Bite+1","Bite+1","Bite+1","Defragment+1","Defragment+1","Glacier+1","Machine Learning+1","Cold Snap+1","All For One+1","Streamline+1","Defragment+1","Go for the Eyes+1","Electrodynamics+1","Steam+1","Master of Strategy+1","Storm+1","Leap+1","Enlightenment","Defragment"],"relics":["Cracked Core","NeowsBlessing","Dream Catcher","Pantograph","Odd Mushroom","Lizard Tail","Bottled Lightning","Du-Vu Doll","Kunai","Black Star","Mark of the Bloom","Unceasing Top","Happy Flower","Boot"],"potions_floor_usage":[7,13,16,22,27,28,40],"damage_taken":[{"damage":0,"enemies":"Cultist","floor":1,"turns":1},{"damage":0,"enemies":"Small Slimes","floor":4,"turns":1},{"damage":0,"enemies":"2 Louse","floor":5,"turns":1},{"damage":22,"enemies":"Gremlin Nob","floor":7,"turns":5},{"damage":0,"enemies":"Looter","floor":8,"turns":2},{"damage":7,"enemies":"Exordium Thugs","floor":10,"turns":5},{"damage":24,"enemies":"Gremlin Gang","floor":11,"turns":4},{"damage":5,"enemies":"The Mushroom Lair","floor":13,"turns":3},{"damage":3,"enemies":"Looter","floor":14,"turns":2},{"damage":11,"enemies":"The Guardian","floor":16,"turns":10},{"damage":13,"enemies":"2 Thieves","floor":18,"turns":4},{"damage":8,"enemies":"Spheric Guardian","floor":19,"turns":4},{"damage":24,"enemies":"Snake Plant","floor":22,"turns":5},{"damage":3,"enemies":"Chosen and Byrds","floor":24,"turns":7},{"damage":11,"enemies":"Snecko","floor":25,"turns":6},{"damage":3,"enemies":"Snake Plant","floor":27,"turns":7},{"damage":23,"enemies":"Colosseum Slavers","floor":28,"turns":6},{"damage":1,"enemies":"Colosseum Nobs","floor":28,"turns":6},{"damage":4,"enemies":"Cultist and Chosen","floor":30,"turns":9},{"damage":0,"enemies":"Champ","floor":33,"turns":14},{"damage":11,"enemies":"3 Shapes","floor":35,"turns":3},{"damage":0,"enemies":"3 Darklings","floor":38,"turns":2},{"damage":31,"enemies":"Nemesis","floor":40,"turns":7},{"damage":16,"enemies":"Spire Growth","floor":44,"turns":2}],"seed_played":"5883566125021669189","potions_obtained":[{"floor":5,"key":"SkillPotion"},{"floor":10,"key":"FocusPotion"},{"floor":11,"key":"Fire Potion"},{"floor":14,"key":"Ancient Potion"},{"floor":19,"key":"LiquidBronze"},{"floor":21,"key":"LiquidBronze"},{"floor":24,"key":"Strength Potion"},{"floor":33,"key":"SneckoOil"},{"floor":35,"key":"Block Potion"},{"floor":38,"key":"Energy Potion"}],"is_trial":false,"path_per_floor":["M","$","?","M","M","R","E","M","T","M","M","$","?","M","R","B",null,"M","M","?","?","M","$","M","M","T","M","?","R","M","$","R","B",null,"M","?","?","M","?","E","R","$","T","M"],"character_chosen":"DEFECT","items_purchased":["FTL","Go for the Eyes","Streamline","Defragment","Go for the Eyes","Enlightenment","Defragment"],"campfire_rested":1,"item_purchase_floors":[2,12,31,31,31,42,42],"current_hp_per_floor":[75,75,75,75,75,75,53,53,53,46,22,22,17,14,36,50,75,62,54,52,52,34,34,39,38,38,43,37,37,43,43,43,52,52,43,43,43,43,43,12,12,12,12,0],"gold":54,"neow_bonus":"THREE_ENEMY_KILL","is_prod":false,"is_daily":false,"chose_seed":false,"campfire_upgraded":4,"win_rate":0.0,"timestamp":1562980895,"path_taken":["M","$","?","M","M","R","E","M","T","M","M","$","?","M","R","BOSS","M","M","?","?","?","$","M","?","T","M","?","R","M","?","R","BOSS","M","?","?","M","?","E","R","$","T","M"],"build_version":"2019-07-05","purchased_purges":2,"victory":false,"max_hp_per_floor":[75,75,75,75,75,75,75,75,75,75,75,75,75,75,75,75,75,75,75,52,52,52,52,52,52,52,52,52,52,52,52,52,52,52,52,52,52,52,52,52,52,52,52,52],"card_choices":[{"not_picked":["Leap","Steam"],"picked":"Coolheaded","floor":1},{"not_picked":["Rebound","Beam Cell"],"picked":"Glacier","floor":4},{"not_picked":["Lockon","Go for the Eyes"],"picked":"Melter","floor":5},{"not_picked":["Redo","Rebound"],"picked":"Barrage","floor":7},{"not_picked":["Darkness","Coolheaded"],"picked":"Barrage","floor":8},{"not_picked":["Multi-Cast","Redo"],"picked":"Cold Snap","floor":10},{"not_picked":["Rebound","Consume"],"picked":"Beam Cell","floor":11},{"not_picked":["Gash","Heatsinks"],"picked":"Conserve Battery","floor":13},{"not_picked":["Steam","Recycle"],"picked":"FTL","floor":14},{"not_picked":["Chill","Redo"],"picked":"Rip and Tear","floor":15},{"not_picked":["Thunder Strike","Meteor Strike"],"picked":"Seek","floor":16},{"not_picked":["Coolheaded","Rebound"],"picked":"Aggregate+1","floor":18},{"not_picked":["Redo","Static Discharge"],"picked":"Steam+1","floor":19},{"not_picked":["Chaos","Steam Power"],"picked":"Defragment","floor":22},{"not_picked":["Compile Driver+1","Darkness"],"picked":"Defragment+1","floor":24},{"not_picked":["Gash","Compile Driver"],"picked":"Glacier","floor":25},{"not_picked":["Stack+1","Reprogram"],"picked":"Machine Learning","floor":27},{"not_picked":["Go for the Eyes","Coolheaded"],"picked":"Cold Snap","floor":28},{"not_picked":["Genetic Algorithm+1","Rebound"],"picked":"All For One","floor":30},{"not_picked":["Biased Cognition","Reboot"],"picked":"Electrodynamics","floor":33},{"not_picked":["Skim+1","Compile Driver"],"picked":"Steam+1","floor":35},{"not_picked":["Panacea","Purity"],"picked":"Master of Strategy","floor":37},{"not_picked":["White Noise+1","Reinforced Body+1"],"picked":"Storm+1","floor":38},{"not_picked":["Static Discharge+1","Stack"],"picked":"Leap+1","floor":40}],"player_experience":133892,"relics_obtained":[{"floor":7,"key":"Dream Catcher"},{"floor":9,"key":"Pantograph"},{"floor":13,"key":"Odd Mushroom"},{"floor":26,"key":"Bottled Lightning"},{"floor":28,"key":"Du-Vu Doll"},{"floor":28,"key":"Kunai"},{"floor":40,"key":"Unceasing Top"},{"floor":40,"key":"Happy Flower"},{"floor":43,"key":"Boot"}],"event_choices":[{"damage_healed":0,"gold_gain":0,"player_choice":"Ignored","damage_taken":0,"max_hp_gain":0,"max_hp_loss":0,"event_name":"Liars Game","floor":3,"gold_loss":0},{"damage_healed":0,"gold_gain":0,"player_choice":"Fought Mushrooms","damage_taken":0,"max_hp_gain":0,"max_hp_loss":0,"event_name":"Mushrooms","floor":13,"gold_loss":0},{"damage_healed":0,"gold_gain":0,"player_choice":"Became a vampire","damage_taken":0,"max_hp_gain":0,"max_hp_loss":23,"event_name":"Vampires","floor":20,"gold_loss":0,"cards_obtained":["Bite","Bite","Bite","Bite","Bite"]},{"damage_healed":0,"gold_gain":0,"player_choice":"Bought 1 Potion","damage_taken":0,"max_hp_gain":0,"max_hp_loss":0,"event_name":"The Woman in Blue","floor":21,"gold_loss":0},{"damage_healed":0,"gold_gain":0,"player_choice":"Fight","damage_taken":0,"max_hp_gain":0,"max_hp_loss":0,"event_name":"Colosseum","floor":28,"gold_loss":0},{"damage_healed":0,"gold_gain":0,"player_choice":"Fought Nobs","damage_taken":0,"max_hp_gain":0,"max_hp_loss":0,"event_name":"Colosseum","floor":28,"gold_loss":0},{"damage_healed":0,"gold_gain":0,"player_choice":"Upgrade","damage_taken":0,"relics_obtained":["Mark of the Bloom"],"max_hp_gain":0,"max_hp_loss":0,"event_name":"MindBloom","floor":36,"gold_loss":0,"cards_upgraded":["Defend_B","Defend_B","Defend_B","Dualcast","Coolheaded","FTL","Glacier","Melter","Barrage","Barrage","Cold Snap","Beam Cell","Go for the Eyes","Conserve Battery","FTL","Rip and Tear","Seek","Bite","Bite","Bite","Bite","Bite","Glacier","Machine Learning","Cold Snap","All For One","Streamline","Go for the Eyes","Electrodynamics"]},{"damage_healed":0,"gold_gain":0,"player_choice":"Memory 1","damage_taken":0,"max_hp_gain":0,"max_hp_loss":0,"event_name":"SensoryStone","floor":37,"gold_loss":0},{"damage_healed":0,"gold_gain":0,"player_choice":"Ignored","damage_taken":0,"max_hp_gain":0,"max_hp_loss":0,"event_name":"Tomb of Lord Red Mask","floor":39,"gold_loss":0}],"is_beta":false,"boss_relics":[{"not_picked":["Snecko Eye","Pandora\u0027s Box"],"picked":"Lizard Tail"},{"not_picked":["Runic Pyramid","Runic Dome"],"picked":"Black Star"}],"items_purged_floors":[12,23],"is_endless":false,"potions_floor_spawned":[5,10,11,14,19,24,28,33,35,38],"killed_by":"Spire Growth","ascension_level":0}