{"gold_per_floor":[113,113,113,126,139,139,156,156,156,179,179,210,210,225,225,324,324,342,32,32,43,43,68,42,59,106,126,137,148,148,163,163,163],"floor_reached":33,"playtime":2731,"items_purged":["Strike_G"],"score":269,"play_id":"3f57a1b5-3cfc-4bf9-a728-54ddac1444db","local_time":"20190718233647","is_ascension_mode":false,"campfire_choices":[{"data":"Footwork","floor":6,"key":"SMITH"},{"data":"Neutralize","floor":8,"key":"SMITH"},{"data":"Poisoned Stab","floor":11,"key":"SMITH"},{"data":"Flying Knee","floor":15,"key":"SMITH"},{"floor":30,"key":"REST"},{"floor":32,"key":"REST"}],"neow_cost":"NONE","seed_source_timestamp":28831788848356,"circlet_count":0,"master_deck":["Strike_G","Strike_G","Strike_G","Defend_G","Defend_G","Defend_G","Defend_G","Defend_G","Survivor","Neutralize+1","Footwork+1","Caltrops","Dash+1","Deflect","All Out Attack","Poisoned Stab+1","Deflect","Flying Knee+1","A Thousand Cuts","Dagger Spray","Apotheosis","Slice","Flying Knee","Backstab","Outmaneuver","Well Laid Plans","Flying Knee","Quick Slash"],"relics":["Ring of the Snake","NeowsBlessing","Ninja Scroll","Odd Mushroom","Darkstone Periapt","Busted Crown","Omamori","Art of War"],"potions_floor_usage":[12,16,18,18,23,25,31,33,33],"damage_taken":[{"damage":0,"enemies":"Jaw Worm","floor":1,"turns":1},{"damage":0,"enemies":"Small Slimes","floor":4,"turns":1},{"damage":0,"enemies":"Cultist","floor":5,"turns":1},{"damage":4,"enemies":"Large Slime","floor":7,"turns":8},{"damage":3,"enemies":"The Mushroom Lair","floor":10,"turns":4},{"damage":18,"enemies":"3 Sentries","floor":12,"turns":10},{"damage":0,"enemies":"Blue Slaver","floor":14,"turns":3},{"damage":4,"enemies":"The Guardian","floor":16,"turns":10},{"damage":0,"enemies":"2 Thieves","floor":18,"turns":3},{"damage":3,"enemies":"Shell Parasite","floor":21,"turns":5},{"damage":41,"enemies":"Gremlin Leader","floor":23,"turns":7},{"damage":0,"enemies":"Snake Plant","floor":25,"turns":4},{"damage":13,"enemies":"Cultist and Chosen","floor":27,"turns":6},{"damage":3,"enemies":"Chosen and Byrds","floor":28,"turns":5},{"damage":0,"enemies":"Shelled Parasite and Fungi","floor":29,"turns":6},{"damage":12,"enemies":"Snake Plant","floor":31,"turns":4},{"damage":49,"enemies":"Automaton","floor":33,"turns":12}],"seed_played":"-884999060520034776","potions_obtained":[{"floor":5,"key":"PowerPotion"},{"floor":7,"key":"SneckoOil"},{"floor":10,"key":"PowerPotion"},{"floor":12,"key":"Strength Potion"},{"floor":16,"key":"PowerPotion"},{"floor":18,"key":"Swift Potion"},{"floor":22,"key":"Dexterity Potion"},{"floor":22,"key":"PowerPotion"},{"floor":29,"key":"Regen Potion"},{"floor":31,"key":"Explosive Potion"}],"is_trial":false,"path_per_floor":["M","?","?","M","M","R","M","R","T","?","R","E","?","M","R","B",null,"M","$","?","M","?","E","$","M","T","M","M","M","R","M","R","B"],"character_chosen":"THE_SILENT","items_purchased":["Apotheosis","Slice","Outmaneuver"],"campfire_rested":2,"item_purchase_floors":[19,19,24],"current_hp_per_floor":[70,70,70,70,70,70,66,66,66,63,63,45,45,45,45,41,70,70,70,70,67,67,26,26,26,26,13,10,10,31,19,40,6],"gold":163,"neow_bonus":"THREE_ENEMY_KILL","is_prod":false,"is_daily":false,"chose_seed":false,"campfire_upgraded":4,"win_rate":0,"timestamp":1563511007,"path_taken":["M","?","?","?","M","R","M","R","T","?","R","E","?","?","R","BOSS","M","$","?","M","?","E","$","M","T","M","M","M","R","?","R","BOSS"],"build_version":"2019-07-17","purchased_purges":1,"victory":false,"max_hp_per_floor":[70,70,70,70,70,70,70,70,70,70,70,70,70,70,70,70,70,70,70,70,70,70,70,70,70,70,70,70,70,70,70,70,70],"card_choices":[{"not_picked":["PiercingWail","Cloak And Dagger"],"picked":"Footwork","floor":1},{"not_picked":["Choke","Accuracy"],"picked":"Dash","floor":4},{"not_picked":["Escape Plan","Catalyst"],"picked":"Deflect","floor":5},{"not_picked":["Escape Plan","Prepared"],"picked":"All Out Attack","floor":7},{"not_picked":["Distraction","Acrobatics"],"picked":"Poisoned Stab","floor":10},{"not_picked":["Bullet Time","Dagger Throw"],"picked":"Deflect","floor":12},{"not_picked":["Dodge and Roll","Accuracy"],"picked":"Flying Knee","floor":14},{"not_picked":["Venomology","Corpse Explosion"],"picked":"A Thousand Cuts","floor":16},{"not_picked":[],"picked":"Dagger Spray","floor":18},{"not_picked":["Escape Plan"],"picked":"SKIP","floor":21},{"not_picked":[],"picked":"Backstab","floor":23},{"not_picked":["Acrobatics"],"picked":"SKIP","floor":25},{"not_picked":[],"picked":"Well Laid Plans","floor":27},{"not_picked":["All Out Attack"],"picked":"SKIP","floor":28},{"not_picked":[],"picked":"Flying Knee","floor":29},{"not_picked":[],"picked":"Quick Slash","floor":31}],"player_experience":177132,"relics_obtained":[{"floor":9,"key":"Ninja Scroll"},{"floor":10,"key":"Odd Mushroom"},{"floor":12,"key":"Darkstone Periapt"},{"floor":23,"key":"Omamori"},{"floor":26,"key":"Art of War"}],"event_choices":[{"damage_healed":0,"gold_gain":0,"player_choice":"Ignored","damage_taken":0,"max_hp_gain":0,"max_hp_loss":0,"event_name":"Liars Game","floor":2,"gold_loss":0},{"damage_healed":0,"gold_gain":0,"cards_transformed":["Strike_G"],"player_choice":"Transformed","damage_taken":0,"max_hp_gain":0,"max_hp_loss":0,"event_name":"Transmorgrifier","floor":3,"gold_loss":0,"cards_obtained":["Caltrops"]},{"damage_healed":0,"gold_gain":0,"player_choice":"Fought Mushrooms","damage_taken":0,"max_hp_gain":0,"max_hp_loss":0,"event_name":"Mushrooms","floor":10,"gold_loss":0},{"damage_healed":0,"gold_gain":0,"player_choice":"Forge","damage_taken":0,"max_hp_gain":0,"max_hp_loss":0,"event_name":"Accursed Blacksmith","floor":13,"gold_loss":0,"cards_upgraded":["Dash"]},{"damage_healed":0,"gold_gain":0,"player_choice":"Read","damage_taken":0,"max_hp_gain":0,"max_hp_loss":0,"event_name":"The Library","floor":20,"gold_loss":0,"cards_obtained":["Flying Knee"]},{"damage_healed":0,"gold_gain":0,"player_choice":"Got Potions","damage_taken":0,"max_hp_gain":0,"max_hp_loss":0,"event_name":"Lab","floor":22,"gold_loss":0}],"is_beta":false,"boss_relics":[{"not_picked":["Astrolabe","Calling Bell"],"picked":"Busted Crown"}],"items_purged_floors":[19],"is_endless":false,"potions_floor_spawned":[5,7,10,12,16,18,29,31],"killed_by":"Automaton","ascension_level":0}