{"gold_per_floor":[10,20,35,55,55,55,67,67,121,121,134,167,167,199,199,199],"floor_reached":16,"playtime":851,"items_purged":[],"score":118,"play_id":"910e2c59-fb98-44c1-b528-6f35e73c6663","local_time":"20190724160525","is_ascension_mode":true,"campfire_choices":[{"data":"Bash","floor":6,"key":"SMITH"},{"data":"Rupture","floor":8,"key":"SMITH"},{"data":"Combust","floor":10,"key":"SMITH"},{"data":"Berserk","floor":15,"key":"SMITH"}],"neow_cost":"NO_GOLD","seed_source_timestamp":52598039667423,"circlet_count":0,"master_deck":["Strike_R","Strike_R","Defend_R","Defend_R","Defend_R","Defend_R","Bash+1","Rupture+1","Sever Soul","Clash","Rampage","Combust+1","Blood for Blood","Infernal Blade+1","Berserk+1"],"relics":["Burning Blood","Dream Catcher","Toxic Egg 2","Letter Opener","Bag of Marbles"],"potions_floor_usage":[4,16,16,16],"damage_taken":[{"damage":5,"enemies":"Cultist","floor":1,"turns":4},{"damage":15,"enemies":"Jaw Worm","floor":2,"turns":5},{"damage":5,"enemies":"2 Louse","floor":3,"turns":3},{"damage":18,"enemies":"Large Slime","floor":4,"turns":6},{"damage":5,"enemies":"Looter","floor":7,"turns":2},{"damage":5,"enemies":"3 Louse","floor":11,"turns":3},{"damage":28,"enemies":"Lagavulin","floor":12,"turns":5},{"damage":24,"enemies":"3 Sentries","floor":14,"turns":5},{"damage":33,"enemies":"The Guardian","floor":16,"turns":5}],"seed_played":"4091817726099336806","potions_obtained":[{"floor":1,"key":"BloodPotion"},{"floor":4,"key":"SteroidPotion"},{"floor":7,"key":"AttackPotion"},{"floor":12,"key":"EssenceOfSteel"},{"floor":14,"key":"Energy Potion"}],"is_trial":false,"path_per_floor":["M","M","M","M","?","R","M","R","T","R","M","E","T","E","R","B"],"character_chosen":"IRONCLAD","items_purchased":[],"campfire_rested":0,"item_purchase_floors":[],"current_hp_per_floor":[80,71,72,68,68,68,69,69,69,69,70,48,48,30,30,0],"gold":199,"neow_bonus":"REMOVE_TWO","is_prod":false,"is_daily":false,"chose_seed":false,"campfire_upgraded":4,"win_rate":0,"timestamp":1563977125,"path_taken":["M","M","?","M","?","R","M","R","T","R","M","E","?","E","R","BOSS"],"build_version":"2019-07-05","purchased_purges":0,"victory":false,"max_hp_per_floor":[80,80,80,80,80,80,80,80,80,80,80,80,80,80,80,80],"card_choices":[{"not_picked":["Shrug It Off","True Grit"],"picked":"Rupture","floor":1},{"not_picked":["Flex","Clash"],"picked":"Sever Soul","floor":2},{"not_picked":["Dual Wield","Flex"],"picked":"Clash","floor":3},{"not_picked":["Armaments","Searing Blow"],"picked":"Rampage","floor":4},{"not_picked":["Clothesline","Carnage"],"picked":"Combust","floor":7},{"not_picked":["Burning Pact","Heavy Blade"],"picked":"Blood for Blood","floor":11},{"not_picked":["Heavy Blade","Battle Trance"],"picked":"Infernal Blade","floor":12},{"not_picked":["Evolve","Perfected Strike"],"picked":"Berserk","floor":14}],"player_experience":112781,"relics_obtained":[{"floor":9,"key":"Dream Catcher"},{"floor":12,"key":"Toxic Egg 2"},{"floor":13,"key":"Letter Opener"},{"floor":14,"key":"Bag of Marbles"}],"event_choices":[{"cards_removed":["Strike_R"],"damage_healed":0,"gold_gain":0,"player_choice":"Forget","damage_taken":0,"max_hp_gain":0,"max_hp_loss":0,"event_name":"Living Wall","floor":5,"gold_loss":0}],"is_beta":false,"boss_relics":[],"items_purged_floors":[],"is_endless":false,"potions_floor_spawned":[1,4,7,12,14],"killed_by":"The Guardian","ascension_level":1}