{"gold_per_floor":[112,152,327,45,78,132,132,97,151,182,182,233,233,243,243,243],"floor_reached":16,"playtime":761,"items_purged":[],"score":167,"play_id":"ae842c3c-4846-4a0f-8530-0c5df2b5df0b","local_time":"20190724182318","is_ascension_mode":true,"campfire_choices":[{"floor":7,"key":"REST"},{"floor":11,"key":"REST"},{"data":"Bash","floor":15,"key":"SMITH"}],"neow_cost":"TEN_PERCENT_HP_LOSS","seed_source_timestamp":1155749163996600,"circlet_count":0,"master_deck":["AscendersBane","Strike_R","Strike_R","Strike_R","Strike_R","Defend_R","Defend_R","Defend_R","Defend_R","Bash+1","HandOfGreed","Purity","Intimidate","Shrug It Off","Doubt","Reckless Charge+1","Sword Boomerang+1","Shockwave","Dual Wield","Heavy Blade+1","Burning Pact"],"relics":["Burning Blood","Molten Egg 2","PreservedInsect","Art of War","Gambling Chip"],"potions_floor_usage":[6,10,16],"damage_taken":[{"damage":14,"enemies":"Cultist","floor":1,"turns":5},{"damage":8,"enemies":"Jaw Worm","floor":2,"turns":4},{"damage":7,"enemies":"Small Slimes","floor":5,"turns":4},{"damage":55,"enemies":"Lagavulin","floor":6,"turns":6},{"damage":24,"enemies":"Gremlin Nob","floor":10,"turns":3},{"damage":0,"enemies":"2 Fungi Beasts","floor":14,"turns":3},{"damage":60,"enemies":"Slime Boss","floor":16,"turns":8}],"seed_played":"8766339412311206802","potions_obtained":[{"floor":2,"key":"Fire Potion"},{"floor":5,"key":"LiquidBronze"},{"floor":10,"key":"Fire Potion"}],"is_trial":false,"path_per_floor":["M","M","?","$","M","E","R","?","T","E","R","?","?","M","R","B"],"character_chosen":"IRONCLAD","items_purchased":["Molten Egg 2","Reckless Charge+1"],"campfire_rested":2,"item_purchase_floors":[4,4],"current_hp_per_floor":[64,62,62,62,61,12,33,51,51,33,54,54,54,60,60,0],"gold":243,"neow_bonus":"RANDOM_COLORLESS_2","is_prod":false,"is_daily":false,"chose_seed":false,"campfire_upgraded":1,"win_rate":0,"timestamp":1563988998,"path_taken":["M","M","?","?","M","E","R","?","T","E","R","?","?","M","R","BOSS"],"build_version":"2019-07-17","purchased_purges":0,"victory":false,"max_hp_per_floor":[72,72,72,72,72,72,72,72,72,72,72,72,72,72,72,72],"card_choices":[{"not_picked":["Clothesline","True Grit"],"picked":"Intimidate","floor":1},{"not_picked":["Clothesline","Body Slam"],"picked":"Shrug It Off","floor":2},{"not_picked":["Rupture","Bloodletting"],"picked":"Sword Boomerang+1","floor":5},{"not_picked":["Clothesline+1","Ghostly Armor"],"picked":"Shockwave","floor":6},{"not_picked":["Body Slam+1","Brutality"],"picked":"Dual Wield","floor":10},{"not_picked":["Perfected Strike+1","Intimidate"],"picked":"Burning Pact","floor":14}],"player_experience":1081445,"relics_obtained":[{"floor":6,"key":"PreservedInsect"},{"floor":9,"key":"Art of War"},{"floor":10,"key":"Gambling Chip"}],"event_choices":[{"damage_healed":0,"gold_gain":175,"player_choice":"AGREE","damage_taken":0,"max_hp_gain":0,"max_hp_loss":0,"event_name":"Liars Game","floor":3,"gold_loss":0,"cards_obtained":["Doubt"]},{"damage_healed":18,"gold_gain":0,"player_choice":"Healed","damage_taken":0,"max_hp_gain":0,"max_hp_loss":0,"event_name":"The Cleric","floor":8,"gold_loss":35},{"damage_healed":0,"gold_gain":51,"player_choice":"Gained Gold","damage_taken":0,"max_hp_gain":0,"max_hp_loss":0,"event_name":"Golden Wing","floor":12,"gold_loss":0},{"damage_healed":0,"gold_gain":0,"cards_transformed":["Strike_R"],"player_choice":"Change","damage_taken":0,"max_hp_gain":0,"max_hp_loss":0,"event_name":"Living Wall","floor":13,"gold_loss":0,"cards_obtained":["Heavy Blade"]}],"is_beta":false,"boss_relics":[],"items_purged_floors":[],"is_endless":false,"potions_floor_spawned":[2,5,10],"killed_by":"Slime Boss","ascension_level":11}