{"gold_per_floor":[115,127,137,147,167,201,213,238,250,262,290,317,26,40,40,113,163,181,181,191,26,44,44,44,44,44,44,59,77,77,96,96,170,170,190,203,213,213,229,229,229],"floor_reached":41,"playtime":5217,"items_purged":["Regret"],"score":786,"play_id":"82935af0-2b0f-40c1-84f3-7e5f629f8da0","local_time":"20190721022214","is_ascension_mode":true,"campfire_choices":[{"data":"Neutralize","floor":7.0,"key":"SMITH"},{"data":"Backflip","floor":15.0,"key":"SMITH"},{"floor":23.0,"key":"REST"},{"floor":25.0,"key":"REST"},{"data":"Backstab","floor":27.0,"key":"SMITH"},{"floor":30.0,"key":"REST"},{"floor":32.0,"key":"REST"},{"floor":40.0,"key":"REST"}],"neow_cost":"CURSE","seed_source_timestamp":101969817305000,"circlet_count":0,"master_deck":["AscendersBane","Survivor","Neutralize+1","Injury","Deadly Poison","PiercingWail","Bane+1","Escape Plan","Dagger Throw","Dagger Throw","Underhanded Strike","Blur","Backstab+1","Backflip+1","Adrenaline","Prepared","Deflect+1","Leg Sweep","Footwork","Dash","Cloak And Dagger","Tactician","Tools of the Trade","Burst","Sucker Punch+1","Flechettes+1","Endless Agony+1","Storm of Steel","Phantasmal Killer","PiercingWail","Setup","Grand Finale+1","Storm of Steel","Tactician","Deflect","Well Laid Plans","Cloak And Dagger","Decay","PiercingWail+1"],"special_seed":0,"relics":["Ring of the Snake","Tingsha","MawBank","Calipers","War Paint","Kunai","Tiny House","Molten Egg 2","Pandora\u0027s Box"],"potions_floor_usage":[],"damage_taken":[{"damage":2.0,"enemies":"Jaw Worm","floor":1.0,"turns":6.0},{"damage":0.0,"enemies":"2 Louse","floor":2.0,"turns":3.0},{"damage":0.0,"enemies":"Cultist","floor":3.0,"turns":3.0},{"damage":9.0,"enemies":"Red Slaver","floor":4.0,"turns":5.0},{"damage":1.0,"enemies":"3 Louse","floor":5.0,"turns":5.0},{"damage":22.0,"enemies":"Lagavulin","floor":6.0,"turns":8.0},{"damage":2.0,"enemies":"Blue Slaver","floor":8.0,"turns":4.0},{"damage":0.0,"enemies":"Looter","floor":11.0,"turns":2.0},{"damage":7.0,"enemies":"Exordium Thugs","floor":12.0,"turns":3.0},{"damage":10.0,"enemies":"Lots of Slimes","floor":14.0,"turns":4.0},{"damage":15.0,"enemies":"Hexaghost","floor":16.0,"turns":12.0},{"damage":0.0,"enemies":"Chosen","floor":18.0,"turns":3.0},{"damage":3.0,"enemies":"Shell Parasite","floor":20.0,"turns":7.0},{"damage":28.0,"enemies":"Cultist and Chosen","floor":22.0,"turns":14.0},{"damage":36.0,"enemies":"Book of Stabbing","floor":24.0,"turns":9.0},{"damage":21.0,"enemies":"Snecko","floor":28.0,"turns":7.0},{"damage":2.0,"enemies":"Centurion and Healer","floor":29.0,"turns":11.0},{"damage":5.0,"enemies":"Cultist and Chosen","floor":31.0,"turns":12.0},{"damage":19.0,"enemies":"Collector","floor":33.0,"turns":23.0},{"damage":5.0,"enemies":"Orb Walker","floor":35.0,"turns":3.0},{"damage":16.0,"enemies":"3 Darklings","floor":36.0,"turns":9.0},{"damage":7.0,"enemies":"Maw","floor":37.0,"turns":12.0},{"damage":0.0,"enemies":"Jaw Worm Horde","floor":39.0,"turns":6.0},{"damage":74,"enemies":"Giant Head","floor":41,"turns":9}],"seed_played":"-3674851729402370406","potions_obtained":[{"floor":2.0,"key":"FearPotion"},{"floor":4.0,"key":"Weak Potion"},{"floor":6.0,"key":"SkillPotion"},{"floor":12.0,"key":"Regen Potion"},{"floor":16.0,"key":"GamblersBrew"},{"floor":17.0,"key":"SmokeBomb"},{"floor":22.0,"key":"Block Potion"},{"floor":28.0,"key":"SkillPotion"},{"floor":29.0,"key":"Strength Potion"},{"floor":31.0,"key":"Weak Potion"},{"floor":35.0,"key":"Fire Potion"},{"floor":36.0,"key":"Block Potion"},{"floor":37.0,"key":"Block Potion"}],"is_trial":false,"path_per_floor":["M","M","M","M","M","E","R","M","T","?","M","M","$","M","R","B",null,"M","?","M","$","M","R","E","R","T","R","M","M","R","M","R","B",null,"M","M","M","?","M","R","E"],"character_chosen":"THE_SILENT","items_purchased":["Kunai","Backstab","Footwork"],"campfire_rested":5,"item_purchase_floors":[13,13,21],"current_hp_per_floor":[57,57,57,48,47,25,25,23,23,23,23,16,16,18,18,3,55,55,55,52,52,24,45,9,30,30,30,9,7,28,23,44,25,60,55,39,32,32,32,53,0],"gold":229,"neow_bonus":"ONE_RARE_RELIC","is_prod":false,"is_daily":false,"chose_seed":false,"campfire_upgraded":3,"win_rate":0,"timestamp":1563668534,"path_taken":["M","M","M","M","M","E","R","M","T","?","M","M","$","M","R","BOSS","M","?","M","$","M","R","E","R","T","R","M","M","R","M","R","BOSS","M","M","M","?","?","R","E"],"build_version":"2019-07-17","purchased_purges":1,"victory":false,"max_hp_per_floor":[66,66,66,66,66,66,66,66,66,66,66,66,66,66,66,66,71,71,71,71,71,71,71,71,71,71,71,71,71,71,71,71,71,71,71,71,71,71,71,71,71],"card_choices":[{"not_picked":["Crippling Poison","Finisher"],"picked":"Deadly Poison","floor":1.0},{"not_picked":["Flechettes","Skewer"],"picked":"PiercingWail","floor":2.0},{"not_picked":["Sucker Punch","Deflect"],"picked":"Bane","floor":3.0},{"not_picked":["Tactician","Prepared"],"picked":"Escape Plan","floor":4.0},{"not_picked":["Choke","Flying Knee"],"picked":"Dagger Throw","floor":5.0},{"not_picked":["Prepared","Blade Dance"],"picked":"Dagger Throw","floor":6.0},{"not_picked":["Dagger Throw","Skewer"],"picked":"Underhanded Strike","floor":8.0},{"not_picked":["Flechettes","Underhanded Strike","Predator"],"picked":"SKIP","floor":11.0},{"not_picked":["Blade Dance","Doppelganger"],"picked":"Blur","floor":12.0},{"not_picked":["Dagger Spray","Dagger Throw"],"picked":"Backflip","floor":14.0},{"not_picked":["Storm of Steel","Die Die Die"],"picked":"Adrenaline","floor":16.0},{"not_picked":["Finisher","PiercingWail"],"picked":"Prepared","floor":17.0},{"not_picked":["Setup+1","Underhanded Strike"],"picked":"Deflect+1","floor":18.0},{"not_picked":["Deadly Poison","PiercingWail"],"picked":"Leg Sweep","floor":20.0},{"not_picked":["Acrobatics","PiercingWail"],"picked":"Dash","floor":22.0},{"not_picked":["Riddle With Holes+1","Infinite Blades"],"picked":"Cloak And Dagger","floor":28.0},{"not_picked":["Underhanded Strike+1","Dagger Spray+1"],"picked":"Tactician","floor":29.0},{"not_picked":["Crippling Poison","Blade Dance"],"picked":"Tools of the Trade","floor":31.0},{"not_picked":["Wraith Form v2","Grand Finale+1"],"picked":"Burst","floor":33.0},{"not_picked":["Sucker Punch+1","Quick Slash+1"],"picked":"Deflect","floor":35.0},{"not_picked":["Prepared","Blade Dance"],"picked":"Well Laid Plans","floor":36.0},{"not_picked":["Backflip+1","PiercingWail"],"picked":"Cloak And Dagger","floor":37.0},{"not_picked":["Infinite Blades","Outmaneuver"],"picked":"PiercingWail+1","floor":39.0}],"player_experience":856529,"relics_obtained":[{"floor":6.0,"key":"MawBank"},{"floor":9.0,"key":"Calipers"},{"floor":26.0,"key":"Molten Egg 2"}],"event_choices":[{"damage_healed":0.0,"max_hp_gain":0.0,"max_hp_loss":0.0,"gold_gain":0.0,"event_name":"Big Fish","player_choice":"Box","floor":10.0,"gold_loss":0.0,"damage_taken":0.0,"relics_obtained":["War Paint"],"cards_obtained":["Regret"]},{"damage_healed":0.0,"max_hp_gain":0.0,"max_hp_loss":0.0,"gold_gain":0.0,"event_name":"Ghosts","player_choice":"Ignored","floor":19.0,"gold_loss":0.0,"damage_taken":0.0},{"damage_healed":0.0,"max_hp_gain":0.0,"max_hp_loss":0.0,"gold_gain":0.0,"event_name":"Wheel of Change","player_choice":"Cursed","floor":38.0,"gold_loss":0.0,"damage_taken":0.0,"cards_obtained":["Decay"]}],"is_beta":false,"boss_relics":[{"not_picked":["Velvet Choker","Cursed Key"],"picked":"Tiny House"},{"not_picked":["Astrolabe","Coffee Dripper"],"picked":"Pandora\u0027s Box"}],"items_purged_floors":[21],"is_endless":false,"potions_floor_spawned":[2,4,6,8,12,16,22,28,29,31,35,36,37],"killed_by":"Giant Head","ascension_level":16}