{"gold_per_floor":[110,127,146,72,86,86,104,116,116,41,61,61,61,77,77],"floor_reached":15,"playtime":659,"items_purged":["Strike_R"],"score":91,"play_id":"e79857eb-0fc3-48ac-b2fc-1af0407a5548","local_time":"20190709073924","is_ascension_mode":false,"campfire_choices":[{"data":"Body Slam","floor":6,"key":"SMITH"},{"data":"Armaments","floor":12,"key":"SMITH"},{"data":"Shrug It Off","floor":15,"key":"SMITH"}],"neow_cost":"NONE","seed_source_timestamp":55009729869912,"circlet_count":0,"master_deck":["Strike_R","Strike_R","Strike_R","Strike_R","Defend_R","Defend_R","Defend_R","Defend_R","Bash","Body Slam+1","Shrug It Off+1","Uppercut","Iron Wave","Rampage","Armaments+1"],"relics":["Burning Blood","NeowsBlessing","Blood Vial","Dodecahedron"],"potions_floor_usage":[7,14],"damage_taken":[{"damage":0,"enemies":"2 Louse","floor":1,"turns":1},{"damage":0,"enemies":"Jaw Worm","floor":2,"turns":1},{"damage":0,"enemies":"Small Slimes","floor":3,"turns":1},{"damage":8,"enemies":"Blue Slaver","floor":5,"turns":3},{"damage":15,"enemies":"Exordium Thugs","floor":7,"turns":6},{"damage":11,"enemies":"3 Louse","floor":8,"turns":4},{"damage":12,"enemies":"Blue Slaver","floor":11,"turns":4},{"damage":6,"enemies":"Lots of Slimes","floor":14,"turns":6}],"seed_played":"5268792767338048074","potions_obtained":[{"floor":1,"key":"Weak Potion"},{"floor":7,"key":"GamblersBrew"},{"floor":11,"key":"Block Potion"},{"floor":14,"key":"LiquidBronze"}],"is_trial":false,"path_per_floor":["M","M","M","$","M","R","M","M","T","$","M","R","?","M","R"],"character_chosen":"IRONCLAD","items_purchased":["Uppercut"],"campfire_rested":0,"item_purchase_floors":[4],"current_hp_per_floor":[80,80,80,80,78,78,69,64,64,64,60,60,53,55,55],"gold":77,"neow_bonus":"THREE_ENEMY_KILL","is_prod":false,"is_daily":false,"chose_seed":false,"campfire_upgraded":3,"win_rate":0.0,"timestamp":1562675964,"path_taken":["M","M","M","$","M","R","M","M","T","$","M","R","?","M","R"],"build_version":"2019-07-05","purchased_purges":1,"victory":false,"max_hp_per_floor":[80,80,80,80,80,80,80,80,80,80,80,80,80,80,80],"card_choices":[{"not_picked":["Spot Weakness","Thunderclap","Anger"],"picked":"SKIP","floor":1},{"not_picked":["Headbutt","Flex"],"picked":"Body Slam","floor":2},{"not_picked":["Warcry","Thunderclap"],"picked":"Shrug It Off","floor":3},{"not_picked":["Perfected Strike","Heavy Blade","Wild Strike"],"picked":"SKIP","floor":5},{"not_picked":["Thunderclap","Reckless Charge"],"picked":"Iron Wave","floor":7},{"not_picked":["Feel No Pain","Intimidate"],"picked":"Rampage","floor":8},{"not_picked":["Immolate","Twin Strike"],"picked":"Armaments","floor":11},{"not_picked":["Flex","Havoc","Headbutt"],"picked":"SKIP","floor":14}],"player_experience":44360,"relics_obtained":[{"floor":9,"key":"Blood Vial"}],"event_choices":[{"damage_healed":0,"gold_gain":0,"player_choice":"Success","damage_taken":7,"relics_obtained":["Dodecahedron"],"max_hp_gain":0,"max_hp_loss":0,"event_name":"Scrap Ooze","floor":13,"gold_loss":0}],"is_beta":false,"boss_relics":[],"items_purged_floors":[10],"is_endless":false,"potions_floor_spawned":[1,7,11,14],"ascension_level":0}