{"gold_per_floor":[114,127,127,142,161,161,179,179,179,254,254,265,265,169,169,269,269,283,52,65,65,84,84,84,84,162,172,172,172,172,182,182,182],"floor_reached":33,"playtime":2486,"items_purged":["Strike_R"],"score":237,"play_id":"ff8a5aef-699c-45df-8b33-9e1f953f94e3","local_time":"20190708175640","is_ascension_mode":false,"campfire_choices":[{"data":"Anger","floor":6,"key":"SMITH"},{"data":"Anger","floor":8,"key":"SMITH"},{"data":"Battle Trance","floor":13,"key":"SMITH"},{"data":"Flash of Steel","floor":15,"key":"SMITH"},{"floor":23,"key":"REST"},{"floor":25,"key":"REST"},{"data":"Perfected Strike","floor":30,"key":"SMITH"},{"floor":32,"key":"REST"}],"neow_cost":"TEN_PERCENT_HP_LOSS","seed_source_timestamp":3819273268903,"circlet_count":0,"master_deck":["Strike_R+1","Strike_R+1","Defend_R+1","Defend_R+1","Bash","Twin Strike","Armaments+1","Anger+1","Anger+1","Fire Breathing","Battle Trance+1","Flash of Steel+1","Finesse","Rampage","Perfected Strike+1","Perfected Strike+1","Dark Embrace"],"relics":["Burning Blood","Pocketwatch","StoneCalendar","Black Star","Nilry\u0027s Codex","Gremlin Horn"],"potions_floor_usage":[12,16,27,31],"damage_taken":[{"damage":3,"enemies":"Cultist","floor":1,"turns":5},{"damage":14,"enemies":"2 Louse","floor":2,"turns":3},{"damage":1,"enemies":"Jaw Worm","floor":4,"turns":3},{"damage":7,"enemies":"Blue Slaver","floor":5,"turns":4},{"damage":7,"enemies":"3 Louse","floor":7,"turns":4},{"damage":8,"enemies":"2 Fungi Beasts","floor":12,"turns":3},{"damage":53,"enemies":"The Guardian","floor":16,"turns":7},{"damage":15,"enemies":"Shell Parasite","floor":18,"turns":5},{"damage":30,"enemies":"3 Byrds","floor":20,"turns":6},{"damage":25,"enemies":"Centurion and Healer","floor":22,"turns":6},{"damage":18,"enemies":"Snecko","floor":27,"turns":5},{"damage":29,"enemies":"Snake Plant","floor":31,"turns":4},{"damage":47,"enemies":"Champ","floor":33,"turns":6}],"seed_played":"8810676641367214520","potions_obtained":[{"floor":2,"key":"Block Potion"},{"floor":7,"key":"Fruit Juice"},{"floor":16,"key":"SteroidPotion"},{"floor":20,"key":"Explosive Potion"},{"floor":24,"key":"AttackPotion"}],"is_trial":false,"path_per_floor":["M","M","?","M","M","R","M","R","T","?","T","M","R","$","R","B",null,"M","$","M","?","M","R","?","R","T","M","?","?","R","M","R","B"],"character_chosen":"IRONCLAD","items_purchased":["Flash of Steel","Finesse","Rampage"],"campfire_rested":3,"item_purchase_floors":[14,19,19],"current_hp_per_floor":[72,64,64,69,68,68,67,67,67,56,56,59,59,59,59,12,77,68,68,44,28,9,32,32,55,55,43,43,43,43,20,43,0],"gold":182,"neow_bonus":"REMOVE_TWO","is_prod":false,"is_daily":false,"chose_seed":false,"campfire_upgraded":5,"win_rate":0.0,"timestamp":1562626600,"path_taken":["M","?","?","M","M","R","M","R","T","?","?","M","R","?","R","BOSS","M","$","M","?","M","R","?","R","T","?","?","?","R","M","R","BOSS"],"build_version":"2019-07-05","purchased_purges":1,"victory":false,"max_hp_per_floor":[72,72,72,72,72,72,72,72,72,72,72,77,77,77,77,77,77,77,77,77,77,77,77,77,77,77,77,77,77,77,77,77,77],"card_choices":[{"not_picked":["True Grit","Hemokinesis"],"picked":"Twin Strike","floor":1},{"not_picked":["Warcry","Body Slam"],"picked":"Armaments","floor":2},{"not_picked":["Perfected Strike","Feed"],"picked":"Anger","floor":4},{"not_picked":["Flex","Whirlwind"],"picked":"Anger","floor":5},{"not_picked":["Anger","Spot Weakness"],"picked":"Fire Breathing","floor":7},{"not_picked":["Armaments","Shrug It Off"],"picked":"Battle Trance","floor":12},{"not_picked":["Spot Weakness+1","Headbutt","Armaments"],"picked":"SKIP","floor":18},{"not_picked":["Shrug It Off","Clothesline"],"picked":"Perfected Strike+1","floor":20},{"not_picked":["Whirlwind","Perfected Strike","Headbutt"],"picked":"SKIP","floor":22},{"not_picked":["Whirlwind","Dropkick+1","Body Slam"],"picked":"SKIP","floor":27},{"not_picked":["Heavy Blade","Armaments","Warcry"],"picked":"SKIP","floor":31}],"player_experience":16160,"relics_obtained":[{"floor":9,"key":"Pocketwatch"},{"floor":11,"key":"StoneCalendar"},{"floor":21,"key":"Nilry\u0027s Codex"},{"floor":26,"key":"Gremlin Horn"}],"event_choices":[{"damage_healed":0,"gold_gain":0,"player_choice":"Grow","damage_taken":0,"max_hp_gain":0,"max_hp_loss":0,"event_name":"Living Wall","floor":3,"gold_loss":0,"cards_upgraded":["Armaments"]},{"damage_healed":0,"gold_gain":75,"player_choice":"Gather Gold","damage_taken":11,"max_hp_gain":0,"max_hp_loss":0,"event_name":"World of Goop","floor":10,"gold_loss":0},{"damage_healed":0,"gold_gain":0,"player_choice":"Obtained Book","damage_taken":16,"max_hp_gain":0,"max_hp_loss":0,"event_name":"Cursed Tome","floor":21,"gold_loss":0},{"damage_healed":0,"gold_gain":0,"player_choice":"Got Potions","damage_taken":0,"max_hp_gain":0,"max_hp_loss":0,"event_name":"Lab","floor":24,"gold_loss":0},{"damage_healed":0,"gold_gain":0,"player_choice":"Simplicity","damage_taken":0,"max_hp_gain":0,"max_hp_loss":0,"event_name":"Back to Basics","floor":28,"gold_loss":0,"cards_upgraded":["Strike_R","Strike_R","Strike_R","Strike_R","Defend_R","Defend_R"]},{"damage_healed":0,"gold_gain":0,"cards_transformed":["Strike_R","Strike_R"],"player_choice":"Became Test Subject","damage_taken":0,"max_hp_gain":0,"max_hp_loss":0,"event_name":"Drug Dealer","floor":29,"gold_loss":0,"cards_obtained":["Perfected Strike","Dark Embrace"]}],"is_beta":false,"boss_relics":[{"not_picked":["Orrery","Calling Bell"],"picked":"Black Star"}],"items_purged_floors":[19],"is_endless":false,"potions_floor_spawned":[2,7,16,20],"killed_by":"Champ","ascension_level":0}