{"gold_per_floor":[117,292,312,312,81,110,121,131,155,175,195,195,206,221,221,324,324,340,352,363,463,477,477,59,59,106,124,124,137,12,26,26,26],"floor_reached":33,"playtime":1886,"items_purged":["Strike_G","Strike_G","Strike_G"],"score":280,"play_id":"56ae0fc1-bda4-4e5e-abff-2a27f6f36119","local_time":"20190716181521","is_ascension_mode":false,"campfire_choices":[{"data":"Terror","floor":12,"key":"SMITH"},{"data":"Neutralize","floor":15,"key":"SMITH"},{"data":"Footwork","floor":23,"key":"SMITH"},{"data":"After Image","floor":25,"key":"SMITH"},{"data":"Sucker Punch","floor":28,"key":"SMITH"},{"data":"Sucker Punch","floor":32,"key":"SMITH"}],"neow_cost":"NONE","seed_source_timestamp":11569880957487,"circlet_count":0,"master_deck":["Strike_G+1","Strike_G","Defend_G","Defend_G","Defend_G","Defend_G","Defend_G","Survivor","Neutralize+1","Slice+1","Deadly Poison","Sucker Punch+1","Outmaneuver","Terror+1","Sucker Punch+1","Underhanded Strike","Tactician","Dagger Spray","Deflect","Leg Sweep","Finisher","Unload","Dagger Throw+1","PiercingWail+1","Well Laid Plans","Footwork+1","After Image+1","Deflect","Reflex","Deflect"],"relics":["Ring of the Snake","NeowsBlessing","Bronze Scales","Whetstone","Orichalcum","Orrery","Ancient Tea Set","Centennial Puzzle"],"potions_floor_usage":[7,11,13,18,22,31],"damage_taken":[{"damage":0,"enemies":"Small Slimes","floor":1,"turns":1},{"damage":0,"enemies":"Jaw Worm","floor":3,"turns":1},{"damage":0,"enemies":"Lagavulin","floor":6,"turns":1},{"damage":0,"enemies":"Cultist","floor":7,"turns":2},{"damage":0,"enemies":"Gremlin Gang","floor":8,"turns":4},{"damage":2,"enemies":"Blue Slaver","floor":10,"turns":3},{"damage":6,"enemies":"Exordium Thugs","floor":11,"turns":4},{"damage":0,"enemies":"Lots of Slimes","floor":13,"turns":3},{"damage":0,"enemies":"2 Fungi Beasts","floor":14,"turns":2},{"damage":36,"enemies":"Hexaghost","floor":16,"turns":10},{"damage":19,"enemies":"2 Thieves","floor":18,"turns":3},{"damage":0,"enemies":"Chosen","floor":19,"turns":4},{"damage":11,"enemies":"Centurion and Healer","floor":20,"turns":7},{"damage":6,"enemies":"3 Cultists","floor":22,"turns":5},{"damage":1,"enemies":"Snake Plant","floor":27,"turns":3},{"damage":0,"enemies":"Chosen and Byrds","floor":29,"turns":6},{"damage":6,"enemies":"Centurion and Healer","floor":31,"turns":7},{"damage":12,"enemies":"Automaton","floor":33,"turns":6}],"seed_played":"3463505316176560193","potions_obtained":[{"floor":1,"key":"AttackPotion"},{"floor":3,"key":"AttackPotion"},{"floor":6,"key":"SpeedPotion"},{"floor":8,"key":"SteroidPotion"},{"floor":16,"key":"Explosive Potion"},{"floor":20,"key":"Poison Potion"},{"floor":22,"key":"SkillPotion"}],"is_trial":false,"path_per_floor":["M","?","M","?","$","E","M","M","T","M","M","R","M","M","R","B",null,"M","M","M","?","M","R","$","R","T","M","R","M","$","M","R","B"],"character_chosen":"THE_SILENT","items_purchased":["Bronze Scales","After Image","Ancient Tea Set"],"campfire_rested":0,"item_purchase_floors":[5,24,24],"current_hp_per_floor":[70,70,70,70,70,70,70,70,70,68,62,62,62,62,62,26,70,51,51,40,40,34,34,34,34,34,33,33,33,33,27,27,15],"gold":26,"neow_bonus":"THREE_ENEMY_KILL","is_prod":false,"is_daily":false,"chose_seed":false,"campfire_upgraded":6,"win_rate":0,"timestamp":1563318921,"path_taken":["M","?","M","?","$","E","M","?","T","M","?","R","M","M","R","BOSS","M","?","?","?","M","R","$","R","T","M","R","M","?","M","R","BOSS"],"build_version":"2019-07-05","purchased_purges":3,"victory":false,"max_hp_per_floor":[70,70,70,70,70,70,70,70,70,70,70,70,70,70,70,70,70,70,70,70,70,70,70,70,70,70,70,70,70,70,70,70,70],"card_choices":[{"not_picked":["Riddle With Holes","Dodge and Roll","Blade Dance"],"picked":"SKIP","floor":1},{"not_picked":["Caltrops","Deadly Poison"],"picked":"Slice","floor":3},{"not_picked":["Quick Slash","Masterful Stab"],"picked":"Deadly Poison","floor":6},{"not_picked":["Catalyst","Blade Dance"],"picked":"Sucker Punch","floor":7},{"not_picked":["Well Laid Plans","Underhanded Strike"],"picked":"Outmaneuver","floor":8},{"not_picked":["Riddle With Holes","Dagger Spray"],"picked":"Terror","floor":10},{"not_picked":["Accuracy","Distraction"],"picked":"Sucker Punch","floor":11},{"not_picked":["Doppelganger","Blade Dance"],"picked":"Underhanded Strike","floor":13},{"not_picked":["Underhanded Strike","Dagger Throw"],"picked":"Tactician","floor":14},{"not_picked":["Outmaneuver","Blade Dance"],"picked":"Dagger Spray","floor":17},{"not_picked":["Outmaneuver","Sucker Punch"],"picked":"Deflect","floor":17},{"not_picked":["Flechettes","Acrobatics"],"picked":"Leg Sweep","floor":17},{"not_picked":["Acrobatics","PiercingWail"],"picked":"Finisher","floor":17},{"not_picked":["Setup","PiercingWail"],"picked":"Unload","floor":17},{"not_picked":["Outmaneuver","Sucker Punch"],"picked":"Dagger Throw+1","floor":18},{"not_picked":["Cloak And Dagger","Heel Hook"],"picked":"PiercingWail+1","floor":19},{"not_picked":["Outmaneuver","Cloak And Dagger+1"],"picked":"Well Laid Plans","floor":20},{"not_picked":["Heel Hook","Reflex"],"picked":"Footwork","floor":22},{"not_picked":["Leg Sweep","Tools of the Trade"],"picked":"Deflect","floor":27},{"not_picked":["Tactician","Prepared"],"picked":"Reflex","floor":29},{"not_picked":["Quick Slash+1","Dash"],"picked":"Deflect","floor":31}],"player_experience":173200,"relics_obtained":[{"floor":6,"key":"Whetstone"},{"floor":9,"key":"Orichalcum"},{"floor":26,"key":"Centennial Puzzle"}],"event_choices":[{"damage_healed":0,"gold_gain":175,"player_choice":"AGREE","damage_taken":0,"max_hp_gain":0,"max_hp_loss":0,"event_name":"Liars Game","floor":2,"gold_loss":0,"cards_obtained":["Doubt"]},{"cards_removed":["Doubt"],"damage_healed":0,"gold_gain":0,"player_choice":"Forget","damage_taken":0,"max_hp_gain":0,"max_hp_loss":0,"event_name":"Living Wall","floor":4,"gold_loss":0},{"damage_healed":0,"gold_gain":100,"player_choice":"Pray","damage_taken":0,"max_hp_gain":0,"max_hp_loss":0,"event_name":"Golden Shrine","floor":21,"gold_loss":0}],"is_beta":false,"boss_relics":[{"not_picked":["Velvet Choker","Pandora\u0027s Box"],"picked":"Orrery"}],"items_purged_floors":[5,24,30],"is_endless":false,"potions_floor_spawned":[1,3,6,8,16,20,22],"killed_by":"Automaton","ascension_level":0}