{"gold_per_floor":[109,61,61,79,79,110,110,153,179,179,179,209,209,243,243,368,368,362,377,130,130,145,185,34,34,59,99,124,124,167,186,186,311,311,334,358,376,33,56,94,115,115,115,115,35,75,95,114,114,114,114,114,35,70,70],"floor_reached":55,"playtime":5343,"items_purged":["Strike_G","Defend_G","Defend_G"],"score":893,"play_id":"ae4e4279-311c-4df9-88eb-9a3189925f6e","local_time":"20190724134813","is_ascension_mode":true,"campfire_choices":[{"data":"Neutralize","floor":7,"key":"SMITH"},{"data":"All Out Attack","floor":10,"key":"SMITH"},{"floor":13,"key":"REST"},{"data":"Terror","floor":15,"key":"SMITH"},{"data":"Cloak And Dagger","floor":29,"key":"SMITH"},{"floor":32,"key":"REST"},{"data":"Catalyst","floor":44,"key":"SMITH"},{"floor":49,"key":"RECALL"},{"data":"Burst","floor":52,"key":"SMITH"}],"neow_cost":"NONE","seed_source_timestamp":39874380104518,"circlet_count":0,"master_deck":["Defend_G","Defend_G","Defend_G","Survivor","Neutralize+1","Underhanded Strike","Deadly Poison","Backflip","Predator","All Out Attack+1","Terror+1","PiercingWail","Burst+1","Underhanded Strike+1","Bane+1","Leg Sweep","Well Laid Plans","Cloak And Dagger+1","Bite","Bite","Bite","Bite","Bite","Deadly Poison","Crippling Poison+1","Cloak And Dagger+1","Slice+1","Infinite Blades","Adrenaline","Blade Dance+1","Prepared+1","Outmaneuver+1","Catalyst+1","Accuracy","Endless Agony+1","Bouncing Flask+1","Crippling Poison","Dodge and Roll+1","Flying Knee+1","A Thousand Cuts","Bouncing Flask","Finisher+1"],"relics":["Ring of the Snake","Oddly Smooth Stone","Golden Idol","Pear","Thread and Needle","Bronze Scales","Mango","Odd Mushroom","Paper Crane","WristBlade","Gremlin Horn","Ancient Tea Set","Boot","Lizard Tail","PreservedInsect","Du-Vu Doll","Bag of Preparation","Pen Nib"],"potions_floor_usage":[6,6,16,19,22,27,33,40,46,50,50],"damage_taken":[{"damage":3,"enemies":"Jaw Worm","floor":1,"turns":6},{"damage":0,"enemies":"Cultist","floor":4,"turns":4},{"damage":11,"enemies":"Lagavulin","floor":6,"turns":8},{"damage":27,"enemies":"Gremlin Nob","floor":8,"turns":5},{"damage":2,"enemies":"The Mushroom Lair","floor":12,"turns":3},{"damage":5,"enemies":"3 Sentries","floor":14,"turns":6},{"damage":0,"enemies":"Slime Boss","floor":16,"turns":8},{"damage":10,"enemies":"2 Thieves","floor":18,"turns":4},{"damage":16,"enemies":"Spheric Guardian","floor":19,"turns":4},{"damage":8,"enemies":"Centurion and Healer","floor":22,"turns":6},{"damage":46,"enemies":"Slavers","floor":23,"turns":7},{"damage":21,"enemies":"Gremlin Leader","floor":27,"turns":6},{"damage":0,"enemies":"Snake Plant","floor":28,"turns":3},{"damage":8,"enemies":"Book of Stabbing","floor":30,"turns":3},{"damage":0,"enemies":"Snecko","floor":31,"turns":3},{"damage":48,"enemies":"Automaton","floor":33,"turns":8},{"damage":0,"enemies":"Orb Walker","floor":35,"turns":3},{"damage":5,"enemies":"3 Darklings","floor":36,"turns":5},{"damage":9,"enemies":"Maw","floor":37,"turns":7},{"damage":5,"enemies":"Sphere and 2 Shapes","floor":39,"turns":5},{"damage":7,"enemies":"Nemesis","floor":40,"turns":7},{"damage":6,"enemies":"3 Darklings","floor":41,"turns":3},{"damage":23,"enemies":"Giant Head","floor":46,"turns":7},{"damage":10,"enemies":"Transient","floor":47,"turns":5},{"damage":0,"enemies":"Writhing Mass","floor":48,"turns":5},{"damage":36,"enemies":"Time Eater","floor":50,"turns":11},{"damage":29,"enemies":"Shield and Spear","floor":54,"turns":6},{"damage":103,"enemies":"The Heart","floor":55,"turns":5}],"seed_played":"-8513763692582974370","potions_obtained":[{"floor":1,"key":"Block Potion"},{"floor":4,"key":"SteroidPotion"},{"floor":12,"key":"Strength Potion"},{"floor":18,"key":"Fruit Juice"},{"floor":19,"key":"Fire Potion"},{"floor":31,"key":"Weak Potion"},{"floor":41,"key":"SpeedPotion"},{"floor":42,"key":"SpeedPotion"},{"floor":42,"key":"SteroidPotion"},{"floor":46,"key":"SpeedPotion"},{"floor":48,"key":"Swift Potion"},{"floor":54,"key":"SteroidPotion"}],"is_trial":false,"path_per_floor":["M","$","?","M","?","E","R","E","T","R","?","?","R","E","R","B",null,"M","M","$","?","M","E","$","?","T","E","M","R","E","M","R","B",null,"M","M","M","$","M","E","M","?","T","R","$","E","M","M","R","B",null,"R","$","E","B"],"character_chosen":"THE_SILENT","items_purchased":["Deadly Poison","Leg Sweep","Well Laid Plans","Cloak And Dagger","Block Potion","Catalyst","GhostInAJar","Accuracy","Crippling Poison","Bouncing Flask"],"campfire_rested":2,"item_purchase_floors":[2,20,20,20,24,38,38,38,45,53],"current_hp_per_floor":[74,74,74,74,55,54,54,27,27,27,38,36,66,61,61,61,101,91,80,80,74,74,38,38,38,38,27,29,29,25,29,51,9,74,74,71,68,68,65,60,56,56,56,56,56,37,31,31,31,5,74,74,74,51,0],"gold":70,"neow_bonus":"TEN_PERCENT_HP_BONUS","is_prod":false,"is_daily":false,"chose_seed":false,"campfire_upgraded":6,"win_rate":0,"timestamp":1563968893,"path_taken":["M","$","?","?","?","E","R","E","T","R","?","?","R","E","R","BOSS","M","M","$","?","M","E","$","?","T","E","M","R","E","M","R","BOSS","M","M","?","$","M","E","M","?","T","R","$","E","M","M","R","BOSS","R","$","E","BOSS"],"build_version":"2019-07-05","purchased_purges":3,"victory":false,"max_hp_per_floor":[77,77,77,77,77,87,87,87,87,87,101,101,101,101,101,101,101,101,106,106,74,74,74,74,74,74,74,74,74,74,74,74,74,74,74,74,74,74,74,74,74,74,74,74,74,74,74,74,74,74,74,74,74,74,74],"card_choices":[{"not_picked":["Sucker Punch","Prepared"],"picked":"Underhanded Strike","floor":1},{"not_picked":["Deflect","Expertise"],"picked":"Backflip","floor":4},{"not_picked":["Endless Agony","Distraction"],"picked":"Predator","floor":6},{"not_picked":["Deflect","Outmaneuver"],"picked":"All Out Attack","floor":8},{"not_picked":["Dash","Backflip"],"picked":"Terror","floor":12},{"not_picked":["Blade Dance","Blur"],"picked":"PiercingWail","floor":14},{"not_picked":["Tools of the Trade","Wraith Form v2"],"picked":"Burst","floor":16},{"not_picked":["Dagger Spray","Deflect"],"picked":"Underhanded Strike+1","floor":18},{"not_picked":["Masterful Stab","Backflip"],"picked":"Bane+1","floor":19},{"not_picked":["Backstab","Leg Sweep"],"picked":"Deadly Poison","floor":22},{"not_picked":["Masterful Stab+1","Wraith Form v2"],"picked":"Crippling Poison","floor":23},{"not_picked":["Finisher","Accuracy","Skewer"],"picked":"SKIP","floor":27},{"not_picked":["Expertise+1","All Out Attack"],"picked":"Cloak And Dagger+1","floor":28},{"not_picked":["Deadly Poison","Quick Slash+1"],"picked":"Slice+1","floor":30},{"not_picked":["Well Laid Plans","Dagger Throw+1"],"picked":"Infinite Blades","floor":31},{"not_picked":["Wraith Form v2","Doppelganger"],"picked":"Adrenaline","floor":33},{"not_picked":["Acrobatics+1","Predator"],"picked":"Blade Dance+1","floor":35},{"not_picked":["Leg Sweep","Dagger Spray"],"picked":"Prepared+1","floor":36},{"not_picked":["Quick Slash","Bane"],"picked":"Outmaneuver+1","floor":37},{"not_picked":["Backflip","Underhanded Strike"],"picked":"Endless Agony+1","floor":39},{"not_picked":["Well Laid Plans+1","Dagger Throw+1"],"picked":"Bouncing Flask+1","floor":40},{"not_picked":["Deflect+1","Escape Plan","Cloak And Dagger"],"picked":"SKIP","floor":41},{"not_picked":["PiercingWail","Dagger Throw+1"],"picked":"Dodge and Roll+1","floor":46},{"not_picked":["Prepared","Skewer"],"picked":"Flying Knee+1","floor":47},{"not_picked":["Skewer","Underhanded Strike+1"],"picked":"A Thousand Cuts","floor":48},{"not_picked":["Cloak And Dagger","Outmaneuver"],"picked":"Finisher+1","floor":54}],"player_experience":101061,"relics_obtained":[{"floor":3,"key":"Oddly Smooth Stone"},{"floor":6,"key":"Pear"},{"floor":8,"key":"Thread and Needle"},{"floor":9,"key":"Bronze Scales"},{"floor":12,"key":"Odd Mushroom"},{"floor":14,"key":"Paper Crane"},{"floor":23,"key":"Gremlin Horn"},{"floor":27,"key":"Ancient Tea Set"},{"floor":30,"key":"Boot"},{"floor":40,"key":"PreservedInsect"},{"floor":43,"key":"Du-Vu Doll"},{"floor":46,"key":"Bag of Preparation"},{"floor":54,"key":"Pen Nib"}],"event_choices":[{"damage_healed":0,"gold_gain":0,"player_choice":"Relic","damage_taken":0,"max_hp_gain":0,"max_hp_loss":0,"event_name":"Wheel of Change","floor":3,"gold_loss":0},{"damage_healed":0,"gold_gain":0,"player_choice":"Take Damage","damage_taken":19,"relics_obtained":["Golden Idol"],"max_hp_gain":0,"max_hp_loss":0,"event_name":"Golden Idol","floor":5,"gold_loss":0},{"damage_healed":0,"gold_gain":0,"player_choice":"Success","damage_taken":3,"relics_obtained":["Mango"],"max_hp_gain":0,"max_hp_loss":0,"event_name":"Scrap Ooze","floor":11,"gold_loss":0},{"damage_healed":0,"gold_gain":0,"player_choice":"Fought Mushrooms","damage_taken":0,"max_hp_gain":0,"max_hp_loss":0,"event_name":"Mushrooms","floor":12,"gold_loss":0},{"damage_healed":0,"gold_gain":0,"player_choice":"Became a vampire","damage_taken":0,"max_hp_gain":0,"max_hp_loss":32,"event_name":"Vampires","floor":21,"gold_loss":0,"cards_obtained":["Bite","Bite","Bite","Bite","Bite"]},{"damage_healed":0,"gold_gain":0,"player_choice":"Forge","damage_taken":0,"max_hp_gain":0,"max_hp_loss":0,"event_name":"Accursed Blacksmith","floor":25,"gold_loss":0,"cards_upgraded":["Crippling Poison"]},{"damage_healed":0,"gold_gain":0,"player_choice":"Got Potions","damage_taken":0,"max_hp_gain":0,"max_hp_loss":0,"event_name":"Lab","floor":42,"gold_loss":0}],"is_beta":false,"boss_relics":[{"not_picked":["Coffee Dripper","Velvet Choker"],"picked":"WristBlade"},{"not_picked":["Eternal Feather","Runic Pyramid"],"picked":"Lizard Tail"}],"items_purged_floors":[20,24,38],"is_endless":false,"potions_floor_spawned":[1,4,12,18,19,31,41,46,47,48,54],"killed_by":"The Heart","ascension_level":1}