{"gold_per_floor":[112,92,107,59,59,59,78,78,102,27,27,27,27],"floor_reached":13,"playtime":212,"items_purged":["Strike_G"],"score":75,"play_id":"d867403d-1b05-4836-9e37-7e8f8c2a934e","local_time":"20190713230311","is_ascension_mode":true,"campfire_choices":[{"data":"Neutralize","floor":6,"key":"SMITH"},{"data":"Terror","floor":8,"key":"SMITH"},{"data":"Quick Slash","floor":12,"key":"SMITH"}],"neow_cost":"NONE","seed_source_timestamp":19638822703199,"circlet_count":0,"master_deck":["Strike_G","Strike_G","Strike_G","Strike_G","Defend_G","Defend_G","Defend_G","Defend_G","Defend_G","Survivor","Neutralize+1","Quick Slash+1","Terror+1","Deflect","Decay"],"relics":["Ring of the Snake","NeowsBlessing","Dead Branch","Orichalcum"],"potions_floor_usage":[],"damage_taken":[{"damage":0,"enemies":"Small Slimes","floor":1,"turns":1},{"damage":0,"enemies":"Cultist","floor":3,"turns":1},{"damage":0,"enemies":"Jaw Worm","floor":7,"turns":1},{"damage":0,"enemies":"Gremlin Gang","floor":13,"turns":1}],"seed_played":"782279892595206514","potions_obtained":[{"floor":1,"key":"GamblersBrew"},{"floor":2,"key":"Regen Potion"},{"floor":7,"key":"SteroidPotion"}],"is_trial":false,"path_per_floor":["M","?","M","$","T","R","M","R","T","$","?","R","M"],"character_chosen":"THE_SILENT","items_purchased":["Deflect"],"campfire_rested":0,"item_purchase_floors":[4],"current_hp_per_floor":[70,70,70,70,70,70,70,70,70,70,70,70,70],"gold":27,"neow_bonus":"THREE_ENEMY_KILL","is_prod":false,"is_daily":false,"chose_seed":false,"campfire_upgraded":3,"win_rate":0,"timestamp":1563076991,"path_taken":["M","?","M","?","?","R","?","R","T","$","?","R","M"],"build_version":"2019-07-05","purchased_purges":1,"victory":false,"max_hp_per_floor":[70,70,70,70,70,70,70,70,70,70,70,70,70],"card_choices":[{"not_picked":["Acrobatics","PiercingWail"],"picked":"Quick Slash","floor":1},{"not_picked":["Well Laid Plans","All Out Attack"],"picked":"Terror","floor":3},{"not_picked":["Dodge and Roll","Dagger Throw","Eviscerate"],"picked":"SKIP","floor":7}],"player_experience":155161,"relics_obtained":[{"floor":5,"key":"Dead Branch"},{"floor":9,"key":"Orichalcum"}],"event_choices":[{"damage_healed":0,"gold_gain":0,"player_choice":"Bought 1 Potion","damage_taken":0,"max_hp_gain":0,"max_hp_loss":0,"event_name":"The Woman in Blue","floor":2,"gold_loss":0},{"damage_healed":0,"gold_gain":0,"player_choice":"Cursed","damage_taken":0,"max_hp_gain":0,"max_hp_loss":0,"event_name":"Wheel of Change","floor":11,"gold_loss":0,"cards_obtained":["Decay"]}],"is_beta":false,"boss_relics":[],"items_purged_floors":[10],"is_endless":false,"potions_floor_spawned":[1,7],"killed_by":"Gremlin Gang","ascension_level":1}