{"gold_per_floor":[118,128,128,146,160,160,186,186,186,186],"floor_reached":10,"playtime":29462,"items_purged":[],"score":102,"play_id":"0a96e51a-3d82-499f-b537-9a7ad7e56bfb","local_time":"20190704161946","is_ascension_mode":true,"campfire_choices":[{"data":"Berserk","floor":6,"key":"SMITH"},{"floor":8,"key":"DIG"}],"neow_cost":"NONE","seed_source_timestamp":63606279851100,"circlet_count":0,"master_deck":["AscendersBane","Strike_R","Strike_R","Strike_R","Strike_R","Defend_R","Defend_R","Defend_R","Defend_R","Bash","Shrug It Off","Battle Trance","Berserk+1","Uppercut","Feel No Pain","Power Through"],"relics":["Burning Blood","NeowsBlessing","Shovel","WingedGreaves","Bird Faced Urn"],"potions_floor_usage":[],"damage_taken":[{"damage":0,"enemies":"Cultist","floor":1,"turns":1},{"damage":0,"enemies":"Jaw Worm","floor":2,"turns":1},{"damage":0,"enemies":"Small Slimes","floor":4,"turns":1},{"damage":11,"enemies":"3 Louse","floor":5,"turns":6},{"damage":33,"enemies":"3 Sentries","floor":7,"turns":14},{"damage":76,"enemies":"Gremlin Nob","floor":10,"turns":7}],"seed_played":"-5725605156742658506","potions_obtained":[{"floor":2,"key":"SpeedPotion"}],"is_trial":false,"path_per_floor":["M","M","?","M","M","R","E","R","T","E"],"character_chosen":"IRONCLAD","items_purchased":[],"campfire_rested":0,"item_purchase_floors":[],"current_hp_per_floor":[78,80,80,80,75,75,48,48,48,0],"gold":186,"neow_bonus":"THREE_ENEMY_KILL","is_prod":false,"is_daily":false,"chose_seed":false,"campfire_upgraded":1,"win_rate":0,"timestamp":1562253586,"path_taken":["M","?","?","M","M","R","E","R","T","E"],"build_version":"2019-07-01","purchased_purges":0,"victory":false,"max_hp_per_floor":[80,80,80,80,80,80,80,80,80,80],"card_choices":[{"not_picked":["Pommel Strike","Flex"],"picked":"Shrug It Off","floor":1},{"not_picked":["Sword Boomerang","True Grit"],"picked":"Battle Trance","floor":2},{"not_picked":["Headbutt","Twin Strike"],"picked":"Uppercut","floor":4},{"not_picked":["Clothesline","Double Tap"],"picked":"Feel No Pain","floor":5},{"not_picked":["Clothesline","Brutality"],"picked":"Power Through","floor":7}],"player_experience":950620,"relics_obtained":[{"floor":7,"key":"Shovel"},{"floor":8,"key":"WingedGreaves"},{"floor":9,"key":"Bird Faced Urn"}],"event_choices":[{"damage_healed":0,"gold_gain":0,"cards_transformed":["Strike_R"],"player_choice":"Change","damage_taken":0,"max_hp_gain":0,"max_hp_loss":0,"event_name":"Living Wall","floor":3,"gold_loss":0,"cards_obtained":["Berserk"]}],"is_beta":false,"boss_relics":[],"items_purged_floors":[],"is_endless":false,"potions_floor_spawned":[2],"killed_by":"Gremlin Nob","ascension_level":10}