{"gold_per_floor":[218,234,234,234,234,262,262,279,279,343,7,63,63,75,75,175,175,193,27,302,146,116,151,169,169,193,203,216,216,216,216],"floor_reached":31,"playtime":1897,"items_purged":[],"score":420,"play_id":"c79c1aae-ed5c-40b3-8d84-b22ace17200e","local_time":"20190703230929","is_ascension_mode":true,"campfire_choices":[{"floor":7,"key":"REST"},{"floor":15,"key":"REST"},{"floor":25,"key":"REST"},{"data":"Shockwave","floor":30,"key":"SMITH"}],"neow_cost":"NONE","seed_source_timestamp":29296636165500,"circlet_count":0,"master_deck":["AscendersBane","Defend_R","Defend_R","Defend_R","Defend_R+1","Bash","Anger","Infernal Blade+1","Uppercut","Iron Wave","Disarm","Good Instincts","Shrug It Off","Cleave","Shockwave+1","Double Tap","Shrug It Off","Metallicize","Swift Strike","Regret","Searing Blow+1","Second Wind+1","Anger","Flame Barrier","Anger","Bite","Bite","Bite","Bite","Bite"],"relics":["Burning Blood","Thread and Needle","Incense Burner","Tiny Chest","Sling","Dodecahedron","Mark of Pain","Regal Pillow","Bag of Marbles"],"potions_floor_usage":[6,12,12,18,24],"damage_taken":[{"damage":14,"enemies":"Cultist","floor":1,"turns":5},{"damage":11,"enemies":"2 Louse","floor":2,"turns":3},{"damage":37,"enemies":"3 Sentries","floor":6,"turns":8},{"damage":6,"enemies":"Small Slimes","floor":8,"turns":3},{"damage":35,"enemies":"Lagavulin","floor":10,"turns":6},{"damage":14,"enemies":"Gremlin Nob","floor":12,"turns":5},{"damage":6,"enemies":"2 Fungi Beasts","floor":14,"turns":3},{"damage":20,"enemies":"The Guardian","floor":16,"turns":14},{"damage":29,"enemies":"Chosen","floor":18,"turns":6},{"damage":14,"enemies":"2 Thieves","floor":22,"turns":5},{"damage":9,"enemies":"Book of Stabbing","floor":23,"turns":5},{"damage":26,"enemies":"Sentry and Sphere","floor":24,"turns":8},{"damage":19,"enemies":"Snecko","floor":27,"turns":5},{"damage":23,"enemies":"Centurion and Healer","floor":28,"turns":10},{"damage":54,"enemies":"Gremlin Leader","floor":31,"turns":4}],"seed_played":"-2089897109473282978","potions_obtained":[{"floor":1,"key":"Regen Potion"},{"floor":8,"key":"Ancient Potion"},{"floor":10,"key":"Dexterity Potion"},{"floor":16,"key":"BloodPotion"},{"floor":23,"key":"Poison Potion"},{"floor":28,"key":"Strength Potion"}],"is_trial":false,"path_per_floor":["M","M","?","?","?","E","R","M","T","E","$","?","?","M","R","B",null,"M","$","?","$","M","E","M","R","T","M","M","?","R","E"],"character_chosen":"IRONCLAD","items_purchased":["Sling","Good Instincts","Shrug It Off","Metallicize","Swift Strike","Regal Pillow"],"campfire_rested":3,"item_purchase_floors":[11,11,11,19,19,21],"current_hp_per_floor":[64,59,52,52,36,20,44,44,44,15,15,7,7,7,31,17,64,61,61,61,61,53,50,32,71,71,60,45,45,45,0],"gold":216,"neow_bonus":"HUNDRED_GOLD","is_prod":false,"is_daily":false,"chose_seed":false,"campfire_upgraded":1,"win_rate":0,"timestamp":1562191769,"path_taken":["M","M","?","?","?","E","R","M","T","E","$","?","?","M","R","BOSS","M","?","?","$","M","E","M","R","T","M","?","?","R","E"],"build_version":"2019-07-01","purchased_purges":0,"victory":false,"max_hp_per_floor":[80,80,80,80,80,80,80,80,80,80,80,80,80,80,80,80,80,80,80,80,80,80,80,80,80,80,80,80,80,80,80],"card_choices":[{"not_picked":["Seeing Red","Armaments"],"picked":"Anger","floor":1},{"not_picked":["Thunderclap","Twin Strike"],"picked":"Infernal Blade","floor":2},{"not_picked":["Evolve","Thunderclap"],"picked":"Uppercut","floor":6},{"not_picked":["Shockwave","Perfected Strike"],"picked":"Iron Wave","floor":8},{"not_picked":["Inflame","Berserk"],"picked":"Disarm","floor":10},{"not_picked":["Clothesline","Heavy Blade"],"picked":"Cleave","floor":12},{"not_picked":["Clash","Cleave"],"picked":"Shockwave","floor":14},{"not_picked":["Brutality","Limit Break"],"picked":"Double Tap","floor":16},{"not_picked":["Entrench","Headbutt+1"],"picked":"Shrug It Off","floor":18},{"not_picked":["Dual Wield","Heavy Blade"],"picked":"Searing Blow+1","floor":22},{"not_picked":["Cleave+1","Twin Strike+1"],"picked":"Second Wind+1","floor":23},{"not_picked":["Cleave","Wild Strike+1"],"picked":"Anger","floor":24},{"not_picked":["Hemokinesis","Reaper"],"picked":"Flame Barrier","floor":27},{"not_picked":["Headbutt","Warcry"],"picked":"Anger","floor":28}],"player_experience":945036,"relics_obtained":[{"floor":6,"key":"Thread and Needle"},{"floor":9,"key":"Incense Burner"},{"floor":10,"key":"Tiny Chest"},{"floor":12,"key":"Dodecahedron"},{"floor":23,"key":"Blood Vial"},{"floor":26,"key":"Bag of Marbles"}],"event_choices":[{"cards_removed":["Strike_R"],"damage_healed":0,"gold_gain":0,"player_choice":"Card Removal","damage_taken":7,"max_hp_gain":0,"max_hp_loss":0,"event_name":"Golden Wing","floor":3,"gold_loss":0},{"damage_healed":0,"gold_gain":0,"player_choice":"Ignored","damage_taken":0,"max_hp_gain":0,"max_hp_loss":0,"event_name":"Liars Game","floor":4,"gold_loss":0},{"damage_healed":0,"gold_gain":0,"player_choice":"Entered Light","damage_taken":16,"max_hp_gain":0,"max_hp_loss":0,"event_name":"Shining Light","floor":5,"gold_loss":0,"cards_upgraded":["Defend_R","Infernal Blade"]},{"damage_healed":0,"gold_gain":30,"player_choice":"Searched \u00273\u0027 times","damage_taken":0,"max_hp_gain":0,"max_hp_loss":0,"event_name":"Dead Adventurer","floor":12,"gold_loss":0},{"cards_removed":["Strike_R"],"damage_healed":0,"gold_gain":0,"player_choice":"Card Removal","damage_taken":0,"max_hp_gain":0,"max_hp_loss":0,"event_name":"Wheel of Change","floor":13,"gold_loss":0},{"damage_healed":0,"gold_gain":275,"player_choice":"Desecrate","damage_taken":0,"max_hp_gain":0,"max_hp_loss":0,"event_name":"Golden Shrine","floor":20,"gold_loss":0,"cards_obtained":["Regret"]},{"damage_healed":0,"gold_gain":0,"player_choice":"Became a vampire (Vial)","damage_taken":0,"max_hp_gain":0,"max_hp_loss":0,"event_name":"Vampires","floor":29,"relics_lost":["Blood Vial"],"gold_loss":0,"cards_obtained":["Bite","Bite","Bite","Bite","Bite"]}],"is_beta":false,"boss_relics":[{"not_picked":["Lizard Tail","Velvet Choker"],"picked":"Mark of Pain"}],"items_purged_floors":[],"is_endless":false,"potions_floor_spawned":[1,8,10,16,23,28],"killed_by":"Gremlin Leader","ascension_level":10}