{"gold_per_floor":[117,66,66,76,26,26,26,59,59,59,71,90,90,16,16,121,121,131,131,144,144,144,144,158,158,182,97,109,125,4,4,4,4],"floor_reached":33,"playtime":1522,"items_purged":[],"score":243,"play_id":"14ea0d90-2e1f-443e-9cf1-8265b66ccd89","local_time":"20190712165649","is_ascension_mode":false,"campfire_choices":[{"data":"Zap","floor":6,"key":"SMITH"},{"data":"Dualcast","floor":10,"key":"SMITH"},{"floor":13,"key":"REST"},{"data":"Loop","floor":15,"key":"SMITH"},{"floor":23,"key":"REST"},{"floor":25,"key":"REST"},{"floor":32,"key":"REST"}],"neow_cost":"TEN_PERCENT_HP_LOSS","seed_source_timestamp":1247372598767,"circlet_count":0,"master_deck":["Strike_B","Strike_B","Strike_B","Defend_B","Defend_B","Defend_B","Zap+1","Dualcast+1","Rebound","Ball Lightning","Conserve Battery","Multi-Cast","Cold Snap","Sweeping Beam","Streamline","Loop+1","Rainbow+1","Streamline","Gash","Go for the Eyes","Conserve Battery","Static Discharge","Hologram+1","Cold Snap","Barrage+1","Beam Cell","Storm+1","Conserve Battery","FTL"],"relics":["Cracked Core","Dead Branch","Potion Belt","Mercury Hourglass","Orrery","MutagenicStrength","Boot","Frozen Egg 2"],"potions_floor_usage":[16,33,33,33,33],"damage_taken":[{"damage":9,"enemies":"2 Louse","floor":1,"turns":2},{"damage":1,"enemies":"Cultist","floor":4,"turns":3},{"damage":30,"enemies":"3 Sentries","floor":8,"turns":7},{"damage":6,"enemies":"Jaw Worm","floor":11,"turns":2},{"damage":0,"enemies":"2 Fungi Beasts","floor":12,"turns":1},{"damage":13,"enemies":"Slime Boss","floor":16,"turns":8},{"damage":22,"enemies":"Shell Parasite","floor":18,"turns":3},{"damage":10,"enemies":"Chosen","floor":20,"turns":3},{"damage":26,"enemies":"Shelled Parasite and Fungi","floor":24,"turns":4},{"damage":18,"enemies":"Snecko","floor":28,"turns":6},{"damage":14,"enemies":"Snake Plant","floor":29,"turns":4},{"damage":46,"enemies":"Champ","floor":33,"turns":9}],"seed_played":"5511610945207527245","potions_obtained":[{"floor":3,"key":"SpeedPotion"},{"floor":3,"key":"Dexterity Potion"},{"floor":3,"key":"Dexterity Potion"},{"floor":8,"key":"GamblersBrew"},{"floor":11,"key":"Strength Potion"},{"floor":16,"key":"Explosive Potion"},{"floor":20,"key":"GamblersBrew"},{"floor":24,"key":"SteroidPotion"}],"is_trial":false,"path_per_floor":["M","$","?","M","?","R","?","E","T","R","M","M","R","$","R","B",null,"M","?","M","?","?","R","M","R","T","?","M","M","$","?","R","B"],"character_chosen":"DEFECT","items_purchased":["Ball Lightning","Loop","Conserve Battery","FTL"],"campfire_rested":4,"item_purchase_floors":[2,14,30,30],"current_hp_per_floor":[59,59,59,58,58,58,58,28,28,28,22,22,42,42,42,29,68,46,34,24,24,24,45,19,40,40,40,22,8,8,32,53,7],"gold":4,"neow_bonus":"ONE_RARE_RELIC","is_prod":false,"is_daily":false,"chose_seed":false,"campfire_upgraded":3,"win_rate":0.0,"timestamp":1562968609,"path_taken":["M","$","?","?","?","R","?","E","T","R","M","?","R","?","R","BOSS","M","?","M","?","?","R","?","R","T","?","M","M","$","?","R","BOSS"],"build_version":"2019-07-05","purchased_purges":0,"victory":false,"max_hp_per_floor":[68,68,68,68,68,68,68,68,68,68,68,68,68,68,68,68,68,68,73,73,73,73,73,73,73,73,73,73,73,73,73,73,73],"card_choices":[{"not_picked":["Steam","Sweeping Beam"],"picked":"Rebound","floor":1},{"not_picked":["Coolheaded","Sweeping Beam"],"picked":"Conserve Battery","floor":4},{"not_picked":["Self Repair","Electrodynamics"],"picked":"Cold Snap","floor":8},{"not_picked":["Steam Power","Aggregate"],"picked":"Sweeping Beam","floor":11},{"not_picked":["Chill","Reinforced Body"],"picked":"Streamline","floor":12},{"not_picked":["Echo Form","Thunder Strike"],"picked":"Rainbow","floor":16},{"not_picked":["Redo","Hello World"],"picked":"Streamline","floor":17},{"not_picked":["Coolheaded","Turbo"],"picked":"Gash","floor":17},{"not_picked":["Steam Power","Rebound"],"picked":"Go for the Eyes","floor":17},{"not_picked":["Hologram","Cold Snap"],"picked":"Conserve Battery","floor":17},{"not_picked":["Leap","Streamline"],"picked":"Static Discharge","floor":17},{"not_picked":["Reinforced Body","Self Repair+1"],"picked":"Hologram+1","floor":18},{"not_picked":["Beam Cell","Redo"],"picked":"Cold Snap","floor":20},{"not_picked":["Static Discharge+1","Streamline"],"picked":"Barrage+1","floor":24},{"not_picked":["Heatsinks+1","Rainbow"],"picked":"Beam Cell","floor":28},{"not_picked":["Turbo","Force Field+1"],"picked":"Storm+1","floor":29}],"player_experience":129706,"relics_obtained":[{"floor":8,"key":"Potion Belt"},{"floor":9,"key":"Mercury Hourglass"},{"floor":26,"key":"Boot"}],"event_choices":[{"damage_healed":0,"gold_gain":0,"player_choice":"Got Potions","damage_taken":0,"max_hp_gain":0,"max_hp_loss":0,"event_name":"Lab","floor":3,"gold_loss":0},{"cards_removed":["Strike_B"],"damage_healed":0,"gold_gain":0,"player_choice":"Card Removal","damage_taken":0,"max_hp_gain":0,"max_hp_loss":0,"event_name":"The Cleric","floor":5,"gold_loss":50},{"damage_healed":0,"gold_gain":0,"cards_transformed":["Defend_B"],"player_choice":"Transformed","damage_taken":0,"max_hp_gain":0,"max_hp_loss":0,"event_name":"Transmorgrifier","floor":7,"gold_loss":0,"cards_obtained":["Multi-Cast"]},{"damage_healed":0,"gold_gain":0,"player_choice":"Shed Blood","damage_taken":17,"max_hp_gain":5,"max_hp_loss":0,"event_name":"Forgotten Altar","floor":19,"gold_loss":0},{"damage_healed":0,"gold_gain":0,"player_choice":"Inject Mutagens","damage_taken":0,"relics_obtained":["MutagenicStrength"],"max_hp_gain":0,"max_hp_loss":0,"event_name":"Drug Dealer","floor":21,"gold_loss":0},{"damage_healed":0,"gold_gain":0,"player_choice":"Forge","damage_taken":0,"max_hp_gain":0,"max_hp_loss":0,"event_name":"Accursed Blacksmith","floor":22,"gold_loss":0,"cards_upgraded":["Rainbow"]},{"damage_healed":0,"gold_gain":0,"player_choice":"Obtained Relic","damage_taken":0,"relics_obtained":["Frozen Egg 2"],"max_hp_gain":0,"max_hp_loss":0,"event_name":"Addict","floor":27,"gold_loss":85},{"damage_healed":24,"gold_gain":0,"player_choice":"Heal","damage_taken":0,"max_hp_gain":0,"max_hp_loss":0,"event_name":"The Library","floor":31,"gold_loss":0}],"is_beta":false,"boss_relics":[{"not_picked":["Calling Bell","Astrolabe"],"picked":"Orrery"}],"items_purged_floors":[],"is_endless":false,"potions_floor_spawned":[8,11,16,20,24,29],"killed_by":"Champ","ascension_level":0}