{"gold_per_floor":[110,125,144,144,43,43,66,99,99,99],"floor_reached":10,"playtime":565,"items_purged":[],"score":68,"play_id":"a1ad02d7-7939-43ea-bb05-8601588dc4e4","local_time":"20190114202158","is_ascension_mode":false,"campfire_choices":[{"floor":6,"key":"REST"}],"neow_cost":"PERCENT_DAMAGE","seed_source_timestamp":432213095025906,"circlet_count":0,"master_deck":["Defend_G","Defend_G","Defend_G","Defend_G","Strike_G","Strike_G","Strike_G","Strike_G","Survivor","Neutralize","Backflip","Acrobatics","Choke","Accuracy","Dodge and Roll","Tools of the Trade"],"relics":["Ring of the Snake","Golden Idol","Sundial","Prayer Wheel"],"potions_floor_usage":[8],"damage_taken":[{"damage":2,"enemies":"Small Slimes","floor":1,"turns":7},{"damage":0,"enemies":"2 Louse","floor":2,"turns":5},{"damage":0,"enemies":"Jaw Worm","floor":3,"turns":5},{"damage":1,"enemies":"2 Fungi Beasts","floor":7,"turns":5},{"damage":20,"enemies":"Gremlin Nob","floor":8,"turns":5},{"damage":30,"enemies":"Exordium Thugs","floor":10,"turns":4}],"seed_played":"-4748015024982901083","potions_obtained":[{"floor":3,"key":"Weak Potion"}],"is_trial":false,"path_per_floor":["M","M","M","?","$","R","M","E","T","M"],"character_chosen":"THE_SILENT","items_purchased":["Accuracy","Dodge and Roll"],"campfire_rested":1,"item_purchase_floors":[5,5],"current_hp_per_floor":[47,47,47,30,30,51,50,30,30,0],"gold":99,"neow_bonus":"REMOVE_TWO","is_prod":false,"is_daily":false,"chose_seed":false,"campfire_upgraded":0,"win_rate":0,"timestamp":1547493718,"path_taken":["M","M","M","?","$","R","M","E","T","M"],"build_version":"2019-01-10","purchased_purges":0,"victory":false,"max_hp_per_floor":[70,70,70,70,70,70,70,70,70,70],"card_choices":[{"not_picked":["Dodge and Roll","All Out Attack"],"picked":"Backflip","floor":1},{"not_picked":["All Out Attack","Dagger Throw"],"picked":"Acrobatics","floor":2},{"not_picked":["Bane","Quick Slash"],"picked":"Choke","floor":3},{"not_picked":["Dagger Spray","Dodge and Roll","Choke"],"picked":"SKIP","floor":7},{"not_picked":["Dagger Spray","Skewer"],"picked":"Tools of the Trade","floor":8}],"player_experience":86878,"relics_obtained":[{"floor":8,"key":"Sundial"},{"floor":9,"key":"Prayer Wheel"}],"event_choices":[{"damage_healed":0,"gold_gain":0,"player_choice":"Take Damage","damage_taken":17,"relics_obtained":["Golden Idol"],"max_hp_gain":0,"max_hp_loss":0,"event_name":"Golden Idol","floor":4,"gold_loss":0}],"is_beta":false,"boss_relics":[],"items_purged_floors":[],"is_endless":false,"potions_floor_spawned":[3],"killed_by":"Exordium Thugs","ascension_level":0}