{"gold_per_floor":[210,210,220,51,69,69,96,109,109,109,109,109,109,135,135,238,238,258,14,14,30,43,43,43,75,75,75,75,91,108,120,120,224,224,240,32,32,45,57,57,67,67,67,87,105,115,132,146,146,146],"floor_reached":51,"playtime":3769,"items_purged":["Strike_G","Strike_G"],"score":658,"play_id":"2e173878-a6be-4452-b6db-0ac708a41f7e","local_time":"20190113001330","is_ascension_mode":false,"campfire_choices":[{"data":"Dodge and Roll","floor":6,"key":"SMITH"},{"floor":11,"key":"REST"},{"data":"Poisoned Stab","floor":13,"key":"SMITH"},{"data":"Poisoned Stab","floor":15,"key":"SMITH"},{"data":"Bouncing Flask","floor":23,"key":"SMITH"},{"data":"Crippling Poison","floor":24,"key":"SMITH"},{"floor":27,"key":"REST"},{"data":"Catalyst","floor":32,"key":"SMITH"},{"data":"Footwork","floor":40,"key":"SMITH"},{"data":"Adrenaline","floor":42,"key":"SMITH"},{"floor":49,"key":"REST"}],"neow_cost":"NONE","seed_source_timestamp":270082162142095,"circlet_count":0,"master_deck":["Defend_G","Defend_G","Defend_G+1","Defend_G","Defend_G","Strike_G","Strike_G+1","Survivor","Neutralize","Dodge and Roll+1","Poisoned Stab+1","Outmaneuver","Poisoned Stab+1","Deadly Poison","Deadly Poison","Adrenaline+1","Crippling Poison+1","Deadly Poison","Footwork+1","Dodge and Roll","Bouncing Flask+1","Poisoned Stab","Catalyst+1","Tools of the Trade","Bouncing Flask+1","Catalyst+1","Calculated Gamble+1","Catalyst+1","Crippling Poison"],"relics":["Ring of the Snake","WingedGreaves","Meat on the Bone","Dodecahedron","Eternal Feather","Potion Belt","Tingsha","Velvet Choker","DollysMirror","Question Card"],"potions_floor_usage":[8,16,31,33,33,38,44,45,45,50],"damage_taken":[{"damage":9,"enemies":"Jaw Worm","floor":1,"turns":6},{"damage":0,"enemies":"Cultist","floor":3,"turns":5},{"damage":0,"enemies":"2 Louse","floor":5,"turns":3},{"damage":14,"enemies":"Gremlin Nob","floor":7,"turns":4},{"damage":11,"enemies":"Gremlin Gang","floor":8,"turns":6},{"damage":2,"enemies":"Lagavulin","floor":14,"turns":5},{"damage":11,"enemies":"The Guardian","floor":16,"turns":8},{"damage":14,"enemies":"3 Byrds","floor":18,"turns":6},{"damage":0,"enemies":"Chosen","floor":21,"turns":5},{"damage":29,"enemies":"3 Cultists","floor":22,"turns":8},{"damage":49,"enemies":"Slavers","floor":25,"turns":7},{"damage":15,"enemies":"Chosen and Byrds","floor":29,"turns":5},{"damage":14,"enemies":"Sentry and Sphere","floor":30,"turns":6},{"damage":1,"enemies":"Snake Plant","floor":31,"turns":4},{"damage":46,"enemies":"Collector","floor":33,"turns":7},{"damage":8,"enemies":"3 Shapes","floor":35,"turns":6},{"damage":30,"enemies":"3 Darklings","floor":38,"turns":4},{"damage":1,"enemies":"Sphere and 2 Shapes","floor":39,"turns":3},{"damage":12,"enemies":"Maw","floor":41,"turns":3},{"damage":36,"enemies":"Jaw Worm Horde","floor":44,"turns":6},{"damage":0,"enemies":"Transient","floor":45,"turns":5},{"damage":12,"enemies":"Spire Growth","floor":46,"turns":4},{"damage":12,"enemies":"Jaw Worm Horde","floor":47,"turns":4},{"damage":0,"enemies":"Sphere and 2 Shapes","floor":48,"turns":5},{"damage":77,"enemies":"Awakened One","floor":50,"turns":12}],"seed_played":"-6343095600444194794","potions_obtained":[{"floor":1,"key":"AttackPotion"},{"floor":7,"key":"FearPotion"},{"floor":8,"key":"Energy Potion"},{"floor":25,"key":"Fire Potion"},{"floor":29,"key":"Block Potion"},{"floor":33,"key":"LiquidBronze"},{"floor":38,"key":"Dexterity Potion"},{"floor":39,"key":"Fire Potion"},{"floor":41,"key":"Explosive Potion"},{"floor":48,"key":"Regen Potion"}],"is_trial":false,"path_per_floor":["M","?","M","$","M","R","E","M","T","?","R","?","R","E","R","B",null,"M","$","?","M","M","R","R","E","T","R","$","M","M","M","R","B",null,"M","$","?","M","M","R","M","R","T","M","M","M","M","M","R","B",null],"character_chosen":"THE_SILENT","items_purchased":["Poisoned Stab","Outmaneuver","Deadly Poison","Footwork","Dodge and Roll","DollysMirror"],"campfire_rested":3,"item_purchase_floors":[4,4,19,19,19,36],"current_hp_per_floor":[61,47,47,47,47,47,33,22,22,27,49,49,49,47,47,48,75,61,61,61,61,44,56,68,31,31,65,65,50,48,47,59,25,75,67,67,67,49,48,63,51,66,66,42,42,42,42,42,75,20],"gold":146,"neow_bonus":"HUNDRED_GOLD","is_prod":false,"is_daily":false,"chose_seed":false,"campfire_upgraded":8,"win_rate":0,"timestamp":1547334810,"path_taken":["M","?","M","$","M","R","E","M","T","?","R","?","R","E","R","BOSS","M","$","?","M","M","R","R","E","T","R","?","M","M","M","R","BOSS","M","$","?","M","?","R","M","R","T","M","M","?","M","?","R","BOSS"],"build_version":"2019-01-10","purchased_purges":2,"victory":true,"max_hp_per_floor":[70,70,70,70,70,70,70,70,70,75,75,75,75,75,75,75,75,75,75,75,75,75,75,75,75,75,75,75,75,75,75,75,75,75,75,75,75,75,75,75,75,75,75,75,75,75,75,75,75,75],"card_choices":[{"not_picked":["Escape Plan","Masterful Stab"],"picked":"Dodge and Roll","floor":1},{"not_picked":["Cloak And Dagger","Quick Slash","Dagger Throw"],"picked":"SKIP","floor":3},{"not_picked":["Blade Dance","Underhanded Strike"],"picked":"Poisoned Stab","floor":5},{"not_picked":["Acrobatics","Blur"],"picked":"Deadly Poison","floor":7},{"not_picked":["Heel Hook","Poisoned Stab"],"picked":"Deadly Poison","floor":8},{"not_picked":["Underhanded Strike","All Out Attack","Caltrops"],"picked":"SKIP","floor":14},{"not_picked":["Venomology","Doppelganger"],"picked":"Adrenaline","floor":16},{"not_picked":["Backflip","Terror"],"picked":"Crippling Poison","floor":18},{"not_picked":["Dagger Spray","Deflect","Calculated Gamble"],"picked":"SKIP","floor":21},{"not_picked":["Poisoned Stab+1","Outmaneuver"],"picked":"Bouncing Flask","floor":22},{"not_picked":["Infinite Blades","Dagger Throw","Leg Sweep"],"picked":"SKIP","floor":25},{"not_picked":["Dagger Spray","Phantasmal Killer"],"picked":"Poisoned Stab","floor":29},{"not_picked":["Acrobatics","Dagger Throw+1","Accuracy"],"picked":"SKIP","floor":30},{"not_picked":["Deflect","Escape Plan"],"picked":"Catalyst","floor":31},{"not_picked":["Phantasmal Killer","Night Terror"],"picked":"Tools of the Trade","floor":33},{"not_picked":["Deflect","Slice+1"],"picked":"Bouncing Flask+1","floor":35},{"not_picked":["PiercingWail","Reflex","Prepared"],"picked":"SKIP","floor":38},{"not_picked":["Predator+1","Dagger Throw+1","Finisher"],"picked":"SKIP","floor":39},{"not_picked":["Blade Dance+1","Poisoned Stab"],"picked":"Calculated Gamble+1","floor":41},{"not_picked":["Terror+1","Underhanded Strike+1","Escape Plan","Tactician+1"],"picked":"SKIP","floor":44},{"not_picked":["Cloak And Dagger","PiercingWail","Flechettes+1","Calculated Gamble+1"],"picked":"SKIP","floor":45},{"not_picked":["Dagger Throw","Dagger Spray+1","Unload"],"picked":"Catalyst+1","floor":46},{"not_picked":["Slice+1","Footwork","Cloak And Dagger+1"],"picked":"Crippling Poison","floor":47},{"not_picked":["Dash+1","Prepared","Finisher","Flying Knee"],"picked":"SKIP","floor":48}],"player_experience":74729,"relics_obtained":[{"floor":7,"key":"WingedGreaves"},{"floor":9,"key":"Meat on the Bone"},{"floor":14,"key":"Dodecahedron"},{"floor":25,"key":"Potion Belt"},{"floor":26,"key":"Tingsha"},{"floor":43,"key":"Question Card"}],"event_choices":[{"damage_healed":0,"gold_gain":0,"player_choice":"Entered Light","damage_taken":14,"max_hp_gain":0,"max_hp_loss":0,"event_name":"Shining Light","floor":2,"gold_loss":0,"cards_upgraded":["Strike_G","Defend_G"]},{"damage_healed":0,"gold_gain":0,"player_choice":"Donut","damage_taken":0,"max_hp_gain":5,"max_hp_loss":0,"event_name":"Big Fish","floor":10,"gold_loss":0},{"damage_healed":0,"gold_gain":0,"player_choice":"Bought 0 Potions","damage_taken":0,"max_hp_gain":0,"max_hp_loss":0,"event_name":"The Woman in Blue","floor":12,"gold_loss":0},{"cards_removed":["Strike_G"],"damage_healed":0,"gold_gain":0,"player_choice":"Offered Basic","damage_taken":0,"max_hp_gain":0,"max_hp_loss":0,"event_name":"Bonfire Elementals","floor":20,"gold_loss":0},{"damage_healed":0,"gold_gain":0,"player_choice":"Leave","damage_taken":0,"max_hp_gain":0,"max_hp_loss":0,"event_name":"FaceTrader","floor":37,"gold_loss":0}],"is_beta":false,"boss_relics":[{"not_picked":["Busted Crown","HoveringKite"],"picked":"Eternal Feather"},{"not_picked":["Sozu","White Beast Statue"],"picked":"Velvet Choker"}],"items_purged_floors":[4,19],"is_endless":false,"potions_floor_spawned":[1,7,8,25,29,33,38,39,41,48],"ascension_level":0}