{"gold_per_floor":[113,132,3,17,36,36,67,94,174,186,198,229,8,25,25,25],"floor_reached":16,"playtime":574,"items_purged":["Dualcast"],"score":104,"play_id":"4355478f-9e3c-4033-9b21-2c1ad42619fb","local_time":"20190722195330","is_ascension_mode":false,"campfire_choices":[{"data":"Zap","floor":6,"key":"SMITH"},{"data":"Hologram","floor":15,"key":"SMITH"}],"neow_cost":"NONE","seed_source_timestamp":12509311246770,"circlet_count":0,"master_deck":["Strike_B","Strike_B","Strike_B","Defend_B","Defend_B","Defend_B","Defend_B","Zap+1","Go for the Eyes","Sweeping Beam","Turbo","Hologram+1","Conserve Battery","Steam","Turbo","Turbo","Gash+1"],"relics":["Cracked Core","NeowsBlessing","MawBank","Molten Egg 2","DollysMirror"],"potions_floor_usage":[5,7,12,16],"damage_taken":[{"damage":0,"enemies":"Jaw Worm","floor":1,"turns":1},{"damage":0,"enemies":"2 Louse","floor":2,"turns":1},{"damage":0,"enemies":"Small Slimes","floor":4,"turns":1},{"damage":5,"enemies":"2 Fungi Beasts","floor":5,"turns":3},{"damage":22,"enemies":"Lagavulin","floor":7,"turns":8},{"damage":8,"enemies":"3 Louse","floor":8,"turns":3},{"damage":7,"enemies":"Gremlin Gang","floor":12,"turns":5},{"damage":0,"enemies":"2 Fungi Beasts","floor":14,"turns":4},{"damage":55,"enemies":"Hexaghost","floor":16,"turns":11}],"seed_played":"3874670091025739628","potions_obtained":[{"floor":2,"key":"PowerPotion"},{"floor":4,"key":"Strength Potion"},{"floor":8,"key":"Fire Potion"},{"floor":14,"key":"GamblersBrew"}],"is_trial":false,"path_per_floor":["M","M","$","M","M","R","E","M","T","?","?","M","$","M","R","B"],"character_chosen":"DEFECT","items_purchased":["Turbo","Turbo","DollysMirror"],"campfire_rested":0,"item_purchase_floors":[3,13,13],"current_hp_per_floor":[75,75,75,75,70,70,48,40,40,33,58,51,51,51,51,0],"gold":25,"neow_bonus":"THREE_ENEMY_KILL","is_prod":false,"is_daily":false,"chose_seed":false,"campfire_upgraded":2,"win_rate":0.0,"timestamp":1563839610,"path_taken":["M","M","$","M","M","R","E","M","T","?","?","M","$","M","R","BOSS"],"build_version":"2019-07-17","purchased_purges":1,"victory":false,"max_hp_per_floor":[75,75,75,75,75,75,75,75,75,75,75,75,75,75,75,75],"card_choices":[{"not_picked":["Aggregate","Coolheaded"],"picked":"Go for the Eyes","floor":1},{"not_picked":["Meteor Strike","Loop"],"picked":"Sweeping Beam","floor":2},{"not_picked":["Rebound","Sweeping Beam"],"picked":"Hologram","floor":4},{"not_picked":["Coolheaded","Cold Snap"],"picked":"Conserve Battery","floor":5},{"not_picked":["Doom and Gloom","Ball Lightning"],"picked":"Steam","floor":7},{"not_picked":["Auto Shields","Leap","Compile Driver"],"picked":"SKIP","floor":8},{"not_picked":["Barrage+1","Genetic Algorithm","Leap"],"picked":"SKIP","floor":12},{"not_picked":["Rebound+1","Coolheaded"],"picked":"Gash+1","floor":14}],"player_experience":100842,"relics_obtained":[{"floor":7,"key":"MawBank"},{"floor":9,"key":"Molten Egg 2"}],"event_choices":[{"cards_removed":["Strike_B"],"damage_healed":0,"gold_gain":0,"player_choice":"Card Removal","damage_taken":7,"max_hp_gain":0,"max_hp_loss":0,"event_name":"Golden Wing","floor":10,"gold_loss":0},{"damage_healed":25,"gold_gain":0,"player_choice":"Banana","damage_taken":0,"max_hp_gain":0,"max_hp_loss":0,"event_name":"Big Fish","floor":11,"gold_loss":0}],"is_beta":false,"boss_relics":[],"items_purged_floors":[3],"is_endless":false,"potions_floor_spawned":[2,4,8,14],"killed_by":"Hexaghost","ascension_level":0}