{"gold_per_floor":[215,229,86,86,86,120,136,156,156,176,176,211,15,26,26,126,126,143,143,143,116,116,116,132,132,158,178,205,205],"floor_reached":29,"playtime":1224,"items_purged":["Strike_G"],"score":305,"play_id":"562fa31b-8c34-44b0-89f1-345feb4c13db","local_time":"20190720220617","is_ascension_mode":false,"campfire_choices":[{"floor":11,"key":"REST"},{"data":"Bouncing Flask","floor":15,"key":"SMITH"},{"floor":23,"key":"REST"},{"floor":25,"key":"REST"}],"neow_cost":"NONE","seed_source_timestamp":510011017838787,"circlet_count":0,"master_deck":["Strike_G","Strike_G","Strike_G","Defend_G","Defend_G","Defend_G","Defend_G","Defend_G","Survivor","Neutralize","Poisoned Stab","Escape Plan","Catalyst","Bouncing Flask+1","Flying Knee","Bouncing Flask","Acrobatics","Bouncing Flask","Catalyst","Venomology","Noxious Fumes+1","Prepared","Acrobatics"],"relics":["Ring of the Snake","Blood Vial","StoneCalendar","Mummified Hand","Nunchaku","Lee\u0027s Waffle","Black Star","Potion Belt","Pantograph","Blue Candle"],"potions_floor_usage":[6,12,16,21,21,21,24,27,28,28,29,29],"damage_taken":[{"damage":0,"enemies":"2 Louse","floor":1,"turns":4},{"damage":2,"enemies":"Small Slimes","floor":2,"turns":3},{"damage":29,"enemies":"Lagavulin","floor":6,"turns":7},{"damage":3,"enemies":"Cultist","floor":7,"turns":3},{"damage":6,"enemies":"Gremlin Gang","floor":8,"turns":5},{"damage":11,"enemies":"3 Louse","floor":10,"turns":3},{"damage":33,"enemies":"3 Sentries","floor":12,"turns":7},{"damage":4,"enemies":"Looter","floor":14,"turns":2},{"damage":0,"enemies":"Slime Boss","floor":16,"turns":6},{"damage":10,"enemies":"Shell Parasite","floor":18,"turns":3},{"damage":36,"enemies":"2 Thieves","floor":21,"turns":5},{"damage":47,"enemies":"Centurion and Healer","floor":24,"turns":7},{"damage":1,"enemies":"Sentry and Sphere","floor":27,"turns":4},{"damage":38,"enemies":"Book of Stabbing","floor":28,"turns":6},{"damage":14,"enemies":"Cultist and Chosen","floor":29,"turns":4}],"seed_played":"-8058434363745042168","potions_obtained":[{"floor":1,"key":"PowerPotion"},{"floor":2,"key":"SteroidPotion"},{"floor":10,"key":"Dexterity Potion"},{"floor":12,"key":"AttackPotion"},{"floor":14,"key":"SteroidPotion"},{"floor":24,"key":"EssenceOfSteel"},{"floor":28,"key":"Block Potion"}],"is_trial":false,"path_per_floor":["M","M","$","?","?","E","M","M","T","M","R","E","$","M","R","B",null,"M","?","?","M","?","R","M","R","T","M","E","M"],"character_chosen":"THE_SILENT","items_purchased":["Catalyst","Lee\u0027s Waffle"],"campfire_rested":3,"item_purchase_floors":[3,13],"current_hp_per_floor":[70,68,68,73,73,46,45,41,41,32,54,23,82,78,78,80,82,72,72,72,38,38,62,17,41,41,42,6,0],"gold":205,"neow_bonus":"HUNDRED_GOLD","is_prod":false,"is_daily":false,"chose_seed":false,"campfire_upgraded":1,"win_rate":0.0,"timestamp":1563674777,"path_taken":["M","M","$","?","?","E","?","?","T","M","R","E","$","M","R","BOSS","M","?","?","M","?","R","M","R","T","M","E","M"],"build_version":"2019-07-17","purchased_purges":1,"victory":false,"max_hp_per_floor":[70,70,70,75,75,75,75,75,75,75,75,75,82,82,82,82,82,82,82,82,82,82,82,82,82,82,82,82,82],"card_choices":[{"not_picked":["All Out Attack","Finisher"],"picked":"Poisoned Stab","floor":1},{"not_picked":["Dodge and Roll","Cloak And Dagger"],"picked":"Escape Plan","floor":2},{"not_picked":["Tools of the Trade","Deflect"],"picked":"Bouncing Flask","floor":6},{"not_picked":["Dodge and Roll","Sucker Punch"],"picked":"Flying Knee","floor":7},{"not_picked":["Deflect","Choke"],"picked":"Bouncing Flask","floor":8},{"not_picked":["Dodge and Roll","Outmaneuver"],"picked":"Acrobatics","floor":10},{"not_picked":["Backflip","Flying Knee"],"picked":"Bouncing Flask","floor":12},{"not_picked":["Bane","Backstab"],"picked":"Catalyst","floor":14},{"not_picked":["A Thousand Cuts","Phantasmal Killer"],"picked":"Venomology","floor":16},{"not_picked":["Flying Knee","Expertise+1"],"picked":"Noxious Fumes+1","floor":18},{"not_picked":["Backstab","Acrobatics+1"],"picked":"Prepared","floor":21},{"not_picked":["Infinite Blades","Backstab","Eviscerate"],"picked":"SKIP","floor":24},{"not_picked":["Blade Dance+1","Finisher","Doppelganger"],"picked":"SKIP","floor":27},{"not_picked":["Bane","Leg Sweep+1"],"picked":"Acrobatics","floor":28}],"player_experience":59352,"relics_obtained":[{"floor":6,"key":"StoneCalendar"},{"floor":9,"key":"Mummified Hand"},{"floor":12,"key":"Nunchaku"},{"floor":26,"key":"Potion Belt"},{"floor":28,"key":"Pantograph"},{"floor":28,"key":"Blue Candle"}],"event_choices":[{"damage_healed":0,"gold_gain":0,"player_choice":"Donut","damage_taken":0,"max_hp_gain":5,"max_hp_loss":0,"event_name":"Big Fish","floor":4,"gold_loss":0},{"damage_healed":0,"gold_gain":0,"player_choice":"Gave Potion","damage_taken":0,"relics_obtained":["Blood Vial"],"max_hp_gain":0,"max_hp_loss":0,"event_name":"WeMeetAgain","floor":5,"gold_loss":0},{"damage_healed":0,"gold_gain":0,"player_choice":"Ignored","damage_taken":0,"max_hp_gain":0,"max_hp_loss":0,"event_name":"Cursed Tome","floor":19,"gold_loss":0},{"damage_healed":0,"gold_gain":0,"player_choice":"Ignored","damage_taken":0,"max_hp_gain":0,"max_hp_loss":0,"event_name":"Vampires","floor":20,"gold_loss":0},{"cards_removed":["Strike_G"],"damage_healed":0,"gold_gain":0,"player_choice":"Elegance","damage_taken":0,"max_hp_gain":0,"max_hp_loss":0,"event_name":"Back to Basics","floor":22,"gold_loss":0}],"is_beta":false,"boss_relics":[{"not_picked":["Velvet Choker","HoveringKite"],"picked":"Black Star"}],"items_purged_floors":[3],"is_endless":false,"potions_floor_spawned":[1,2,10,12,14,24,28],"killed_by":"Cultist and Chosen","ascension_level":0}