{"gold_per_floor":[214,214,225,185,36,70,70,70,70,84,113,113,102,137,137,137],"floor_reached":16,"playtime":1464,"items_purged":[],"score":142,"play_id":"df1a4704-e0b1-4b4b-bb5f-0334e14319ee","local_time":"20190621085956","is_ascension_mode":true,"campfire_choices":[{"floor":7,"key":"REST"},{"floor":12,"key":"REST"},{"floor":15,"key":"REST"}],"neow_cost":"NONE","seed_source_timestamp":87610757081900,"circlet_count":0,"master_deck":["Strike_R","Strike_R","Strike_R","Defend_R","Defend_R","Defend_R","Defend_R","Bash","Feel No Pain","Inflame","Burning Pact","Reaper","Dual Wield","Shrug It Off","Metallicize","Disarm"],"relics":["Burning Blood","Blood Vial","Bottled Lightning","Self Forming Clay","Magic Flower","Kunai"],"potions_floor_usage":[6,6,13],"damage_taken":[{"damage":0,"enemies":"Small Slimes","floor":1,"turns":3},{"damage":1,"enemies":"Cultist","floor":3,"turns":4},{"damage":41,"enemies":"3 Sentries","floor":6,"turns":12},{"damage":0,"enemies":"2 Louse","floor":10,"turns":4},{"damage":61,"enemies":"Gremlin Nob","floor":11,"turns":6},{"damage":9,"enemies":"Exordium Thugs","floor":13,"turns":4},{"damage":47,"enemies":"Lagavulin","floor":14,"turns":12},{"damage":104,"enemies":"Hexaghost","floor":16,"turns":18}],"seed_played":"3774718248799913779","potions_obtained":[{"floor":4,"key":"Dexterity Potion"},{"floor":4,"key":"SmokeBomb"},{"floor":4,"key":"SteroidPotion"},{"floor":11,"key":"Explosive Potion"}],"is_trial":false,"path_per_floor":["M","?","M","?","$","E","R","?","T","M","E","R","M","E","R","B"],"character_chosen":"IRONCLAD","items_purchased":["Blood Vial"],"campfire_rested":3,"item_purchase_floors":[5],"current_hp_per_floor":[80,80,80,80,80,45,69,62,62,73,26,50,58,46,70,0],"gold":137,"neow_bonus":"HUNDRED_GOLD","is_prod":false,"is_daily":false,"chose_seed":false,"campfire_upgraded":0,"win_rate":0,"timestamp":1561103996,"path_taken":["M","?","?","?","?","E","R","?","T","M","E","R","M","E","R","BOSS"],"build_version":"2019-01-23","purchased_purges":0,"victory":false,"max_hp_per_floor":[80,80,80,80,80,80,80,80,80,80,80,80,80,80,80,80],"card_choices":[{"not_picked":["Sword Boomerang","Clothesline"],"picked":"Feel No Pain","floor":1},{"not_picked":["Infernal Blade","Wild Strike"],"picked":"Burning Pact","floor":3},{"not_picked":["Battle Trance","Power Through"],"picked":"Reaper","floor":6},{"not_picked":["Flex","Rupture"],"picked":"Dual Wield","floor":10},{"not_picked":["Twin Strike","Pommel Strike"],"picked":"Shrug It Off","floor":11},{"not_picked":["Headbutt","Flex"],"picked":"Metallicize","floor":13},{"not_picked":["Clothesline","Body Slam"],"picked":"Disarm","floor":14}],"player_experience":818092,"relics_obtained":[{"floor":6,"key":"Bottled Lightning"},{"floor":9,"key":"Self Forming Clay"},{"floor":11,"key":"Magic Flower"},{"floor":14,"key":"Kunai"}],"event_choices":[{"damage_healed":0,"gold_gain":0,"cards_transformed":["Strike_R"],"player_choice":"Transformed","damage_taken":0,"max_hp_gain":0,"max_hp_loss":0,"event_name":"Transmorgrifier","floor":2,"gold_loss":0,"cards_obtained":["Inflame"]},{"damage_healed":0,"gold_gain":0,"player_choice":"Bought 3 Potions","damage_taken":0,"max_hp_gain":0,"max_hp_loss":0,"event_name":"The Woman in Blue","floor":4,"gold_loss":0},{"cards_removed":["Strike_R"],"damage_healed":0,"gold_gain":0,"player_choice":"Card Removal","damage_taken":7,"max_hp_gain":0,"max_hp_loss":0,"event_name":"Golden Wing","floor":8,"gold_loss":0}],"is_beta":false,"boss_relics":[],"items_purged_floors":[],"is_endless":false,"potions_floor_spawned":[11],"killed_by":"Hexaghost","ascension_level":4}