{"path_per_floor":["M","M","?","$","M","R","E","M","T","T","M","$","M","M","R","B",null,"M","$","?","M","?","R","M","R","T","R","E","R","M","$","R","B",null,"M","M","$","?","M","R","E"],"character_chosen":"IRONCLAD","items_purchased":["Twin Strike","Sword Boomerang","Thunderclap","Rupture"],"gold_per_floor":[117,128,128,53,69,69,109,129,129,197,216,63,77,102,102,221,221,235,11,11,35,35,35,49,49,73,73,112,112,128,55,55,178,178,201,219,69,0,13,13,48],"floor_reached":42,"campfire_rested":3,"playtime":2526,"current_hp_per_floor":[80,80,60,60,60,60,58,50,50,50,50,50,49,55,79,46,80,78,78,78,74,74,74,59,59,59,59,54,78,77,77,77,30,80,66,64,64,64,33,67,10],"items_purged":["Strike_R","Dual Wield","Defend_R","Strike_R"],"gold":48,"score":398,"play_id":"4d14e5b9-6135-4b68-85ce-c9e5721d1b71","is_prod":false,"is_daily":false,"is_ascension_mode":false,"campfire_upgraded":5,"path_taken":["M","M","?","$","?","R","E","?","T","?","M","$","M","M","R","BOSS","M","$","?","M","?","R","M","R","T","R","E","R","?","$","R","BOSS","M","M","$","?","M","R","E","M"],"build_version":"2018-02-22-PROD1","purchased_purges":4,"victory":false,"master_deck":["Strike_R","Strike_R","Defend_R","Defend_R","Defend_R","Bash","Armaments","Rampage+1","Dropkick","Twin Strike","Pommel Strike+1","Spot Weakness","Fiend Fire+1","Pummel","Battle Trance","Cleave","Thunderclap","Seeing Red+1","Shrug It Off+1","Sword Boomerang","Thunderclap","Spot Weakness","Spot Weakness","Sword Boomerang+1","Sword Boomerang","Brutality+1","Rupture","Berserk","Pommel Strike+1","Seeing Red+1"],"max_hp_per_floor":[80,80,80,80,80,80,80,80,80,80,80,80,80,80,80,80,80,80,80,80,80,80,80,80,80,80,80,80,80,80,80,80,80,80,80,80,80,80,80,80,80],"relics":["Burning Blood","Golden Idol","Bag of Marbles","Paper Frog","Letter Opener","Orrery","Anchor","Toolbox","Eternal Feather","Red Mask","Lantern"],"card_choices":[{"not_picked":["Headbutt","Bloodletting"],"picked":"Armaments"},{"not_picked":["Flame Barrier","Clothesline"],"picked":"Rampage"},{"not_picked":["Armaments","Intimidate"],"picked":"Dual Wield"},{"not_picked":["Rupture","Flame Barrier"],"picked":"Dropkick"},{"not_picked":["Rage","Dual Wield"],"picked":"Pommel Strike"},{"not_picked":["Pummel","Body Slam"],"picked":"Spot Weakness"},{"not_picked":["Brutality","Berserk"],"picked":"Fiend Fire"},{"not_picked":["Sever Soul","Rage"],"picked":"Pummel"},{"not_picked":["Clash","Warcry"],"picked":"Battle Trance"},{"not_picked":["Rupture","Iron Wave"],"picked":"Cleave"},{"not_picked":["Heavy Blade","Second Wind"],"picked":"Thunderclap"},{"not_picked":["Flex","Sever Soul"],"picked":"Seeing Red"},{"not_picked":["Metallicize","Clash"],"picked":"Shrug It Off"},{"not_picked":["Perfected Strike","Intimidate"],"picked":"Spot Weakness"},{"not_picked":["Rage","Burning Pact"],"picked":"Sword Boomerang"},{"not_picked":["Shrug It Off","Blood for Blood"],"picked":"Sword Boomerang"},{"not_picked":["Disarm","True Grit"],"picked":"Brutality"},{"not_picked":["Dark Embrace","Barricade"],"picked":"Berserk"},{"not_picked":["Dropkick","Anger"],"picked":"Pommel Strike"},{"not_picked":["Uppercut","Second Wind"],"picked":"Seeing Red"}],"player_experience":32791,"potions_floor_usage":[7,28,33,36,42],"damage_taken":[{"damage":1,"enemies":"Cultist","floor":1,"turns":4},{"damage":5,"enemies":"Small Slimes","floor":2,"turns":6},{"damage":6,"enemies":"Jaw Worm","floor":5,"turns":4},{"damage":8,"enemies":"Gremlin Nob","floor":7,"turns":4},{"damage":14,"enemies":"3 Louse","floor":8,"turns":5},{"damage":6,"enemies":"Exordium Wildlife","floor":11,"turns":4},{"damage":7,"enemies":"Blue Slaver","floor":13,"turns":4},{"damage":0,"enemies":"Looter","floor":14,"turns":4},{"damage":39,"enemies":"The Guardian","floor":16,"turns":7},{"damage":8,"enemies":"3 Byrds","floor":18,"turns":4},{"damage":10,"enemies":"Chosen","floor":21,"turns":3},{"damage":21,"enemies":"Snake Plant","floor":24,"turns":2},{"damage":11,"enemies":"Slavers","floor":28,"turns":3},{"damage":7,"enemies":"Centurion and Healer","floor":30,"turns":4},{"damage":53,"enemies":"Collector","floor":33,"turns":4},{"damage":20,"enemies":"Orb Walker","floor":35,"turns":3},{"damage":8,"enemies":"3 Darklings","floor":36,"turns":3},{"damage":37,"enemies":"4 Shapes","floor":39,"turns":4},{"damage":63,"enemies":"Nemesis","floor":41,"turns":7},{"damage":19,"enemies":"Sphere and 2 Shapes","floor":42,"turns":2}],"event_choices":[{"event_name":"Golden Idol","player_choice":"Take Damage","floor":3,"damage_taken":0},{"event_name":"Cursed Tome","player_choice":"Ignored","floor":20,"damage_taken":0},{"event_name":"The Library","player_choice":"Read","floor":22,"damage_taken":0},{"event_name":"Tomb of Lord Red Mask","player_choice":"Paid","floor":38,"damage_taken":0}],"boss_relics":[{"not_picked":["Ectoplasm","Question Card"],"picked":"Orrery"},{"not_picked":["Runic Dome","Sozu"],"picked":"Eternal Feather"}],"potions_floor_spawned":[5,7,8,21,24,28,30,36,41],"seed_played":"-6899812329781976115","killed_by":"Sphere and 2 Shapes","ascension_level":0,"is_trial":false}