{"gold_per_floor":[364,383,286,297,317,317,342,342,420,420,439,454,489,501,501,606,606,623,623,640,655,675,707,724,739,764,790,809,809,827,853,853,853],"floor_reached":33,"playtime":14064,"items_purged":["Strike_R"],"score":305,"play_id":"7401e490-19eb-4c3b-8937-8b4c51d52c33","local_time":"20190720182218","is_ascension_mode":false,"campfire_choices":[{"data":"Corruption","floor":6,"key":"SMITH"},{"floor":8,"key":"REST"},{"floor":15,"key":"REST"},{"floor":29,"key":"REST"},{"data":"1","floor":32,"key":"LIFT"}],"neow_cost":"TEN_PERCENT_HP_LOSS","seed_source_timestamp":422178548608400,"circlet_count":0,"master_deck":["Strike_R+1","Strike_R","Strike_R+1","Defend_R","Defend_R","Defend_R","Defend_R","Bash","Shrug It Off","Cleave","Twin Strike","Corruption+1","Iron Wave","Feel No Pain","Pommel Strike","Immolate","Heavy Blade","Twin Strike","Immolate","Dropkick","Iron Wave","Shrug It Off","Flame Barrier","Thunderclap+1","Clash","Cleave+1","Twin Strike","Flame Barrier","Shrug It Off","Clash","Fiend Fire"],"relics":["Burning Blood","Mango","Letter Opener","Pen Nib","Mark of Pain","Girya","Red Skull","Self Forming Clay","Red Mask"],"potions_floor_usage":[13,14,16,16,16,18,31,33,33],"damage_taken":[{"damage":2,"enemies":"Cultist","floor":1,"turns":5},{"damage":2,"enemies":"Small Slimes","floor":2,"turns":5},{"damage":4,"enemies":"Jaw Worm","floor":4,"turns":4},{"damage":20,"enemies":"Lots of Slimes","floor":5,"turns":7},{"damage":40,"enemies":"Lagavulin","floor":7,"turns":7},{"damage":0,"enemies":"3 Louse","floor":11,"turns":4},{"damage":7,"enemies":"2 Fungi Beasts","floor":12,"turns":4},{"damage":12,"enemies":"3 Sentries","floor":13,"turns":6},{"damage":20,"enemies":"Exordium Thugs","floor":14,"turns":4},{"damage":33,"enemies":"Slime Boss","floor":16,"turns":10},{"damage":2,"enemies":"Chosen","floor":18,"turns":4},{"damage":18,"enemies":"Shell Parasite","floor":20,"turns":6},{"damage":21,"enemies":"Centurion and Healer","floor":21,"turns":9},{"damage":19,"enemies":"Snecko","floor":22,"turns":5},{"damage":1,"enemies":"Gremlin Leader","floor":23,"turns":4},{"damage":22,"enemies":"Snake Plant","floor":24,"turns":4},{"damage":0,"enemies":"3 Cultists","floor":25,"turns":2},{"damage":18,"enemies":"Book of Stabbing","floor":27,"turns":5},{"damage":13,"enemies":"Centurion and Healer","floor":28,"turns":4},{"damage":7,"enemies":"Sentry and Sphere","floor":30,"turns":4},{"damage":16,"enemies":"Masked Bandits","floor":31,"turns":3},{"damage":67,"enemies":"Champ","floor":33,"turns":10}],"seed_played":"-6298731707013118180","potions_obtained":[{"floor":1,"key":"AttackPotion"},{"floor":5,"key":"PowerPotion"},{"floor":7,"key":"Regen Potion"},{"floor":13,"key":"PowerPotion"},{"floor":14,"key":"PowerPotion"},{"floor":16,"key":"PowerPotion"},{"floor":18,"key":"Swift Potion"},{"floor":22,"key":"SteroidPotion"},{"floor":23,"key":"Fire Potion"},{"floor":28,"key":"BloodPotion"},{"floor":31,"key":"Ancient Potion"}],"is_trial":false,"path_per_floor":["M","?","?","M","?"],"character_chosen":"IRONCLAD","items_purchased":["Twin Strike"],"campfire_rested":3,"item_purchase_floors":[3],"current_hp_per_floor":[72,72,72,72,58,58,38,63,63,46,52,51,45,31,56,43,86,86,86,74,59,46,51,35,41,41,29,22,47,46,44,44,0],"gold":853,"neow_bonus":"TWO_FIFTY_GOLD","is_prod":false,"is_daily":false,"chose_seed":false,"campfire_upgraded":1,"win_rate":0.0,"timestamp":1563661338,"path_taken":["M","?","$","M","M","R","E","R","T","?","M","M","E","M","R","BOSS","M","?","M","M","M","E","M","M","T","E","?","R","M","?","R","BOSS"],"build_version":"2019-01-23","purchased_purges":1,"victory":false,"max_hp_per_floor":[72,72,72,72,72,72,86,86,86,86,86,86,86,86,86,86,86,86,86,86,86,86,86,86,86,86,86,86,86,86,86,86,86],"card_choices":[{"not_picked":["Battle Trance","Disarm"],"picked":"Shrug It Off","floor":1},{"not_picked":["Second Wind","Perfected Strike"],"picked":"Cleave","floor":2},{"not_picked":["Thunderclap","Feel No Pain"],"picked":"Corruption","floor":4},{"not_picked":["Flex","Bloodletting"],"picked":"Iron Wave","floor":5},{"not_picked":["Burning Pact","Pummel"],"picked":"Feel No Pain","floor":7},{"not_picked":["Headbutt","Rampage"],"picked":"Pommel Strike","floor":11},{"not_picked":["Second Wind","Pummel"],"picked":"Immolate","floor":12},{"not_picked":["Second Wind","Evolve"],"picked":"Heavy Blade","floor":13},{"not_picked":["Bloodletting","Seeing Red"],"picked":"Twin Strike","floor":14},{"not_picked":["Limit Break","Demon Form"],"picked":"Immolate","floor":16},{"not_picked":["Reckless Charge","Clothesline"],"picked":"Dropkick","floor":18},{"not_picked":["Sword Boomerang","Body Slam+1"],"picked":"Shrug It Off","floor":20},{"not_picked":["Flex+1","Anger"],"picked":"Flame Barrier","floor":21},{"not_picked":["Metallicize","Feel No Pain"],"picked":"Thunderclap+1","floor":22},{"not_picked":["Pommel Strike","Body Slam+1"],"picked":"Clash","floor":23},{"not_picked":["Rampage","Brutality"],"picked":"Cleave+1","floor":24},{"not_picked":["Clothesline","Headbutt"],"picked":"Twin Strike","floor":25},{"not_picked":["Entrench","Infernal Blade+1"],"picked":"Flame Barrier","floor":27},{"not_picked":["Battle Trance+1","Disarm"],"picked":"Shrug It Off","floor":28},{"not_picked":["Evolve+1","Clothesline"],"picked":"Clash","floor":30},{"not_picked":["Body Slam","Combust"],"picked":"Fiend Fire","floor":31}],"player_experience":20428,"relics_obtained":[{"floor":7,"key":"Mango"},{"floor":9,"key":"Letter Opener"},{"floor":13,"key":"Pen Nib"},{"floor":23,"key":"Girya"},{"floor":26,"key":"Red Skull"},{"floor":27,"key":"Self Forming Clay"},{"floor":31,"key":"Red Mask"}],"event_choices":[{"damage_healed":0,"gold_gain":0,"player_choice":"Entered Light","damage_taken":17,"max_hp_gain":0,"max_hp_loss":0,"event_name":"Shining Light","floor":10,"gold_loss":0,"cards_upgraded":["Strike_R","Strike_R"]},{"cards_removed":["Strike_R"],"damage_healed":0,"gold_gain":0,"player_choice":"Took Card","damage_taken":0,"max_hp_gain":0,"max_hp_loss":0,"event_name":"NoteForYourself","floor":19,"gold_loss":0,"cards_obtained":["Iron Wave"]},{"damage_healed":0,"gold_gain":0,"player_choice":"Fought Bandits","damage_taken":0,"max_hp_gain":0,"max_hp_loss":0,"event_name":"Masked Bandits","floor":31,"gold_loss":0}],"is_beta":false,"boss_relics":[{"not_picked":["Orrery","Snecko Eye"],"picked":"Mark of Pain"}],"items_purged_floors":[3],"is_endless":false,"potions_floor_spawned":[1,5,7,13,14,16,18,22,23,25,28,31],"killed_by":"Champ","ascension_level":0}