{"gold_per_floor":[111,9,9,184,184,184,217,217,268,284,284,307,321,335,335,466,466,434,434,450,502,526,526,526],"floor_reached":24,"playtime":862,"items_purged":[],"score":221,"play_id":"c54dbc8a-152b-433c-9b66-54523ba8741c","local_time":"20190720175409","is_ascension_mode":false,"campfire_choices":[{"floor":6,"key":"REST"},{"data":"Calculated Gamble","floor":11,"key":"SMITH"},{"data":"Noxious Fumes","floor":15,"key":"SMITH"},{"floor":23,"key":"REST"}],"neow_cost":"NONE","seed_source_timestamp":495244166835763,"circlet_count":0,"master_deck":["Strike_G","Strike_G+1","Strike_G","Defend_G","Defend_G","Defend_G","Defend_G","Defend_G","Survivor","Neutralize","PiercingWail","Poisoned Stab","Poisoned Stab","Calculated Gamble+1","Noxious Fumes+1","Acrobatics","Poisoned Stab","Die Die Die+1","Prepared","Dagger Throw","Injury"],"relics":["Ring of the Snake","NeowsBlessing","Golden Idol","Vajra","Question Card","Pen Nib","Whetstone"],"potions_floor_usage":[14,16,16,24],"damage_taken":[{"damage":0,"enemies":"2 Louse","floor":1,"turns":1},{"damage":0,"enemies":"Gremlin Nob","floor":7,"turns":1},{"damage":0,"enemies":"Small Slimes","floor":10,"turns":1},{"damage":0,"enemies":"Jaw Worm","floor":12,"turns":4},{"damage":0,"enemies":"3 Louse","floor":13,"turns":4},{"damage":4,"enemies":"Gremlin Gang","floor":14,"turns":4},{"damage":28,"enemies":"The Guardian","floor":16,"turns":8},{"damage":29,"enemies":"2 Thieves","floor":18,"turns":5},{"damage":10,"enemies":"Chosen","floor":20,"turns":6},{"damage":29,"enemies":"Snake Plant","floor":22,"turns":5},{"damage":24,"enemies":"Centurion and Healer","floor":24,"turns":5}],"seed_played":"6015431580137795988","potions_obtained":[{"floor":12,"key":"Weak Potion"},{"floor":13,"key":"Poison Potion"},{"floor":22,"key":"Block Potion"}],"is_trial":false,"path_per_floor":["M","$","?","?","?","R","E","?","T","M","R","M","M","M","R","B",null,"M","?","M","T","M","R","M"],"character_chosen":"THE_SILENT","items_purchased":["Poisoned Stab","Fire Potion"],"campfire_rested":2,"item_purchase_floors":[2,2],"current_hp_per_floor":[70,70,53,53,46,67,67,67,67,67,67,67,67,63,63,35,70,41,41,31,31,2,23,0],"gold":526,"neow_bonus":"THREE_ENEMY_KILL","is_prod":false,"is_daily":false,"chose_seed":false,"campfire_upgraded":2,"win_rate":0.0,"timestamp":1563659649,"path_taken":["M","$","?","?","?","R","E","?","T","M","R","M","M","M","R","BOSS","M","?","M","?","M","R","M"],"build_version":"2019-07-17","purchased_purges":0,"victory":false,"max_hp_per_floor":[70,70,70,70,70,70,70,70,70,70,70,70,70,70,70,70,70,70,70,70,70,70,70,70],"card_choices":[{"not_picked":["Dagger Spray","Deflect"],"picked":"PiercingWail","floor":1},{"not_picked":["Calculated Gamble","Dagger Spray"],"picked":"Poisoned Stab","floor":7},{"not_picked":["Blade Dance","Acrobatics","Quick Slash"],"picked":"Calculated Gamble","floor":10},{"not_picked":["Backflip","Malaise","Dodge and Roll"],"picked":"Noxious Fumes","floor":12},{"not_picked":["Reflex","PiercingWail","Skewer"],"picked":"Acrobatics","floor":13},{"not_picked":["Backflip","Slice","Sucker Punch"],"picked":"Poisoned Stab","floor":14},{"not_picked":["After Image","Burst","Phantasmal Killer"],"picked":"Die Die Die","floor":16},{"not_picked":["Eviscerate+1","Blade Dance","Dagger Spray"],"picked":"Prepared","floor":18},{"not_picked":["All Out Attack+1","Predator","Deflect","Dagger Spray"],"picked":"SKIP","floor":20},{"not_picked":["Sucker Punch","Quick Slash+1","Outmaneuver+1","Flying Knee"],"picked":"SKIP","floor":22}],"player_experience":51682,"relics_obtained":[{"floor":7,"key":"Question Card"},{"floor":9,"key":"Pen Nib"},{"floor":21,"key":"Whetstone"}],"event_choices":[{"damage_healed":0,"gold_gain":0,"player_choice":"Take Damage","damage_taken":17,"relics_obtained":["Golden Idol"],"max_hp_gain":0,"max_hp_loss":0,"event_name":"Golden Idol","floor":3,"gold_loss":0},{"damage_healed":0,"gold_gain":175,"player_choice":"AGREE","damage_taken":0,"max_hp_gain":0,"max_hp_loss":0,"event_name":"Liars Game","floor":4,"gold_loss":0,"cards_obtained":["Doubt"]},{"damage_healed":0,"gold_gain":0,"player_choice":"Success","damage_taken":7,"relics_obtained":["Vajra"],"max_hp_gain":0,"max_hp_loss":0,"event_name":"Scrap Ooze","floor":5,"gold_loss":0},{"cards_removed":["Strike_G"],"damage_healed":0,"gold_gain":0,"player_choice":"Forget","damage_taken":0,"max_hp_gain":0,"max_hp_loss":0,"event_name":"Living Wall","floor":8,"gold_loss":0},{"damage_healed":0,"gold_gain":0,"cards_transformed":["Strike_G","Doubt"],"player_choice":"Became Test Subject","damage_taken":0,"max_hp_gain":0,"max_hp_loss":0,"event_name":"Drug Dealer","floor":19,"gold_loss":0,"cards_obtained":["Dagger Throw","Injury"]}],"is_beta":false,"boss_relics":[{"not_picked":["Philosopher\u0027s Stone","Snecko Eye","Busted Crown"]}],"items_purged_floors":[],"is_endless":false,"potions_floor_spawned":[12,13,22],"killed_by":"Centurion and Healer","ascension_level":0}