{"gold_per_floor":[115,65,80,93,168,168,195,212,239,256,268,299,299,313,313,410,410,320,320,320,320,126,126,126,140,140,174,174,174,174],"floor_reached":30,"playtime":2776,"items_purged":["Regret"],"score":320,"play_id":"d551f754-d456-40ce-b312-784849dfd862","local_time":"20190623130706","is_ascension_mode":true,"campfire_choices":[{"data":"Bash","floor":6,"key":"SMITH"},{"floor":15,"key":"REST"},{"floor":23,"key":"REST"},{"floor":28,"key":"REST"}],"neow_cost":"NONE","seed_source_timestamp":273926708656499,"circlet_count":0,"master_deck":["Strike_R+1","Strike_R+1","Strike_R+1","Strike_R+1","Defend_R+1","Defend_R+1","Defend_R+1","Defend_R+1","Bash+1","Burning Pact","Flame Barrier","Iron Wave","Inflame","Warcry","Ghostly Armor","Second Wind","Inflame","Metallicize","Barricade","Shrug It Off","RitualDagger","Necronomicurse","Cleave","Heavy Blade"],"relics":["Burning Blood","Centennial Puzzle","Happy Flower","Smiling Mask","Pocketwatch","Runic Cube","Necronomicon","Vajra","Matryoshka","Bag of Marbles","Art of War"],"potions_floor_usage":[7,8,10,11,16,18],"damage_taken":[{"damage":9,"enemies":"Small Slimes","floor":1,"turns":4},{"damage":5,"enemies":"2 Louse","floor":3,"turns":4},{"damage":13,"enemies":"Jaw Worm","floor":4,"turns":6},{"damage":38,"enemies":"Lagavulin","floor":7,"turns":8},{"damage":13,"enemies":"Blue Slaver","floor":8,"turns":4},{"damage":6,"enemies":"Lots of Slimes","floor":10,"turns":4},{"damage":0,"enemies":"Large Slime","floor":11,"turns":6},{"damage":23,"enemies":"3 Sentries","floor":12,"turns":17},{"damage":11,"enemies":"2 Fungi Beasts","floor":14,"turns":5},{"damage":33,"enemies":"The Guardian","floor":16,"turns":16},{"damage":28,"enemies":"2 Thieves","floor":18,"turns":5},{"damage":0,"enemies":"Chosen","floor":25,"turns":3},{"damage":55,"enemies":"Slavers","floor":27,"turns":9},{"damage":38,"enemies":"Gremlin Leader","floor":30,"turns":2}],"seed_played":"-2364320481936072311","potions_obtained":[{"floor":1,"key":"FearPotion"},{"floor":4,"key":"FearPotion"},{"floor":8,"key":"Fire Potion"},{"floor":10,"key":"BloodPotion"},{"floor":14,"key":"Dexterity Potion"},{"floor":16,"key":"Block Potion"},{"floor":27,"key":"SmokeBomb"}],"is_trial":false,"path_per_floor":["M","?","M","M","?","R","E","M","T","M","M","E","?","M","R","B",null,"M","?","?","?","$","R","?","M","T","E","R","?","E"],"character_chosen":"IRONCLAD","items_purchased":["Vajra"],"campfire_rested":3,"item_purchase_floors":[22],"current_hp_per_floor":[85,85,86,79,68,68,36,29,29,29,43,26,26,21,47,20,71,49,43,27,27,27,53,53,59,59,10,36,36,0],"gold":174,"neow_bonus":"TEN_PERCENT_HP_BONUS","is_prod":false,"is_daily":false,"chose_seed":false,"campfire_upgraded":1,"win_rate":0,"timestamp":1561291626,"path_taken":["M","?","M","M","?","R","E","M","T","M","M","E","?","M","R","BOSS","M","?","?","?","?","R","?","?","T","E","R","?","E"],"build_version":"2019-01-23","purchased_purges":1,"victory":false,"max_hp_per_floor":[88,88,88,88,88,88,88,88,88,88,88,88,88,88,88,88,88,88,88,88,88,88,88,88,88,88,88,88,88,88],"card_choices":[{"not_picked":["Evolve","Dropkick"],"picked":"Burning Pact","floor":1},{"not_picked":["Power Through","Flex"],"picked":"Flame Barrier","floor":3},{"not_picked":["Thunderclap","Combust"],"picked":"Iron Wave","floor":4},{"not_picked":["Hemokinesis","Dropkick"],"picked":"Inflame","floor":7},{"not_picked":["Combust","Heavy Blade"],"picked":"Warcry","floor":8},{"not_picked":["Clothesline","Flex"],"picked":"Ghostly Armor","floor":10},{"not_picked":["Wild Strike","Headbutt"],"picked":"Second Wind","floor":11},{"not_picked":["Warcry","Shrug It Off"],"picked":"Inflame","floor":12},{"not_picked":["Entrench","Offering"],"picked":"Metallicize","floor":14},{"not_picked":["Impervious","Feed"],"picked":"Barricade","floor":16},{"not_picked":["Clash","Twin Strike+1"],"picked":"Shrug It Off","floor":18},{"not_picked":["Pommel Strike","Clash"],"picked":"Cleave","floor":25},{"not_picked":["Iron Wave","Second Wind+1"],"picked":"Heavy Blade","floor":27}],"player_experience":827299,"relics_obtained":[{"floor":7,"key":"Centennial Puzzle"},{"floor":9,"key":"Happy Flower"},{"floor":12,"key":"Smiling Mask"},{"floor":20,"key":"Necronomicon"},{"floor":26,"key":"Matryoshka"},{"floor":27,"key":"Bag of Marbles"}],"event_choices":[{"cards_removed":["Strike_R"],"damage_healed":0,"gold_gain":0,"player_choice":"Card Removal","damage_taken":0,"max_hp_gain":0,"max_hp_loss":0,"event_name":"The Cleric","floor":2,"gold_loss":50},{"damage_healed":0,"gold_gain":75,"player_choice":"Gather Gold","damage_taken":11,"max_hp_gain":0,"max_hp_loss":0,"event_name":"World of Goop","floor":5,"gold_loss":0},{"damage_healed":0,"gold_gain":0,"player_choice":"Box","damage_taken":0,"relics_obtained":["Pocketwatch"],"max_hp_gain":0,"max_hp_loss":0,"event_name":"Big Fish","floor":13,"gold_loss":0,"cards_obtained":["Regret"]},{"damage_healed":0,"gold_gain":0,"player_choice":"Joined the Cult","damage_taken":6,"max_hp_gain":0,"max_hp_loss":0,"event_name":"Nest","floor":19,"gold_loss":0,"cards_obtained":["RitualDagger"]},{"damage_healed":0,"gold_gain":0,"player_choice":"Obtained Book","damage_taken":16,"max_hp_gain":0,"max_hp_loss":0,"event_name":"Cursed Tome","floor":20,"gold_loss":0},{"damage_healed":0,"gold_gain":0,"player_choice":"Simplicity","damage_taken":0,"max_hp_gain":0,"max_hp_loss":0,"event_name":"Back to Basics","floor":21,"gold_loss":0,"cards_upgraded":["Strike_R","Strike_R","Strike_R","Strike_R","Defend_R","Defend_R","Defend_R","Defend_R"]},{"damage_healed":0,"gold_gain":0,"player_choice":"Ignored","damage_taken":0,"max_hp_gain":0,"max_hp_loss":0,"event_name":"Beggar","floor":24,"gold_loss":0},{"damage_healed":0,"gold_gain":0,"player_choice":"Gave Potion","damage_taken":0,"relics_obtained":["Art of War"],"max_hp_gain":0,"max_hp_loss":0,"event_name":"WeMeetAgain","floor":29,"gold_loss":0}],"is_beta":false,"boss_relics":[{"not_picked":["Empty Cage","White Beast Statue"],"picked":"Runic Cube"}],"items_purged_floors":[22],"is_endless":false,"potions_floor_spawned":[1,4,8,10,14,16,27],"killed_by":"Gremlin Leader","ascension_level":5}