{"gold_per_floor":[116,136,154,167,14,14,14,47,47,64,64,94,94,121,121,223,223,239,239,1,1,18,47,47,47],"floor_reached":25,"playtime":1609,"items_purged":["Strike_R","Defend_R"],"score":395,"play_id":"486ab799-f862-48ce-b020-ac2d320abc0a","local_time":"20190724085429","is_ascension_mode":true,"campfire_choices":[{"floor":6,"key":"REST"},{"floor":11,"key":"REST"},{"floor":13,"key":"REST"},{"floor":15,"key":"REST"},{"floor":24,"key":"REST"}],"neow_cost":"PERCENT_DAMAGE","seed_source_timestamp":1120769825150500,"circlet_count":0,"master_deck":["AscendersBane","Defend_R","Defend_R","Defend_R","Bash","Uppercut","Rage","Anger","Battle Trance","Inflame","Uppercut","Flex","Havoc","Feel No Pain+1","Reaper","Ghostly Armor","Bite","Bite","Bite","Bite","Bite","Feel No Pain+1","Burning Pact","Blind","Havoc+1"],"relics":["Burning Blood","Du-Vu Doll","Dodecahedron","Frozen Egg 2","Vajra","Snecko Eye","Self Forming Clay"],"potions_floor_usage":[4,8,23],"damage_taken":[{"damage":5,"enemies":"Cultist","floor":1,"turns":5},{"damage":9,"enemies":"Jaw Worm","floor":2,"turns":3},{"damage":7,"enemies":"2 Louse","floor":3,"turns":3},{"damage":13,"enemies":"Red Slaver","floor":4,"turns":4},{"damage":30,"enemies":"Lagavulin","floor":8,"turns":4},{"damage":21,"enemies":"Exordium Thugs","floor":10,"turns":4},{"damage":35,"enemies":"3 Sentries","floor":12,"turns":6},{"damage":22,"enemies":"Lagavulin","floor":14,"turns":5},{"damage":63,"enemies":"The Guardian","floor":16,"turns":8},{"damage":39,"enemies":"3 Byrds","floor":18,"turns":5},{"damage":8,"enemies":"Chosen","floor":22,"turns":4},{"damage":48,"enemies":"Slavers","floor":23,"turns":6},{"damage":91,"enemies":"Gremlin Leader","floor":25,"turns":7}],"seed_played":"3049450642911609477","potions_obtained":[{"floor":1,"key":"SteroidPotion"},{"floor":2,"key":"FairyPotion"},{"floor":4,"key":"AttackPotion"},{"floor":16,"key":"Ancient Potion"},{"floor":18,"key":"Block Potion"}],"is_trial":false,"path_per_floor":["M","M","M","M","$","R","?","E","T","M","R","E","R","E","R","B",null,"M","?","$","?","M","E","R","E"],"character_chosen":"IRONCLAD","items_purchased":["Inflame","Feel No Pain+1","Burning Pact"],"campfire_rested":5,"item_purchase_floors":[5,20,20],"current_hp_per_floor":[68,65,64,57,57,85,85,61,61,46,74,45,73,57,85,28,79,54,54,54,42,58,37,57,0],"gold":47,"neow_bonus":"TWENTY_PERCENT_HP_BONUS","is_prod":false,"is_daily":false,"chose_seed":false,"campfire_upgraded":0,"win_rate":0,"timestamp":1563954869,"path_taken":["M","M","M","M","?","R","?","E","T","?","R","E","R","E","R","BOSS","M","?","$","?","M","E","R","E"],"build_version":"2019-07-17","purchased_purges":2,"victory":false,"max_hp_per_floor":[96,96,96,96,96,96,96,96,96,96,96,96,96,96,96,96,96,96,67,67,67,67,67,67,67],"card_choices":[{"not_picked":["Combust","Burning Pact"],"picked":"Uppercut","floor":1},{"not_picked":["Heavy Blade","Wild Strike"],"picked":"Rage","floor":2},{"not_picked":["Infernal Blade","True Grit"],"picked":"Anger","floor":3},{"not_picked":["Wild Strike","Entrench"],"picked":"Battle Trance","floor":4},{"not_picked":["Body Slam","Heavy Blade"],"picked":"Uppercut","floor":8},{"not_picked":["Pommel Strike","Perfected Strike"],"picked":"Flex","floor":10},{"not_picked":["Shockwave","Twin Strike"],"picked":"Havoc","floor":12},{"not_picked":["Headbutt","Barricade+1"],"picked":"Feel No Pain+1","floor":14},{"not_picked":["Double Tap","Impervious"],"picked":"Reaper","floor":16},{"not_picked":["Sword Boomerang","True Grit"],"picked":"Ghostly Armor","floor":18},{"not_picked":["Flex","Perfected Strike","Warcry"],"picked":"SKIP","floor":22},{"not_picked":["Flex","Perfected Strike","Warcry"],"picked":"SKIP","floor":22},{"not_picked":["Hemokinesis+1","True Grit"],"picked":"Havoc+1","floor":23}],"player_experience":1077423,"relics_obtained":[{"floor":8,"key":"Du-Vu Doll"},{"floor":9,"key":"Dodecahedron"},{"floor":12,"key":"Frozen Egg 2"},{"floor":14,"key":"Vajra"},{"floor":23,"key":"Self Forming Clay"}],"event_choices":[{"cards_removed":["Strike_R"],"damage_healed":0,"gold_gain":0,"player_choice":"Purged","damage_taken":0,"max_hp_gain":0,"max_hp_loss":0,"event_name":"Purifier","floor":7,"gold_loss":0},{"damage_healed":0,"gold_gain":0,"player_choice":"Became a vampire","damage_taken":0,"max_hp_gain":0,"max_hp_loss":29,"event_name":"Vampires","floor":19,"gold_loss":0,"cards_obtained":["Bite","Bite","Bite","Bite","Bite"]},{"damage_healed":0,"gold_gain":0,"player_choice":"CARD ","damage_taken":12,"max_hp_gain":0,"max_hp_loss":0,"event_name":"Knowing Skull","floor":21,"potions_obtained":[],"gold_loss":0,"cards_obtained":["Blind"]}],"is_beta":false,"boss_relics":[{"not_picked":["Velvet Choker","Eternal Feather"],"picked":"Snecko Eye"}],"items_purged_floors":[5,20],"is_endless":false,"potions_floor_spawned":[1,2,4,16,18],"killed_by":"Gremlin Leader","ascension_level":11}