{"gold_per_floor":[111,131,131,145,160,193,207,207],"floor_reached":8,"playtime":432,"items_purged":[],"score":60,"play_id":"e2460193-1edf-4e3d-91e3-0cf9a9afce8c","local_time":"20190127153455","is_ascension_mode":false,"campfire_choices":[],"neow_cost":"NONE","seed_source_timestamp":1538332316709353,"circlet_count":0,"master_deck":["Strike_R","Strike_R","Strike_R","Strike_R","Strike_R","Defend_R","Defend_R","Defend_R","Defend_R","Bash","Pummel","Cleave","Limit Break","Spot Weakness","Headbutt","Barricade","Seeing Red"],"relics":["Burning Blood","PreservedInsect","Blue Candle"],"potions_floor_usage":[6,8],"damage_taken":[{"damage":0,"enemies":"Small Slimes","floor":1,"turns":3},{"damage":6,"enemies":"Cultist","floor":2,"turns":3},{"damage":6,"enemies":"Jaw Worm","floor":4,"turns":3},{"damage":16,"enemies":"Lots of Slimes","floor":5,"turns":3},{"damage":26,"enemies":"Lagavulin","floor":6,"turns":6},{"damage":16,"enemies":"2 Fungi Beasts","floor":7,"turns":3},{"damage":41,"enemies":"3 Sentries","floor":8,"turns":6}],"seed_played":"-5193159279089144937","potions_obtained":[{"floor":2,"key":"SpeedPotion"},{"floor":4,"key":"FearPotion"},{"floor":6,"key":"SteroidPotion"}],"is_trial":false,"path_per_floor":["M","M","?","M","M","E","M","E"],"character_chosen":"IRONCLAD","items_purchased":[],"campfire_rested":0,"item_purchase_floors":[],"current_hp_per_floor":[80,80,80,80,70,50,40,0],"gold":207,"neow_bonus":"RANDOM_COMMON_RELIC","is_prod":false,"is_daily":false,"chose_seed":false,"campfire_upgraded":0,"win_rate":0,"timestamp":1548599695,"path_taken":["M","M","?","?","?","E","M","E"],"build_version":"2019-01-23","purchased_purges":0,"victory":false,"max_hp_per_floor":[80,80,80,80,80,80,80,80],"card_choices":[{"not_picked":["Wild Strike","Perfected Strike"],"picked":"Pummel","floor":1},{"not_picked":["Infernal Blade","Armaments"],"picked":"Cleave","floor":2},{"not_picked":["Sword Boomerang","Perfected Strike"],"picked":"Spot Weakness","floor":4},{"not_picked":["Clothesline","Burning Pact"],"picked":"Headbutt","floor":5},{"not_picked":["Thunderclap","Flame Barrier"],"picked":"Barricade","floor":6},{"not_picked":["Sever Soul","Havoc"],"picked":"Seeing Red","floor":7}],"player_experience":156784,"relics_obtained":[{"floor":6,"key":"Blue Candle"}],"event_choices":[{"damage_healed":0,"gold_gain":0,"player_choice":"1 cards matched","damage_taken":0,"max_hp_gain":0,"max_hp_loss":0,"event_name":"Match and Keep!","floor":3,"gold_loss":0,"cards_obtained":["Limit Break"]}],"is_beta":false,"boss_relics":[],"items_purged_floors":[],"is_endless":false,"potions_floor_spawned":[2,4,6],"killed_by":"3 Sentries","ascension_level":0}