{"gold_per_floor":[12,24,34,48,66,66,84,84,84,103,13,32,32,62,62,161,161,179,199,8,8,21,52,52,52,52,64,94,106,133,158,170,287,299,324,7,0,13,13,13,31,31,31,31,43,143,162,181,181,181],"floor_reached":51,"playtime":2206,"items_purged":["Shame"],"score":725,"play_id":"f8aae90c-12e7-4fe6-9fac-ce9417faf68b","local_time":"20190722224919","is_ascension_mode":false,"campfire_choices":[{"floor":6,"key":"REST"},{"floor":13,"key":"REST"},{"data":"Scrape","floor":15,"key":"SMITH"},{"floor":25,"key":"REST"},{"data":"Seek","floor":27,"key":"SMITH"},{"floor":29,"key":"REST"},{"floor":32,"key":"REST"},{"data":"Coolheaded","floor":40,"key":"SMITH"},{"data":"Hologram","floor":42,"key":"SMITH"},{"floor":44,"key":"REST"},{"floor":49,"key":"REST"}],"neow_cost":"NO_GOLD","seed_source_timestamp":21415247425453,"circlet_count":0,"master_deck":["Defend_B","Defend_B","Defend_B","Defend_B","Turbo","Scrape+1","Streamline","Beam Cell","Gash","Gash","Flash of Steel","Go for the Eyes","Streamline","Seek+1","Go for the Eyes","Turbo","Scrape+1","Gash","White Noise+1","Coolheaded","Hologram+1","Machine Learning","Sweeping Beam+1","Hyperbeam+1","Biased Cognition+1","Glacier+1","Gash","FTL","Reboot","Coolheaded+1","Parasite","Beam Cell+1","Streamline+1"],"relics":["Cracked Core","Darkstone Periapt","Turnip","Runic Dome","DollysMirror","Matryoshka","Regal Pillow","MawBank","Gremlin Horn","Astrolabe","Red Mask","Dodecahedron","Kunai","Dead Branch"],"potions_floor_usage":[10,14,14,16,19,23,33,33,38,41,45,48,48,50],"damage_taken":[{"damage":0,"enemies":"Cultist","floor":1,"turns":4},{"damage":1,"enemies":"Small Slimes","floor":2,"turns":4},{"damage":0,"enemies":"2 Louse","floor":3,"turns":3},{"damage":44,"enemies":"Exordium Thugs","floor":4,"turns":6},{"damage":0,"enemies":"Large Slime","floor":5,"turns":4},{"damage":1,"enemies":"3 Louse","floor":7,"turns":3},{"damage":6,"enemies":"Red Slaver","floor":10,"turns":2},{"damage":5,"enemies":"Gremlin Gang","floor":12,"turns":3},{"damage":11,"enemies":"Lagavulin","floor":14,"turns":5},{"damage":8,"enemies":"Slime Boss","floor":16,"turns":8},{"damage":15,"enemies":"2 Thieves","floor":18,"turns":3},{"damage":12,"enemies":"Shell Parasite","floor":19,"turns":3},{"damage":16,"enemies":"Snake Plant","floor":22,"turns":4},{"damage":26,"enemies":"Book of Stabbing","floor":23,"turns":5},{"damage":32,"enemies":"Centurion and Healer","floor":28,"turns":4},{"damage":6,"enemies":"Sentry and Sphere","floor":30,"turns":4},{"damage":17,"enemies":"Cultist and Chosen","floor":31,"turns":5},{"damage":55,"enemies":"Automaton","floor":33,"turns":8},{"damage":11,"enemies":"Orb Walker","floor":35,"turns":2},{"damage":6,"enemies":"3 Darklings","floor":38,"turns":3},{"damage":1,"enemies":"Transient","floor":41,"turns":5},{"damage":2,"enemies":"Writhing Mass","floor":45,"turns":6},{"damage":0,"enemies":"Mind Bloom Boss Battle","floor":46,"turns":4},{"damage":0,"enemies":"Sphere and 2 Shapes","floor":47,"turns":3},{"damage":10,"enemies":"Jaw Worm Horde","floor":48,"turns":2},{"damage":79,"enemies":"Awakened One","floor":50,"turns":10}],"seed_played":"-202085309310258824","potions_obtained":[{"floor":4,"key":"Dexterity Potion"},{"floor":7,"key":"FocusPotion"},{"floor":10,"key":"FocusPotion"},{"floor":16,"key":"Fruit Juice"},{"floor":18,"key":"Poison Potion"},{"floor":22,"key":"Weak Potion"},{"floor":28,"key":"SteroidPotion"},{"floor":31,"key":"LiquidBronze"},{"floor":33,"key":"Dexterity Potion"},{"floor":39,"key":"EssenceOfSteel"},{"floor":39,"key":"Poison Potion"},{"floor":39,"key":"Weak Potion"},{"floor":45,"key":"PowerPotion"},{"floor":47,"key":"FairyPotion"},{"floor":48,"key":"Strength Potion"}],"is_trial":false,"path_per_floor":["M","M","M","M","M","R","M","?","T","M","$","M","R","E","R","B",null,"M","M","$","?","M","E","?","R","T","R","M","R","M","M","R","B",null,"M","$","?","M","?","R","M","R","T","R","M","?","M","M","R","B",null],"character_chosen":"DEFECT","items_purchased":["Flash of Steel","DollysMirror","Gash","FTL","Reboot"],"campfire_rested":7,"item_purchase_floors":[11,20,36,36,36],"current_hp_per_floor":[75,74,74,30,30,52,51,51,51,45,45,40,62,51,51,48,80,65,53,53,53,37,11,17,57,57,57,25,65,59,42,82,27,86,75,75,75,69,69,69,68,68,68,86,90,90,90,80,92,13],"gold":181,"neow_bonus":"REMOVE_TWO","is_prod":false,"is_daily":false,"chose_seed":false,"campfire_upgraded":4,"win_rate":0.0,"timestamp":1563850159,"path_taken":["M","M","?","M","M","R","M","?","T","?","$","M","R","E","R","BOSS","M","M","$","?","M","E","?","R","T","R","M","R","M","M","R","BOSS","M","$","?","M","?","R","M","R","T","R","?","?","M","M","R","BOSS"],"build_version":"2019-07-17","purchased_purges":1,"victory":true,"max_hp_per_floor":[75,75,75,75,75,75,75,75,75,75,75,75,75,75,75,80,80,80,80,80,80,80,80,86,86,86,86,86,86,86,86,86,86,86,86,86,86,86,86,86,86,86,86,86,92,92,92,92,92,92],"card_choices":[{"not_picked":["Ball Lightning","Stack","Lockon"],"picked":"SKIP","floor":1},{"not_picked":["Conserve Battery","Sweeping Beam"],"picked":"Turbo","floor":2},{"not_picked":["Gash","Go for the Eyes"],"picked":"Scrape","floor":3},{"not_picked":["Conserve Battery","Skim"],"picked":"Streamline","floor":4},{"not_picked":["Chill","Sweeping Beam"],"picked":"Beam Cell","floor":5},{"not_picked":["White Noise","BootSequence"],"picked":"Gash","floor":7},{"not_picked":["Chill","Cold Snap"],"picked":"Gash","floor":10},{"not_picked":["Echo Form","Rebound"],"picked":"Go for the Eyes","floor":12},{"not_picked":["Fusion","Glacier"],"picked":"Streamline","floor":14},{"not_picked":["Core Surge","Buffer"],"picked":"Seek","floor":16},{"not_picked":["Force Field","Conserve Battery"],"picked":"Go for the Eyes","floor":18},{"not_picked":["Cold Snap","Barrage+1"],"picked":"Turbo","floor":19},{"not_picked":["Force Field+1","Fusion","Go for the Eyes"],"picked":"SKIP","floor":22},{"not_picked":["Force Field","Beam Cell"],"picked":"White Noise+1","floor":23},{"not_picked":["Turbo","Go for the Eyes+1"],"picked":"Coolheaded","floor":28},{"not_picked":["Defragment","Ball Lightning","Cold Snap"],"picked":"SKIP","floor":30},{"not_picked":["Melter","Go for the Eyes"],"picked":"Hologram","floor":31},{"not_picked":["Biased Cognition","Electrodynamics"],"picked":"Machine Learning","floor":33},{"not_picked":["Force Field","Redo"],"picked":"Glacier+1","floor":35},{"not_picked":["Aggregate+1","Sunder"],"picked":"Coolheaded","floor":38},{"not_picked":["Beam Cell","Darkness","Self Repair"],"picked":"SKIP","floor":41},{"not_picked":["Hello World","Compile Driver","Stack+1"],"picked":"SKIP","floor":45},{"not_picked":["Barrage+1","Force Field"],"picked":"Beam Cell+1","floor":46},{"not_picked":["Meteor Strike","Aggregate+1","Stack"],"picked":"SKIP","floor":47},{"not_picked":["Coolheaded","Double Energy+1"],"picked":"Streamline+1","floor":48}],"player_experience":109674,"relics_obtained":[{"floor":9,"key":"Darkstone Periapt"},{"floor":14,"key":"Turnip"},{"floor":23,"key":"Matryoshka"},{"floor":26,"key":"MawBank"},{"floor":26,"key":"Gremlin Horn"},{"floor":43,"key":"Dodecahedron"},{"floor":43,"key":"Kunai"},{"floor":46,"key":"Dead Branch"}],"event_choices":[{"cards_removed":["Strike_B"],"damage_healed":0,"gold_gain":0,"player_choice":"Offered Basic","damage_taken":0,"max_hp_gain":0,"max_hp_loss":0,"event_name":"Bonfire Elementals","floor":8,"gold_loss":0},{"damage_healed":0,"gold_gain":0,"player_choice":"Read","damage_taken":0,"max_hp_gain":0,"max_hp_loss":0,"event_name":"The Library","floor":21,"gold_loss":0,"cards_obtained":["Gash"]},{"damage_healed":0,"gold_gain":0,"player_choice":"Stole Relic","damage_taken":0,"relics_obtained":["Regal Pillow"],"max_hp_gain":0,"max_hp_loss":0,"event_name":"Addict","floor":24,"gold_loss":0,"cards_obtained":["Shame"]},{"damage_healed":0,"gold_gain":0,"player_choice":"Paid","damage_taken":0,"relics_obtained":["Red Mask"],"max_hp_gain":0,"max_hp_loss":0,"event_name":"Tomb of Lord Red Mask","floor":37,"gold_loss":7},{"damage_healed":0,"gold_gain":0,"player_choice":"Got Potions","damage_taken":0,"max_hp_gain":0,"max_hp_loss":0,"event_name":"Lab","floor":39,"gold_loss":0},{"damage_healed":0,"gold_gain":0,"player_choice":"Fight","damage_taken":0,"max_hp_gain":0,"max_hp_loss":0,"event_name":"MindBloom","floor":46,"gold_loss":0}],"is_beta":false,"boss_relics":[{"not_picked":["Philosopher\u0027s Stone","Velvet Choker"],"picked":"Runic Dome"},{"not_picked":["Busted Crown","Sozu"],"picked":"Astrolabe"}],"items_purged_floors":[36],"is_endless":false,"potions_floor_spawned":[4,7,10,16,18,22,28,31,33,45,47,48],"ascension_level":0}