{"gold_per_floor":[114,127,147,166,166,166,199,199,199,215,242,242,273,290,290,290],"floor_reached":16,"playtime":1147,"items_purged":[],"score":128,"play_id":"b2477d77-8764-4749-a85a-4a0e5f9cc1c8","local_time":"20190724215648","is_ascension_mode":true,"campfire_choices":[{"data":"Quick Slash","floor":6,"key":"SMITH"},{"data":"Footwork","floor":8,"key":"SMITH"},{"data":"Neutralize","floor":12,"key":"SMITH"},{"data":"Setup","floor":15,"key":"SMITH"}],"neow_cost":"NONE","seed_source_timestamp":73386361959188,"circlet_count":0,"master_deck":["Strike_G","Strike_G","Strike_G","Strike_G","Strike_G","Defend_G","Defend_G","Defend_G","Defend_G","Defend_G","Survivor","Neutralize+1","Well Laid Plans","Footwork+1","Flying Knee","Quick Slash+1","Crippling Poison","Setup+1","Poisoned Stab","Envenom"],"relics":["Ring of the Snake","NeowsBlessing","Paper Crane","Bottled Flame","Darkstone Periapt","Orichalcum"],"potions_floor_usage":[11,13,16,16,16],"damage_taken":[{"damage":0,"enemies":"Cultist","floor":1,"turns":1},{"damage":0,"enemies":"Small Slimes","floor":2,"turns":1},{"damage":0,"enemies":"Jaw Worm","floor":3,"turns":1},{"damage":18,"enemies":"Lots of Slimes","floor":4,"turns":6},{"damage":10,"enemies":"3 Sentries","floor":7,"turns":11},{"damage":0,"enemies":"Blue Slaver","floor":10,"turns":5},{"damage":16,"enemies":"Gremlin Nob","floor":11,"turns":4},{"damage":6,"enemies":"Lagavulin","floor":13,"turns":9},{"damage":0,"enemies":"Large Slime","floor":14,"turns":5},{"damage":43,"enemies":"Slime Boss","floor":16,"turns":10}],"seed_played":"6067765386352794145","potions_obtained":[{"floor":2,"key":"Energy Potion"},{"floor":3,"key":"Poison Potion"},{"floor":10,"key":"Swift Potion"},{"floor":11,"key":"PowerPotion"},{"floor":13,"key":"SkillPotion"}],"is_trial":false,"path_per_floor":["M","M","M","M","?","R","E","R","T","M","E","R","E","M","R","B"],"character_chosen":"THE_SILENT","items_purchased":[],"campfire_rested":0,"item_purchase_floors":[],"current_hp_per_floor":[70,70,70,52,70,70,60,60,60,60,44,44,38,38,38,0],"gold":290,"neow_bonus":"THREE_ENEMY_KILL","is_prod":false,"is_daily":false,"chose_seed":false,"campfire_upgraded":4,"win_rate":0,"timestamp":1563998208,"path_taken":["M","?","?","M","?","R","E","R","T","M","E","R","E","M","R","BOSS"],"build_version":"2019-07-05","purchased_purges":0,"victory":false,"max_hp_per_floor":[70,70,70,70,70,70,70,70,70,70,70,70,70,70,70,70],"card_choices":[{"not_picked":["Flying Knee","Backflip"],"picked":"Well Laid Plans","floor":1},{"not_picked":["Finisher","Terror"],"picked":"Footwork","floor":2},{"not_picked":["Expertise","Accuracy"],"picked":"Flying Knee","floor":3},{"not_picked":["Sucker Punch","Acrobatics"],"picked":"Quick Slash","floor":4},{"not_picked":["A Thousand Cuts","Footwork"],"picked":"Crippling Poison","floor":7},{"not_picked":["Blade Dance","Deflect"],"picked":"Setup","floor":10},{"not_picked":["Setup","Quick Slash","Accuracy"],"picked":"SKIP","floor":11},{"not_picked":["Accuracy","Outmaneuver"],"picked":"Poisoned Stab","floor":13},{"not_picked":["Outmaneuver","Dodge and Roll"],"picked":"Envenom","floor":14}],"player_experience":132561,"relics_obtained":[{"floor":7,"key":"Paper Crane"},{"floor":9,"key":"Bottled Flame"},{"floor":11,"key":"Darkstone Periapt"},{"floor":13,"key":"Orichalcum"}],"event_choices":[{"damage_healed":23,"gold_gain":0,"player_choice":"Banana","damage_taken":0,"max_hp_gain":0,"max_hp_loss":0,"event_name":"Big Fish","floor":5,"gold_loss":0}],"is_beta":false,"boss_relics":[],"items_purged_floors":[],"is_endless":false,"potions_floor_spawned":[2,3,10,11,13],"killed_by":"Slime Boss","ascension_level":1}