{"gold_per_floor":[113,128,138,156,172,172,191,191,218,13,28,55,55,66,66,66],"floor_reached":16,"playtime":1080,"items_purged":[],"score":106,"play_id":"bea54e23-1120-4804-91ff-3e7927ad38ab","local_time":"20190719175528","is_ascension_mode":false,"campfire_choices":[{"data":"Pommel Strike","floor":6,"key":"SMITH"},{"data":"Corruption","floor":8,"key":"SMITH"},{"data":"Flex","floor":13,"key":"SMITH"},{"data":"Blind","floor":15,"key":"SMITH"}],"neow_cost":"NONE","seed_source_timestamp":49365029105203,"circlet_count":0,"master_deck":["Strike_R","Strike_R","Strike_R","Strike_R","Strike_R","Defend_R","Defend_R","Defend_R","Defend_R","Bash","Blind+1","Cleave","Pommel Strike+1","Bloodletting","Corruption+1","Flex+1","Offering","Pommel Strike+1","Reckless Charge","Sever Soul","Feel No Pain"],"relics":["Burning Blood","Centennial Puzzle","DollysMirror","Anchor"],"potions_floor_usage":[12,12,16,16],"damage_taken":[{"damage":7,"enemies":"Cultist","floor":1,"turns":4},{"damage":9,"enemies":"Small Slimes","floor":2,"turns":3},{"damage":2,"enemies":"2 Louse","floor":3,"turns":3},{"damage":11,"enemies":"Gremlin Gang","floor":4,"turns":3},{"damage":14,"enemies":"Looter","floor":5,"turns":4},{"damage":14,"enemies":"Lots of Slimes","floor":7,"turns":2},{"damage":17,"enemies":"Large Slime","floor":11,"turns":5},{"damage":14,"enemies":"Lagavulin","floor":12,"turns":4},{"damage":2,"enemies":"2 Fungi Beasts","floor":14,"turns":2},{"damage":46,"enemies":"The Guardian","floor":16,"turns":7}],"seed_played":"-5057861793496379925","potions_obtained":[{"floor":3,"key":"Block Potion"},{"floor":4,"key":"Poison Potion"},{"floor":11,"key":"SteroidPotion"},{"floor":12,"key":"Energy Potion"}],"is_trial":false,"path_per_floor":["M","M","M","M","M","R","M","R","T","$","M","E","R","M","R","B"],"character_chosen":"IRONCLAD","items_purchased":["DollysMirror"],"campfire_rested":0,"item_purchase_floors":[10],"current_hp_per_floor":[79,76,80,75,67,67,59,59,59,59,48,40,40,44,44,0],"gold":66,"neow_bonus":"RANDOM_COLORLESS","is_prod":false,"is_daily":false,"chose_seed":false,"campfire_upgraded":4,"win_rate":0.0,"timestamp":1563551728,"path_taken":["M","M","M","M","?","R","M","R","T","$","M","E","R","M","R","BOSS"],"build_version":"2019-07-05","purchased_purges":0,"victory":false,"max_hp_per_floor":[80,80,80,80,80,80,80,80,80,80,80,80,80,80,80,80],"card_choices":[{"not_picked":["Anger","Second Wind"],"picked":"Cleave","floor":1},{"not_picked":["Body Slam","Iron Wave"],"picked":"Pommel Strike","floor":2},{"not_picked":["Power Through","Clash"],"picked":"Bloodletting","floor":3},{"not_picked":["Anger","Body Slam"],"picked":"Corruption","floor":4},{"not_picked":["Cleave","Heavy Blade"],"picked":"Flex","floor":5},{"not_picked":["Iron Wave","Flex"],"picked":"Offering","floor":7},{"not_picked":["Iron Wave","Anger"],"picked":"Reckless Charge","floor":11},{"not_picked":["Thunderclap","Sword Boomerang"],"picked":"Sever Soul","floor":12},{"not_picked":["Second Wind","Sword Boomerang"],"picked":"Feel No Pain","floor":14}],"player_experience":27405,"relics_obtained":[{"floor":9,"key":"Centennial Puzzle"},{"floor":12,"key":"Anchor"}],"event_choices":[],"is_beta":false,"boss_relics":[],"items_purged_floors":[],"is_endless":false,"potions_floor_spawned":[3,4,11,12],"killed_by":"The Guardian","ascension_level":0}