{"gold_per_floor":[218,233,28,47,122,122,137,137,137,137,137,87,87,100,100,195,195,209,209,36,36,46,72,88,3,3,3],"floor_reached":27,"playtime":1844,"items_purged":["Strike_G"],"score":221,"play_id":"618f590c-80df-4f17-b00b-d7786b78bafc","local_time":"20190722165542","is_ascension_mode":false,"campfire_choices":[{"data":"Footwork","floor":6,"key":"SMITH"},{"data":"Neutralize","floor":8,"key":"SMITH"},{"data":"Outmaneuver","floor":10,"key":"SMITH"},{"data":"Quick Slash","floor":13,"key":"SMITH"},{"data":"Dagger Spray","floor":15,"key":"SMITH"}],"neow_cost":"NONE","seed_source_timestamp":2097207302643,"circlet_count":0,"master_deck":["Strike_G","Defend_G","Defend_G","Defend_G","Survivor","Neutralize+1","Outmaneuver+1","Heel Hook","Flying Knee","Footwork+1","Quick Slash+1","Dagger Spray+1","Underhanded Strike","A Thousand Cuts","Malaise+1","Outmaneuver+1","Well Laid Plans+1","Poisoned Stab","RitualDagger","Footwork","Backflip","Sucker Punch","Poisoned Stab","Cloak And Dagger+1"],"relics":["Ring of the Snake","Bottled Tornado","Astrolabe","Letter Opener","Bird Faced Urn","Kunai"],"potions_floor_usage":[16,22,23,23,24],"damage_taken":[{"damage":0,"enemies":"2 Louse","floor":1,"turns":3},{"damage":3,"enemies":"Jaw Worm","floor":2,"turns":6},{"damage":0,"enemies":"Small Slimes","floor":4,"turns":5},{"damage":2,"enemies":"Looter","floor":7,"turns":3},{"damage":4,"enemies":"3 Louse","floor":14,"turns":5},{"damage":40,"enemies":"Hexaghost","floor":16,"turns":15},{"damage":2,"enemies":"Chosen","floor":18,"turns":5},{"damage":1,"enemies":"Shell Parasite","floor":22,"turns":6},{"damage":5,"enemies":"Book of Stabbing","floor":23,"turns":8},{"damage":16,"enemies":"Snecko","floor":24,"turns":6},{"damage":0,"enemies":"Slavers","floor":27,"turns":1}],"seed_played":"3726708825003144011","potions_obtained":[{"floor":7,"key":"Weak Potion"},{"floor":14,"key":"Explosive Potion"},{"floor":16,"key":"Weak Potion"},{"floor":22,"key":"EntropicBrew"}],"is_trial":false,"path_per_floor":["M","M","$","M","?","R","M","R","T","R","?","?","R","M","R","B",null,"M","?","$","?","M","E","M","?","T","E"],"character_chosen":"THE_SILENT","items_purchased":["Flying Knee","Footwork","Footwork","Backflip","Sucker Punch"],"campfire_rested":0,"item_purchase_floors":[3,3,20,20,20],"current_hp_per_floor":[70,67,67,67,56,56,54,54,54,54,59,59,59,55,55,15,75,73,67,67,67,66,61,45,45,45,47],"gold":3,"neow_bonus":"HUNDRED_GOLD","is_prod":false,"is_daily":false,"chose_seed":false,"campfire_upgraded":5,"win_rate":0,"timestamp":1563832542,"path_taken":["M","M","$","M","?","R","M","R","T","R","?","?","R","M","R","BOSS","M","?","$","?","?","E","M","?","T","E"],"build_version":"2019-07-17","purchased_purges":1,"victory":false,"max_hp_per_floor":[70,70,70,70,70,70,70,70,70,70,75,75,75,75,75,75,75,75,75,75,75,75,75,75,75,75,75],"card_choices":[{"not_picked":["Underhanded Strike","Deadly Poison"],"picked":"Outmaneuver","floor":1},{"not_picked":["PiercingWail","Finisher"],"picked":"Heel Hook","floor":2},{"not_picked":["Cloak And Dagger","Backstab"],"picked":"Quick Slash","floor":4},{"not_picked":["Backstab","Venomology"],"picked":"Dagger Spray","floor":7},{"not_picked":["Skewer","Riddle With Holes"],"picked":"Underhanded Strike","floor":14},{"not_picked":["Die Die Die","Burst"],"picked":"A Thousand Cuts","floor":16},{"not_picked":["Outmaneuver+1","Dodge and Roll"],"picked":"Poisoned Stab","floor":18},{"not_picked":["Dodge and Roll","Setup"],"picked":"Poisoned Stab","floor":22},{"not_picked":["Prepared","Wraith Form v2","Tools of the Trade"],"picked":"SKIP","floor":23},{"not_picked":["Dodge and Roll","Flying Knee"],"picked":"Cloak And Dagger+1","floor":24}],"player_experience":198775,"relics_obtained":[{"floor":9,"key":"Bottled Tornado"},{"floor":23,"key":"Letter Opener"},{"floor":26,"key":"Kunai"}],"event_choices":[{"damage_healed":0,"gold_gain":75,"player_choice":"Gather Gold","damage_taken":11,"max_hp_gain":0,"max_hp_loss":0,"event_name":"World of Goop","floor":5,"gold_loss":0},{"damage_healed":0,"gold_gain":0,"player_choice":"Donut","damage_taken":0,"max_hp_gain":5,"max_hp_loss":0,"event_name":"Big Fish","floor":11,"gold_loss":0},{"cards_removed":["Strike_G"],"damage_healed":0,"gold_gain":0,"player_choice":"Card Removal","damage_taken":0,"max_hp_gain":0,"max_hp_loss":0,"event_name":"The Cleric","floor":12,"gold_loss":50},{"damage_healed":0,"gold_gain":0,"player_choice":"Joined the Cult","damage_taken":6,"max_hp_gain":0,"max_hp_loss":0,"event_name":"Nest","floor":19,"gold_loss":0,"cards_obtained":["RitualDagger"]},{"cards_removed":["Strike_G"],"damage_healed":0,"gold_gain":0,"player_choice":"Purged","damage_taken":0,"max_hp_gain":0,"max_hp_loss":0,"event_name":"Purifier","floor":21,"gold_loss":0},{"damage_healed":0,"gold_gain":0,"player_choice":"Obtained Relic","damage_taken":0,"relics_obtained":["Bird Faced Urn"],"max_hp_gain":0,"max_hp_loss":0,"event_name":"Addict","floor":25,"gold_loss":85}],"is_beta":false,"boss_relics":[{"not_picked":["White Beast Statue","Runic Dome"],"picked":"Astrolabe"}],"items_purged_floors":[3],"is_endless":false,"potions_floor_spawned":[7,14,16,22,23],"killed_by":"Slavers","ascension_level":0}