{"gold_per_floor":[14,31,49,65,16,51,51,62,85,115,115,129,129,140,140,218,218,231,231,231,244,261,261,296,296,323,323,338,338,367,386,386,462,462,481,481,498,516,516,516,47,47,47,47,61,78,94,94,94,94],"floor_reached":51,"playtime":5130,"items_purged":["Defend_G"],"score":1267,"play_id":"05f5e8d9-c8e7-4c9a-a26c-0f1811378a75","local_time":"20190721053904","is_ascension_mode":true,"campfire_choices":[{"data":"Backstab","floor":7.0,"key":"SMITH"},{"floor":11.0,"key":"REST"},{"data":"Terror","floor":13.0,"key":"SMITH"},{"data":"Blind","floor":15.0,"key":"SMITH"},{"floor":23.0,"key":"REST"},{"data":"Well Laid Plans","floor":25.0,"key":"SMITH"},{"data":"Footwork","floor":27.0,"key":"SMITH"},{"floor":29.0,"key":"REST"},{"data":"Neutralize","floor":32.0,"key":"SMITH"},{"data":"Dodge and Roll","floor":40.0,"key":"SMITH"},{"floor":44.0,"key":"REST"},{"floor":49.0,"key":"REST"}],"neow_cost":"NO_GOLD","seed_source_timestamp":0,"circlet_count":0,"master_deck":["AscendersBane","Defend_G","Defend_G","Defend_G","Defend_G","Survivor","Neutralize+1","Good Instincts","Blind+1","Terror+1","Predator","Tactician","Dodge and Roll+1","Backstab+1","Corpse Explosion+1","Dagger Spray","Flying Knee","A Thousand Cuts","PiercingWail+1","Leg Sweep+1","Bite","Bite","Bite","Bite","Bite","Well Laid Plans+1","Acrobatics+1","Footwork+1","Noxious Fumes+1","Bullet Time+1","Madness+1","Madness+1","Malaise+1","Apotheosis+1","Deflect+1","Backflip+1"],"special_seed":0,"relics":["Ring of the Snake","Toxic Egg 2","Orichalcum","Boot","Juzu Bracelet","Blood Vial","Snake Skull","Lizard Tail","Happy Flower","Pear"],"potions_floor_usage":[50,50],"damage_taken":[{"damage":0.0,"enemies":"2 Louse","floor":1.0,"turns":4.0},{"damage":8.0,"enemies":"Jaw Worm","floor":2.0,"turns":5.0},{"damage":4.0,"enemies":"Small Slimes","floor":3.0,"turns":3.0},{"damage":0.0,"enemies":"3 Louse","floor":4.0,"turns":5.0},{"damage":12.0,"enemies":"3 Sentries","floor":6.0,"turns":12.0},{"damage":6.0,"enemies":"Looter","floor":8.0,"turns":2.0},{"damage":10.0,"enemies":"Gremlin Nob","floor":10.0,"turns":4.0},{"damage":10.0,"enemies":"Exordium Wildlife","floor":12.0,"turns":5.0},{"damage":0.0,"enemies":"Gremlin Gang","floor":14.0,"turns":2.0},{"damage":4.0,"enemies":"Hexaghost","floor":16.0,"turns":9.0},{"damage":0.0,"enemies":"3 Byrds","floor":18.0,"turns":3.0},{"damage":13.0,"enemies":"Chosen","floor":21.0,"turns":9.0},{"damage":38.0,"enemies":"Snecko","floor":22.0,"turns":9.0},{"damage":4.0,"enemies":"Gremlin Leader","floor":24.0,"turns":7.0},{"damage":24.0,"enemies":"Cultist and Chosen","floor":28.0,"turns":9.0},{"damage":45.0,"enemies":"Book of Stabbing","floor":30.0,"turns":10.0},{"damage":11.0,"enemies":"Chosen and Byrds","floor":31.0,"turns":12.0},{"damage":50.0,"enemies":"Collector","floor":33.0,"turns":12.0},{"damage":15.0,"enemies":"Orb Walker","floor":35.0,"turns":6.0},{"damage":13.0,"enemies":"3 Shapes","floor":37.0,"turns":14.0},{"damage":10.0,"enemies":"Maw","floor":38.0,"turns":9.0},{"damage":2.0,"enemies":"Sphere and 2 Shapes","floor":45.0,"turns":7.0},{"damage":1.0,"enemies":"3 Darklings","floor":46.0,"turns":4.0},{"damage":36.0,"enemies":"Spire Growth","floor":47.0,"turns":8.0},{"damage":24,"enemies":"Donu and Deca","floor":50,"turns":9}],"seed_played":"-655954470600042019","potions_obtained":[{"floor":1.0,"key":"PowerPotion"},{"floor":4.0,"key":"SkillPotion"},{"floor":8.0,"key":"SpeedPotion"},{"floor":14.0,"key":"Explosive Potion"},{"floor":16.0,"key":"EssenceOfSteel"},{"floor":22.0,"key":"PowerPotion"},{"floor":24.0,"key":"GamblersBrew"},{"floor":33.0,"key":"Regen Potion"},{"floor":35.0,"key":"PowerPotion"}],"is_trial":false,"path_per_floor":["M","M","M","M","?","E","R","M","T","E","R","M","R","M","R","B",null,"M","?","?","M","M","R","E","R","T","R","M","R","E","M","R","B",null,"M","$","M","M","?","R","$","?","T","R","M","M","M","?","R","B",null],"character_chosen":"THE_SILENT","items_purchased":["Happy Flower","Strength Potion","Malaise+1"],"campfire_rested":5,"item_purchase_floors":[41,41,41],"current_hp_per_floor":[59,51,47,47,47,35,35,29,29,19,38,28,28,28,28,24,56,56,56,46,39,15,28,38,38,38,38,28,41,22,31,31,9,37,30,30,37,46,38,38,38,38,48,56,55,56,41,41,56,56],"gold":94,"neow_bonus":"RANDOM_COLORLESS_2","is_prod":false,"is_daily":false,"chose_seed":false,"campfire_upgraded":7,"win_rate":0,"timestamp":1563680344,"path_taken":["M","M","M","M","?","E","R","M","T","E","R","M","R","M","R","BOSS","M","?","?","M","M","R","E","R","T","R","M","R","E","M","R","BOSS","M","$","M","M","?","R","$","?","T","R","M","M","M","?","R","BOSS"],"build_version":"2019-07-17","purchased_purges":1,"victory":true,"max_hp_per_floor":[66,66,66,66,66,66,66,66,66,66,66,66,66,66,66,66,66,66,66,46,46,46,46,46,46,46,46,46,46,46,46,46,46,46,46,46,46,46,46,46,46,46,56,56,56,56,56,56,56,56],"card_choices":[{"not_picked":["Prepared","Poisoned Stab"],"picked":"Terror","floor":1.0},{"not_picked":["Bane","Endless Agony"],"picked":"Predator","floor":2.0},{"not_picked":["Outmaneuver","Prepared"],"picked":"Tactician","floor":3.0},{"not_picked":["Dagger Throw","Sucker Punch"],"picked":"Dodge and Roll","floor":4.0},{"not_picked":["PiercingWail","Dagger Spray"],"picked":"Backstab","floor":6.0},{"not_picked":["Cloak And Dagger+1","Poisoned Stab"],"picked":"Corpse Explosion+1","floor":8.0},{"not_picked":["Skewer","Bane","Setup+1"],"picked":"SKIP","floor":10.0},{"not_picked":["Outmaneuver+1","Skewer"],"picked":"Dagger Spray","floor":12.0},{"not_picked":["Accuracy","Expertise+1"],"picked":"Flying Knee","floor":14.0},{"not_picked":["Corpse Explosion+1","Storm of Steel+1"],"picked":"A Thousand Cuts","floor":16.0},{"not_picked":["Bane","Dodge and Roll+1"],"picked":"PiercingWail+1","floor":18.0},{"not_picked":["Underhanded Strike","Deadly Poison+1"],"picked":"Well Laid Plans","floor":21.0},{"not_picked":["Riddle With Holes","Dagger Spray"],"picked":"Acrobatics+1","floor":22.0},{"not_picked":["Prepared+1","Flechettes"],"picked":"Footwork","floor":24.0},{"not_picked":["Finisher","Dagger Spray","Masterful Stab"],"picked":"SKIP","floor":28.0},{"not_picked":["Flying Knee","Calculated Gamble+1","Expertise+1"],"picked":"SKIP","floor":30.0},{"not_picked":["Deflect+1","Dagger Throw"],"picked":"Noxious Fumes+1","floor":31.0},{"not_picked":["Wraith Form v2","Night Terror+1"],"picked":"Bullet Time+1","floor":33.0},{"not_picked":["Eviscerate","Terror+1","Noxious Fumes"],"picked":"SKIP","floor":35.0},{"not_picked":["Dagger Spray","Sucker Punch","Footwork+1"],"picked":"SKIP","floor":37.0},{"not_picked":["Prepared+1","Deadly Poison+1","Crippling Poison+1"],"picked":"SKIP","floor":38.0},{"not_picked":["Panache","Finesse+1"],"picked":"Apotheosis+1","floor":42.0},{"not_picked":["Underhanded Strike","Tactician+1"],"picked":"Deflect+1","floor":45.0},{"not_picked":["Quick Slash+1","Underhanded Strike","Distraction+1"],"picked":"SKIP","floor":46.0},{"not_picked":["Sucker Punch","Outmaneuver+1"],"picked":"Backflip+1","floor":47.0}],"player_experience":861746,"relics_obtained":[{"floor":6.0,"key":"Toxic Egg 2"},{"floor":9.0,"key":"Orichalcum"},{"floor":10.0,"key":"Boot"},{"floor":24.0,"key":"Juzu Bracelet"},{"floor":26.0,"key":"Blood Vial"},{"floor":30.0,"key":"Snake Skull"},{"floor":43.0,"key":"Pear"}],"event_choices":[{"damage_healed":0.0,"max_hp_gain":0.0,"max_hp_loss":0.0,"gold_gain":0.0,"event_name":"World of Goop","player_choice":"Left Gold","floor":5.0,"gold_loss":49.0,"damage_taken":0.0},{"damage_healed":0.0,"max_hp_gain":0.0,"max_hp_loss":0.0,"gold_gain":0.0,"event_name":"The Library","player_choice":"Read","floor":19.0,"gold_loss":0.0,"damage_taken":0.0,"cards_obtained":["Leg Sweep"]},{"damage_healed":0.0,"max_hp_gain":0.0,"max_hp_loss":20.0,"gold_gain":0.0,"event_name":"Vampires","player_choice":"Became a vampire","floor":20.0,"gold_loss":0.0,"damage_taken":0.0,"cards_obtained":["Bite","Bite","Bite","Bite","Bite"]},{"damage_healed":0.0,"max_hp_gain":0.0,"max_hp_loss":0.0,"gold_gain":0.0,"event_name":"Winding Halls","player_choice":"Embrace Madness","floor":39.0,"gold_loss":0.0,"damage_taken":8.0,"cards_obtained":["Madness","Madness"]},{"damage_healed":0.0,"max_hp_gain":0.0,"max_hp_loss":0.0,"gold_gain":0.0,"event_name":"SensoryStone","player_choice":"Memory 1","floor":42.0,"gold_loss":0.0,"damage_taken":0.0},{"damage_healed":0.0,"max_hp_gain":0.0,"max_hp_loss":0.0,"gold_gain":0.0,"event_name":"Mysterious Sphere","player_choice":"Ignored","floor":48.0,"gold_loss":0.0,"damage_taken":0.0}],"is_beta":false,"boss_relics":[{"not_picked":["Busted Crown","Snecko Eye","Philosopher\u0027s Stone"]},{"not_picked":["Runic Pyramid","Coffee Dripper"],"picked":"Lizard Tail"}],"items_purged_floors":[41],"is_endless":false,"potions_floor_spawned":[1,4,8,14,16,22,24,33,35,37],"ascension_level":16}