{"gold_per_floor":[115,65,84,103,118,149,149,176,250,250,250,280,300,300,300,404,404,421,336,336,349,360,389,122,153,176,192,192,192,222,241,241,241],"floor_reached":33,"playtime":2156,"items_purged":["Strike_R"],"score":450,"play_id":"2df460b3-0cc0-483b-a1e4-ee90ebf2ca7d","local_time":"20190718210847","is_ascension_mode":false,"campfire_choices":[{"data":"Infernal Blade","floor":11,"key":"SMITH"},{"floor":15,"key":"REST"},{"data":"Infernal Blade","floor":29,"key":"SMITH"},{"data":"Exhume","floor":32,"key":"SMITH"}],"neow_cost":"NONE","seed_source_timestamp":0,"circlet_count":0,"master_deck":["Strike_R+1","Strike_R","Strike_R","Defend_R","Defend_R+1","Defend_R+1","Spot Weakness","Shrug It Off","Pommel Strike+1","Infernal Blade+1","Clothesline+1","Shrug It Off","Corruption","Immolate+1","Infernal Blade+1","Corruption","Pommel Strike+1","Exhume+1","Carnage+1","Spot Weakness","Feel No Pain"],"special_seed":0,"relics":["Burning Blood","Molten Egg 2","Charon\u0027s Ashes","Mummified Hand","Bag of Marbles","Runic Cube","Omamori","War Paint","Orichalcum","PreservedInsect","Bottled Flame","Ancient Tea Set","Bag of Preparation","Juzu Bracelet"],"potions_floor_usage":[12,12,16,16,23,33,33],"damage_taken":[{"damage":10,"enemies":"Small Slimes","floor":1,"turns":4},{"damage":3,"enemies":"Jaw Worm","floor":3,"turns":5},{"damage":2,"enemies":"2 Louse","floor":4,"turns":2},{"damage":2,"enemies":"Blue Slaver","floor":5,"turns":4},{"damage":26,"enemies":"3 Sentries","floor":6,"turns":10},{"damage":16,"enemies":"Gremlin Nob","floor":8,"turns":3},{"damage":18,"enemies":"Lagavulin","floor":12,"turns":5},{"damage":7,"enemies":"Exordium Wildlife","floor":13,"turns":4},{"damage":41,"enemies":"The Guardian","floor":16,"turns":10},{"damage":2,"enemies":"3 Byrds","floor":18,"turns":3},{"damage":0,"enemies":"2 Thieves","floor":21,"turns":1},{"damage":12,"enemies":"Centurion and Healer","floor":22,"turns":5},{"damage":12,"enemies":"Slavers","floor":23,"turns":2},{"damage":12,"enemies":"Book of Stabbing","floor":25,"turns":3},{"damage":8,"enemies":"Chosen and Byrds","floor":27,"turns":4},{"damage":0,"enemies":"Slavers","floor":30,"turns":1},{"damage":0,"enemies":"3 Cultists","floor":31,"turns":2},{"damage":81,"enemies":"Champ","floor":33,"turns":8}],"seed_played":"8701851276146387242","potions_obtained":[{"floor":4,"key":"Ancient Potion"},{"floor":5,"key":"Fire Potion"},{"floor":12,"key":"Poison Potion"},{"floor":13,"key":"Poison Potion"},{"floor":16,"key":"SkillPotion"},{"floor":23,"key":"SteroidPotion"},{"floor":27,"key":"AttackPotion"}],"is_trial":false,"path_per_floor":["M","?","M","M","M","E","?","E","T","?","R","E","M","?","R","B",null,"M","?","T","M","M","E","$","E","T","M","?","R","E","M","R","B"],"character_chosen":"IRONCLAD","items_purchased":["Carnage+1","PreservedInsect"],"campfire_rested":1,"item_purchase_floors":[24,24],"current_hp_per_floor":[76,76,79,80,80,60,60,50,50,50,50,38,37,21,45,10,80,80,80,80,80,74,68,68,62,62,60,60,60,66,72,72,0],"gold":241,"neow_bonus":"TRANSFORM_CARD","is_prod":false,"is_daily":false,"chose_seed":false,"campfire_upgraded":3,"win_rate":0,"timestamp":1563498527,"path_taken":["M","?","M","M","M","E","?","E","T","?","R","E","?","?","R","BOSS","M","?","?","M","M","E","$","E","T","M","?","R","E","M","R","BOSS"],"build_version":"2019-07-17","purchased_purges":1,"victory":false,"max_hp_per_floor":[80,80,80,80,80,80,80,80,80,80,80,80,80,80,80,80,80,80,80,80,80,80,80,80,80,80,80,80,80,80,80,80,80],"card_choices":[{"not_picked":["Sword Boomerang","Headbutt"],"picked":"Shrug It Off","floor":1},{"not_picked":["Shockwave","Wild Strike"],"picked":"Pommel Strike","floor":3},{"not_picked":["Second Wind","Clash","Armaments"],"picked":"SKIP","floor":4},{"not_picked":["Wild Strike","Clash","Havoc"],"picked":"SKIP","floor":5},{"not_picked":["Flame Barrier","Havoc"],"picked":"Infernal Blade","floor":6},{"not_picked":["Uppercut+1","Warcry"],"picked":"Clothesline+1","floor":8},{"not_picked":["Pommel Strike+1","Searing Blow+1"],"picked":"Shrug It Off","floor":12},{"not_picked":["Dual Wield","Warcry"],"picked":"Corruption","floor":13},{"not_picked":["Bludgeon+1","Dark Embrace"],"picked":"Immolate+1","floor":16},{"not_picked":["Armaments","Wild Strike+1"],"picked":"Infernal Blade","floor":18},{"not_picked":["Spot Weakness","Twin Strike+1"],"picked":"Corruption","floor":21},{"not_picked":["Heavy Blade+1","Clash+1"],"picked":"Pommel Strike+1","floor":22},{"not_picked":["Thunderclap+1","Rampage+1"],"picked":"Exhume","floor":23},{"not_picked":["Headbutt+1","Uppercut+1","Cleave+1"],"picked":"SKIP","floor":25},{"not_picked":["Infernal Blade","Warcry"],"picked":"Spot Weakness","floor":27},{"not_picked":["Pommel Strike+1","Metallicize"],"picked":"Feel No Pain","floor":30},{"not_picked":["Clash+1","Headbutt+1","Anger+1"],"picked":"SKIP","floor":31}],"player_experience":35830,"relics_obtained":[{"floor":6,"key":"Molten Egg 2"},{"floor":8,"key":"Charon\u0027s Ashes"},{"floor":9,"key":"Mummified Hand"},{"floor":12,"key":"Bag of Marbles"},{"floor":20,"key":"War Paint"},{"floor":23,"key":"Orichalcum"},{"floor":25,"key":"Bottled Flame"},{"floor":26,"key":"Ancient Tea Set"},{"floor":30,"key":"Juzu Bracelet"}],"event_choices":[{"cards_removed":["Defend_R"],"damage_healed":0,"gold_gain":0,"player_choice":"Card Removal","damage_taken":0,"max_hp_gain":0,"max_hp_loss":0,"event_name":"The Cleric","floor":2,"gold_loss":50},{"damage_healed":0,"gold_gain":0,"player_choice":"Ignored","damage_taken":0,"max_hp_gain":0,"max_hp_loss":0,"event_name":"Liars Game","floor":7,"gold_loss":0},{"cards_removed":["Strike_R"],"damage_healed":0,"gold_gain":0,"player_choice":"Forget","damage_taken":0,"max_hp_gain":0,"max_hp_loss":0,"event_name":"Living Wall","floor":10,"gold_loss":0},{"damage_healed":0,"gold_gain":0,"player_choice":"Entered Light","damage_taken":16,"max_hp_gain":0,"max_hp_loss":0,"event_name":"Shining Light","floor":14,"gold_loss":0,"cards_upgraded":["Strike_R","Pommel Strike"]},{"damage_healed":0,"gold_gain":0,"player_choice":"Obtained Relic","damage_taken":0,"relics_obtained":["Omamori"],"max_hp_gain":0,"max_hp_loss":0,"event_name":"Addict","floor":19,"gold_loss":85},{"damage_healed":0,"gold_gain":0,"player_choice":"Opened","damage_taken":0,"relics_obtained":["Bag of Preparation"],"max_hp_gain":0,"max_hp_loss":0,"event_name":"The Mausoleum","floor":28,"gold_loss":0,"cards_obtained":["Writhe"]}],"is_beta":false,"boss_relics":[{"not_picked":["Tiny House","White Beast Statue"],"picked":"Runic Cube"}],"items_purged_floors":[24],"is_endless":false,"potions_floor_spawned":[4,5,12,13,16,23,27],"killed_by":"Champ","ascension_level":0}