{"gold_per_floor":[112,187,55,230,58,58,58,79,106,130,174,174,190,208,208,329,329,350,366,20,38,38,38],"floor_reached":23,"playtime":867,"items_purged":["Strike_B","Strike_B"],"score":191,"play_id":"328a6cd2-d655-411a-acfc-be413ec1b5e9","local_time":"20190713002655","is_ascension_mode":false,"campfire_choices":[{"data":"Defragment","floor":6,"key":"SMITH"},{"data":"Zap","floor":12,"key":"SMITH"},{"data":"Dualcast","floor":15,"key":"SMITH"}],"neow_cost":"NONE","seed_source_timestamp":28904946312264,"circlet_count":0,"master_deck":["Strike_B","Defend_B","Defend_B","Defend_B","Zap+1","Dualcast+1","Glacier","Ball Lightning","Defragment+1","Doubt","Ball Lightning","Cold Snap","Gash","Ball Lightning","Hologram","Go for the Eyes","Barrage","Rainbow","Glacier+1","Cold Snap","Barrage","Cold Snap+1"],"relics":["Cracked Core","NeowsBlessing","Golden Idol","Boot","Smiling Mask","Empty Cage","Cables"],"potions_floor_usage":[16],"damage_taken":[{"damage":0,"enemies":"Jaw Worm","floor":1,"turns":1},{"damage":0,"enemies":"2 Louse","floor":8,"turns":1},{"damage":0,"enemies":"Small Slimes","floor":10,"turns":1},{"damage":6,"enemies":"Gremlin Nob","floor":11,"turns":4},{"damage":1,"enemies":"2 Fungi Beasts","floor":13,"turns":2},{"damage":9,"enemies":"Gremlin Gang","floor":14,"turns":4},{"damage":26,"enemies":"Hexaghost","floor":16,"turns":8},{"damage":5,"enemies":"Chosen","floor":18,"turns":3},{"damage":11,"enemies":"Shell Parasite","floor":19,"turns":5},{"damage":13,"enemies":"3 Cultists","floor":21,"turns":5},{"damage":0,"enemies":"Slavers","floor":23,"turns":1}],"seed_played":"-728398301700042886","potions_obtained":[{"floor":10,"key":"Poison Potion"},{"floor":13,"key":"FearPotion"}],"is_trial":false,"path_per_floor":["M","?","$","?","$","R","?","M","T","M","E","R","M","M","R","B",null,"M","M","$","M","?","E"],"character_chosen":"DEFECT","items_purchased":["Ball Lightning","Defragment","Ball Lightning","Cold Snap","Barrage","Cables"],"campfire_rested":0,"item_purchase_floors":[3,3,5,5,20,20],"current_hp_per_floor":[75,64,64,64,64,64,64,64,64,64,58,58,57,48,48,22,69,64,53,53,40,40,40],"gold":38,"neow_bonus":"THREE_ENEMY_KILL","is_prod":false,"is_daily":false,"chose_seed":false,"campfire_upgraded":3,"win_rate":0.0,"timestamp":1562995615,"path_taken":["M","?","$","?","$","R","?","M","T","M","E","R","M","M","R","BOSS","M","M","$","M","?","E"],"build_version":"2019-07-05","purchased_purges":2,"victory":false,"max_hp_per_floor":[75,75,75,75,75,75,69,69,69,69,69,69,69,69,69,69,69,69,69,69,69,69,69],"card_choices":[{"not_picked":["Ball Lightning","Lockon"],"picked":"Glacier","floor":1},{"not_picked":["Auto Shields","Hologram"],"picked":"Gash","floor":8},{"not_picked":["Reprogram","Hologram"],"picked":"Ball Lightning","floor":10},{"not_picked":["Chaos","Ball Lightning"],"picked":"Hologram","floor":11},{"not_picked":["Cold Snap","Sweeping Beam"],"picked":"Go for the Eyes","floor":13},{"not_picked":["Reprogram","Heatsinks"],"picked":"Barrage","floor":14},{"not_picked":["Echo Form","Hyperbeam"],"picked":"Rainbow","floor":16},{"not_picked":["Streamline","Fusion"],"picked":"Glacier+1","floor":18},{"not_picked":["Rip and Tear","Rebound"],"picked":"Cold Snap","floor":19},{"not_picked":["Glacier","Double Energy"],"picked":"Cold Snap+1","floor":21}],"player_experience":143782,"relics_obtained":[{"floor":9,"key":"Boot"},{"floor":11,"key":"Smiling Mask"}],"event_choices":[{"damage_healed":0,"gold_gain":75,"player_choice":"Gather Gold","damage_taken":11,"max_hp_gain":0,"max_hp_loss":0,"event_name":"World of Goop","floor":2,"gold_loss":0},{"damage_healed":0,"gold_gain":175,"player_choice":"AGREE","damage_taken":0,"max_hp_gain":0,"max_hp_loss":0,"event_name":"Liars Game","floor":4,"gold_loss":0,"cards_obtained":["Doubt"]},{"damage_healed":0,"gold_gain":0,"player_choice":"Lose Max HP","damage_taken":0,"relics_obtained":["Golden Idol"],"max_hp_gain":0,"max_hp_loss":6,"event_name":"Golden Idol","floor":7,"gold_loss":0},{"damage_healed":0,"gold_gain":0,"player_choice":"Ignored","damage_taken":0,"max_hp_gain":0,"max_hp_loss":0,"event_name":"The Mausoleum","floor":22,"gold_loss":0}],"is_beta":false,"boss_relics":[{"not_picked":["Sozu","Tiny House"],"picked":"Empty Cage"}],"items_purged_floors":[5,20],"is_endless":false,"potions_floor_spawned":[10,13],"killed_by":"Slavers","ascension_level":0}