{"gold_per_floor":[116,12,12,72,122,155,155,35,35,76,80,99,112,135,135,259,259,272,13,48,71,89,89],"floor_reached":23,"playtime":1348,"items_purged":["Dualcast"],"score":253,"play_id":"41aed598-6bb0-4d2f-8a41-0ed10dcd59f0","local_time":"20190721152701","is_ascension_mode":false,"campfire_choices":[{"data":"Turbo","floor":7,"key":"SMITH"},{"floor":15,"key":"REST"}],"neow_cost":"NONE","seed_source_timestamp":572332374689351,"circlet_count":0,"master_deck":["Strike_B","Defend_B","Defend_B","Defend_B","Defend_B","Zap","Coolheaded","Turbo+1","FTL","Hologram","Injury","Reboot","Rebound","Turbo","Hologram","Rebound","Turbo","Hologram","Reboot","Conserve Battery+1","Loop+1","Streamline+1","Hologram","Conserve Battery+1","Rebound"],"relics":["Cracked Core","NeowsBlessing","SsserpentHead","Golden Idol","Oddly Smooth Stone","Darkstone Periapt","PreservedInsect","Astrolabe","Question Card"],"potions_floor_usage":[18,18,21,23],"damage_taken":[{"damage":0,"enemies":"Small Slimes","floor":1,"turns":1},{"damage":0,"enemies":"Cultist","floor":4,"turns":1},{"damage":0,"enemies":"Gremlin Nob","floor":6,"turns":1},{"damage":21,"enemies":"3 Sentries","floor":10,"turns":8},{"damage":7,"enemies":"2 Louse","floor":12,"turns":3},{"damage":7,"enemies":"Exordium Thugs","floor":13,"turns":4},{"damage":4,"enemies":"Gremlin Gang","floor":14,"turns":5},{"damage":27,"enemies":"Slime Boss","floor":16,"turns":11},{"damage":4,"enemies":"Chosen","floor":18,"turns":3},{"damage":9,"enemies":"2 Thieves","floor":20,"turns":4},{"damage":6,"enemies":"Chosen and Byrds","floor":21,"turns":4},{"damage":20,"enemies":"Centurion and Healer","floor":22,"turns":5},{"damage":59,"enemies":"Gremlin Leader","floor":23,"turns":6}],"seed_played":"-1042265216166540728","potions_obtained":[{"floor":4,"key":"FairyPotion"},{"floor":13,"key":"SneckoOil"},{"floor":16,"key":"Energy Potion"},{"floor":18,"key":"Swift Potion"},{"floor":22,"key":"Fire Potion"}],"is_trial":false,"path_per_floor":["M","$","?","M","?","E","R","$","T","E","$","M","M","M","R","B",null,"M","$","M","M","M","E"],"character_chosen":"DEFECT","items_purchased":["Turbo","FTL","Rebound","Hologram","Question Card"],"campfire_rested":1,"item_purchase_floors":[2,2,8,11,19],"current_hp_per_floor":[75,75,75,75,75,75,75,75,75,54,54,47,40,36,58,31,75,71,71,62,56,36,0],"gold":89,"neow_bonus":"THREE_ENEMY_KILL","is_prod":false,"is_daily":false,"chose_seed":false,"campfire_upgraded":1,"win_rate":0.0,"timestamp":1563737221,"path_taken":["M","$","?","?","?","E","R","$","T","E","?","M","M","M","R","BOSS","M","$","?","M","M","E"],"build_version":"2019-07-17","purchased_purges":1,"victory":false,"max_hp_per_floor":[75,75,75,75,75,75,75,75,75,75,75,75,75,75,75,75,75,75,75,75,75,75,75],"card_choices":[{"not_picked":["Stack","Conserve Battery"],"picked":"Coolheaded","floor":1},{"not_picked":["Ball Lightning","Leap"],"picked":"Hologram","floor":4},{"not_picked":["Self Repair","Doom and Gloom"],"picked":"Reboot","floor":6},{"not_picked":["Steam Power","Storm"],"picked":"Turbo","floor":10},{"not_picked":["Static Discharge","Heatsinks"],"picked":"Rebound","floor":12},{"not_picked":["White Noise","Scrape"],"picked":"Turbo","floor":13},{"not_picked":["Doom and Gloom","Force Field"],"picked":"Hologram","floor":14},{"not_picked":["Fission","Machine Learning"],"picked":"Reboot","floor":16},{"not_picked":["Sweeping Beam+1","Fusion+1","Genetic Algorithm"],"picked":"SKIP","floor":18},{"not_picked":["Barrage","Undo","Consume+1"],"picked":"Hologram","floor":20},{"not_picked":["Ball Lightning","Cold Snap","Hologram+1"],"picked":"Conserve Battery+1","floor":21},{"not_picked":["Tempest","Consume","Stack"],"picked":"Rebound","floor":22}],"player_experience":75060,"relics_obtained":[{"floor":6,"key":"Oddly Smooth Stone"},{"floor":9,"key":"Darkstone Periapt"},{"floor":10,"key":"PreservedInsect"}],"event_choices":[{"damage_healed":0,"gold_gain":0,"player_choice":"Trade","damage_taken":0,"relics_obtained":["SsserpentHead"],"max_hp_gain":0,"max_hp_loss":0,"event_name":"FaceTrader","floor":3,"gold_loss":0},{"damage_healed":0,"gold_gain":0,"player_choice":"Take Wound","damage_taken":0,"relics_obtained":["Golden Idol"],"max_hp_gain":0,"max_hp_loss":0,"event_name":"Golden Idol","floor":5,"gold_loss":0,"cards_obtained":["Injury"]}],"is_beta":false,"boss_relics":[{"not_picked":["Velvet Choker","Ectoplasm"],"picked":"Astrolabe"}],"items_purged_floors":[8],"is_endless":false,"potions_floor_spawned":[4,13,16,18,22],"killed_by":"Gremlin Leader","ascension_level":0}