{"gold_per_floor":[117,117,134,25,25,53,53,71,71,87,87,100,116,116,116,212,212,227,238,258,258,4,4,16,36,36,36,55,55,55,67,67,164,164,175,85,99,61,61],"floor_reached":39,"playtime":4262,"items_purged":["Strike_R","Regret"],"score":410,"play_id":"ba664398-3f45-4390-b1b5-82547f3a2212","local_time":"20190724020041","is_ascension_mode":false,"campfire_choices":[{"data":"Armaments","floor":7,"key":"SMITH"},{"data":"Metallicize","floor":11,"key":"SMITH"},{"data":"Reaper","floor":15,"key":"SMITH"},{"data":"Reckless Charge","floor":23,"key":"SMITH"},{"floor":27,"key":"REST"},{"floor":29,"key":"REST"},{"data":"Bloodletting","floor":32,"key":"SMITH"}],"neow_cost":"NONE","seed_source_timestamp":105009658416900,"circlet_count":0,"master_deck":["Defend_R","Defend_R","Bash","Pommel Strike","Armaments+1","Metallicize+1","Reaper+1","Infernal Blade","Pommel Strike","Havoc","Warcry","Warcry","Immolate+1","Spot Weakness+1","Sentinel+1","Perfected Strike+1","Body Slam+1","Reckless Charge+1","Havoc","Blood for Blood","Searing Blow+1","Armaments+1","Shockwave","J.A.X.","Bloodletting+1","Double Tap","Blood for Blood+1","Bloodletting+1","Feel No Pain"],"relics":["Black Blood","NeowsBlessing","Pear","Calipers","Pantograph","Matryoshka","Astrolabe","Bronze Scales","Bag of Preparation","Kunai"],"potions_floor_usage":[12,16,16,16,33,33,33,39,39],"damage_taken":[{"damage":0,"enemies":"Small Slimes","floor":1,"turns":1},{"damage":0,"enemies":"Jaw Worm","floor":3,"turns":1},{"damage":0,"enemies":"Gremlin Nob","floor":6,"turns":1},{"damage":0,"enemies":"2 Louse","floor":8,"turns":2},{"damage":16,"enemies":"Lots of Slimes","floor":10,"turns":3},{"damage":13,"enemies":"Large Slime","floor":12,"turns":4},{"damage":6,"enemies":"3 Louse","floor":13,"turns":4},{"damage":92,"enemies":"The Guardian","floor":16,"turns":14},{"damage":12,"enemies":"Chosen","floor":18,"turns":6},{"damage":12,"enemies":"Shell Parasite","floor":19,"turns":8},{"damage":38,"enemies":"Snake Plant","floor":20,"turns":4},{"damage":24,"enemies":"Centurion and Healer","floor":24,"turns":6},{"damage":31,"enemies":"Snecko","floor":25,"turns":5},{"damage":16,"enemies":"Sentry and Sphere","floor":28,"turns":5},{"damage":19,"enemies":"Chosen and Byrds","floor":31,"turns":5},{"damage":84,"enemies":"Collector","floor":33,"turns":11},{"damage":27,"enemies":"3 Shapes","floor":35,"turns":4},{"damage":45,"enemies":"3 Darklings","floor":37,"turns":4},{"damage":78,"enemies":"4 Shapes","floor":39,"turns":4}],"seed_played":"-6249640945298193295","potions_obtained":[{"floor":6,"key":"PowerPotion"},{"floor":10,"key":"BloodPotion"},{"floor":12,"key":"Regen Potion"},{"floor":13,"key":"AttackPotion"},{"floor":19,"key":"Fire Potion"},{"floor":24,"key":"SteroidPotion"},{"floor":31,"key":"SpeedPotion"},{"floor":33,"key":"Regen Potion"},{"floor":37,"key":"EssenceOfSteel"}],"is_trial":false,"path_per_floor":["?","?","T","?","M","?","?","M"],"character_chosen":"IRONCLAD","items_purchased":["Metallicize","Bronze Scales","Feel No Pain"],"campfire_rested":2,"item_purchase_floors":[4,22,38],"current_hp_per_floor":[80,90,90,90,90,90,90,90,90,84,84,77,89,89,89,23,90,84,80,51,51,51,51,43,18,18,45,40,67,67,64,64,15,90,73,73,43,43,0],"gold":61,"neow_bonus":"THREE_ENEMY_KILL","is_prod":false,"is_daily":false,"chose_seed":false,"campfire_upgraded":5,"win_rate":0.0,"timestamp":1563948041,"path_taken":["M","?","M","$","?","E","R","M","T","M","R","M","M","?","R","BOSS","M","M","M","?","$","R","M","M","T","R","?","R","?","M","R","BOSS","M","?","M","$","?"],"build_version":"2019-01-23","purchased_purges":2,"victory":false,"max_hp_per_floor":[80,90,90,90,90,90,90,90,90,90,90,90,90,90,90,90,90,90,90,90,90,90,90,90,90,90,90,90,90,90,90,90,90,90,90,90,90,90,90],"card_choices":[{"not_picked":["Perfected Strike","Flame Barrier"],"picked":"Pommel Strike","floor":1},{"not_picked":["Body Slam","Cleave"],"picked":"Armaments","floor":3},{"not_picked":["Havoc","True Grit"],"picked":"Infernal Blade","floor":6},{"not_picked":["Searing Blow","Intimidate"],"picked":"Pommel Strike","floor":8},{"not_picked":["Clash","Perfected Strike"],"picked":"Havoc","floor":10},{"not_picked":["Thunderclap","Fire Breathing"],"picked":"Warcry","floor":12},{"not_picked":["Perfected Strike","True Grit"],"picked":"Warcry","floor":13},{"not_picked":["Barricade","Berserk"],"picked":"Immolate","floor":16},{"not_picked":["Infernal Blade","Anger"],"picked":"Body Slam+1","floor":18},{"not_picked":["Headbutt","Second Wind"],"picked":"Reckless Charge","floor":19},{"not_picked":["Armaments","Infernal Blade"],"picked":"Havoc","floor":20},{"not_picked":["Twin Strike","True Grit+1"],"picked":"Searing Blow+1","floor":24},{"not_picked":["Burning Pact","Searing Blow"],"picked":"Armaments+1","floor":25},{"not_picked":["Corruption","Clothesline"],"picked":"Shockwave","floor":28},{"not_picked":["Clash","Shrug It Off"],"picked":"Bloodletting","floor":31},{"not_picked":["Brutality","Fiend Fire"],"picked":"Double Tap","floor":33},{"not_picked":["Warcry+1","Twin Strike"],"picked":"Blood for Blood+1","floor":35},{"not_picked":["Headbutt+1","Wild Strike+1"],"picked":"Bloodletting+1","floor":37}],"player_experience":107058,"relics_obtained":[{"floor":6,"key":"Calipers"},{"floor":9,"key":"Pantograph"},{"floor":14,"key":"Matryoshka"},{"floor":26,"key":"Bag of Preparation"},{"floor":26,"key":"Kunai"}],"event_choices":[{"damage_healed":0,"gold_gain":0,"player_choice":"Box","damage_taken":0,"relics_obtained":["Pear"],"max_hp_gain":0,"max_hp_loss":0,"event_name":"Big Fish","floor":2,"gold_loss":0,"cards_obtained":["Regret"]},{"damage_healed":0,"gold_gain":0,"cards_transformed":["Strike_R"],"player_choice":"Change","damage_taken":0,"max_hp_gain":0,"max_hp_loss":0,"event_name":"Living Wall","floor":5,"gold_loss":0,"cards_obtained":["Reaper"]},{"damage_healed":0,"gold_gain":0,"cards_transformed":["Defend_R"],"player_choice":"Transformed","damage_taken":0,"max_hp_gain":0,"max_hp_loss":0,"event_name":"Transmorgrifier","floor":21,"gold_loss":0,"cards_obtained":["Blood for Blood"]},{"damage_healed":0,"gold_gain":0,"player_choice":"Obtain J.A.X.","damage_taken":0,"max_hp_gain":0,"max_hp_loss":0,"event_name":"Drug Dealer","floor":30,"gold_loss":0,"cards_obtained":["J.A.X."]},{"cards_removed":["Defend_R"],"damage_healed":0,"gold_gain":0,"player_choice":"Upgrade and Remove","damage_taken":0,"max_hp_gain":0,"max_hp_loss":0,"event_name":"Designer","floor":36,"gold_loss":90,"cards_upgraded":["Immolate"]}],"is_beta":false,"boss_relics":[{"not_picked":["White Beast Statue","Tiny House"],"picked":"Astrolabe"},{"not_picked":["Calling Bell","Busted Crown"],"picked":"Black Blood"}],"items_purged_floors":[4,22],"is_endless":false,"potions_floor_spawned":[6,10,12,13,19,24,31,33,37],"killed_by":"4 Shapes","ascension_level":0}