{"gold_per_floor":[364,376,35,50,68,96,96,111,111,90,90,90,119,137,137,235,235,253,268,286,131,182,182,208,208,232,232,8,24,124,6,6,6],"floor_reached":33,"playtime":2347,"items_purged":["Defend_R"],"score":275,"play_id":"3cc69f7b-f65d-48b1-89eb-09f76458a211","local_time":"20190719131152","is_ascension_mode":false,"campfire_choices":[{"data":"Metamorphosis","floor":7,"key":"SMITH"},{"data":"Uppercut","floor":11,"key":"SMITH"},{"data":"Warcry","floor":15,"key":"SMITH"},{"data":"Pommel Strike","floor":23,"key":"SMITH"},{"data":"Berserk","floor":32,"key":"SMITH"}],"neow_cost":"TEN_PERCENT_HP_LOSS","seed_source_timestamp":31082343438364,"circlet_count":0,"master_deck":["Strike_R","Strike_R","Strike_R","Strike_R","Strike_R","Defend_R","Defend_R","Bash","Carnage","Sever Soul","Limit Break","Metamorphosis+1","Trip","Headbutt","Cleave","Uppercut+1","Pommel Strike+1","Rampage","Headbutt","Warcry+1","Berserk+1","Heavy Blade","Headbutt","Heavy Blade+1","Rupture","Armaments+1","Shrug It Off","Searing Blow","Clash+1","Inflame","Spot Weakness"],"relics":["Burning Blood","Juzu Bracelet","Meat on the Bone","Potion Belt","Velvet Choker","Red Skull","Bottled Tornado","Dream Catcher","MutagenicStrength","Brimstone","Magic Flower","Molten Egg 2"],"potions_floor_usage":[8,13,20,24,24,30,33,33],"damage_taken":[{"damage":8,"enemies":"Small Slimes","floor":1,"turns":3},{"damage":7,"enemies":"2 Louse","floor":2,"turns":3},{"damage":6,"enemies":"Cultist","floor":4,"turns":3},{"damage":10,"enemies":"Looter","floor":5,"turns":3},{"damage":31,"enemies":"3 Sentries","floor":6,"turns":6},{"damage":16,"enemies":"Large Slime","floor":8,"turns":2},{"damage":17,"enemies":"Gremlin Nob","floor":13,"turns":3},{"damage":14,"enemies":"Exordium Wildlife","floor":14,"turns":2},{"damage":29,"enemies":"Hexaghost","floor":16,"turns":7},{"damage":10,"enemies":"Chosen","floor":18,"turns":4},{"damage":10,"enemies":"Spheric Guardian","floor":19,"turns":3},{"damage":22,"enemies":"Snecko","floor":20,"turns":4},{"damage":44,"enemies":"Book of Stabbing","floor":24,"turns":4},{"damage":0,"enemies":"Snake Plant","floor":29,"turns":2},{"damage":8,"enemies":"Colosseum Slavers","floor":30,"turns":2},{"damage":33,"enemies":"Colosseum Nobs","floor":30,"turns":3},{"damage":26,"enemies":"Collector","floor":33,"turns":3}],"seed_played":"-5704820412980000246","potions_obtained":[{"floor":1,"key":"SteroidPotion"},{"floor":5,"key":"Swift Potion"},{"floor":6,"key":"Fruit Juice"},{"floor":8,"key":"SpeedPotion"},{"floor":16,"key":"SneckoOil"},{"floor":20,"key":"Explosive Potion"},{"floor":29,"key":"AttackPotion"},{"floor":30,"key":"AttackPotion"}],"is_trial":false,"path_per_floor":["M","M","$","M","M","E","R","M","T","?","R","?","E","M","R","B",null,"M","M","M","$","T","R","E","?","T","?","$","M","?","$","R","B"],"character_chosen":"IRONCLAD","items_purchased":["Limit Break","Metamorphosis","Trip","Rupture","Brimstone","Shrug It Off","Inflame","Spot Weakness"],"campfire_rested":0,"item_purchase_floors":[3,3,3,21,28,28,31,31],"current_hp_per_floor":[70,69,69,69,65,40,40,35,35,35,35,35,36,40,40,29,77,73,69,53,53,53,53,27,11,11,11,11,29,24,24,24,0],"gold":6,"neow_bonus":"TWO_FIFTY_GOLD","is_prod":false,"is_daily":false,"chose_seed":false,"campfire_upgraded":5,"win_rate":0.0,"timestamp":1563534712,"path_taken":["M","M","$","M","M","E","R","M","T","?","R","?","E","M","R","BOSS","M","M","M","$","?","R","E","?","T","?","$","M","?","?","R","BOSS"],"build_version":"2019-07-05","purchased_purges":1,"victory":false,"max_hp_per_floor":[72,72,72,72,72,72,72,77,77,77,77,77,77,77,77,77,77,77,77,77,77,77,77,77,77,77,77,77,77,77,77,77,77],"card_choices":[{"not_picked":["Seeing Red","Heavy Blade"],"picked":"Carnage","floor":1},{"not_picked":["Flex","True Grit"],"picked":"Sever Soul","floor":2},{"not_picked":["Thunderclap","Fire Breathing"],"picked":"Headbutt","floor":4},{"not_picked":["Clash","Perfected Strike"],"picked":"Cleave","floor":5},{"not_picked":["Headbutt","Fiend Fire"],"picked":"Uppercut","floor":6},{"not_picked":["Corruption","Thunderclap"],"picked":"Pommel Strike","floor":8},{"not_picked":["Seeing Red","True Grit"],"picked":"Headbutt","floor":13},{"not_picked":["Rampage","Whirlwind"],"picked":"Warcry","floor":14},{"not_picked":["Dark Embrace","Juggernaut"],"picked":"Berserk","floor":16},{"not_picked":["Cleave","Body Slam"],"picked":"Heavy Blade","floor":18},{"not_picked":["Thunderclap","Flame Barrier"],"picked":"Headbutt","floor":19},{"not_picked":["Second Wind","Flex"],"picked":"Heavy Blade+1","floor":20},{"not_picked":["Carnage+1","Clothesline"],"picked":"Armaments+1","floor":24},{"not_picked":["Dark Embrace","Metallicize+1"],"picked":"Searing Blow","floor":29},{"not_picked":["Bloodletting","Rage"],"picked":"Clash","floor":30}],"player_experience":12063,"relics_obtained":[{"floor":6,"key":"Juzu Bracelet"},{"floor":9,"key":"Meat on the Bone"},{"floor":13,"key":"Potion Belt"},{"floor":22,"key":"Red Skull"},{"floor":24,"key":"Bottled Tornado"},{"floor":26,"key":"Dream Catcher"},{"floor":30,"key":"Magic Flower"},{"floor":30,"key":"Molten Egg 2"}],"event_choices":[{"damage_healed":0,"gold_gain":0,"player_choice":"Left Gold","damage_taken":0,"max_hp_gain":0,"max_hp_loss":0,"event_name":"World of Goop","floor":10,"gold_loss":21},{"damage_healed":0,"gold_gain":0,"cards_transformed":["Defend_R"],"player_choice":"Transformed","damage_taken":0,"max_hp_gain":0,"max_hp_loss":0,"event_name":"Transmorgrifier","floor":12,"gold_loss":0,"cards_obtained":["Rampage"]},{"damage_healed":0,"gold_gain":0,"player_choice":"Obtained Book","damage_taken":16,"max_hp_gain":0,"max_hp_loss":0,"event_name":"Cursed Tome","floor":25,"gold_loss":0},{"damage_healed":0,"gold_gain":0,"player_choice":"Inject Mutagens","damage_taken":0,"relics_obtained":["MutagenicStrength"],"max_hp_gain":0,"max_hp_loss":0,"event_name":"Drug Dealer","floor":27,"gold_loss":0},{"damage_healed":0,"gold_gain":0,"player_choice":"Fight","damage_taken":0,"max_hp_gain":0,"max_hp_loss":0,"event_name":"Colosseum","floor":30,"gold_loss":0},{"damage_healed":0,"gold_gain":0,"player_choice":"Fought Nobs","damage_taken":0,"max_hp_gain":0,"max_hp_loss":0,"event_name":"Colosseum","floor":30,"gold_loss":0}],"is_beta":false,"boss_relics":[{"not_picked":["Snecko Eye","Sozu"],"picked":"Velvet Choker"}],"items_purged_floors":[21],"is_endless":false,"potions_floor_spawned":[1,5,6,8,16,20,29,30],"killed_by":"Collector","ascension_level":0}