{"gold_per_floor":[110,385,404,113,124,24,24,39,39,58,58,72,85,104,104,206,206,223,209,209,224,13,13,13],"floor_reached":24,"playtime":1025,"items_purged":["Regret","Dualcast","Bite"],"score":217,"play_id":"d512aa31-4bd2-4bb2-984d-90af36e6da0b","local_time":"20190723185413","is_ascension_mode":false,"campfire_choices":[{"floor":7,"key":"RECALL"},{"data":"Zap","floor":11,"key":"SMITH"},{"data":"Hologram","floor":15,"key":"SMITH"},{"data":"Hologram","floor":23,"key":"SMITH"}],"neow_cost":"NONE","seed_source_timestamp":94899425629762,"circlet_count":0,"master_deck":["Defend_B","Defend_B","Defend_B","Defend_B","Zap+1","Steam","Beam Cell","Turbo","Master of Strategy","Gash","Scrape","Hologram+1","Sweeping Beam","Beam Cell","Steam","Machine Learning","Beam Cell","Bite","Bite","Bite","Bite","Streamline","Scrape","Hologram+1"],"relics":["FrozenCore","NeowsBlessing"],"potions_floor_usage":[10,13,14,16,19],"damage_taken":[{"damage":0,"enemies":"Jaw Worm","floor":1,"turns":1},{"damage":0,"enemies":"Cultist","floor":3,"turns":1},{"damage":0,"enemies":"Small Slimes","floor":5,"turns":1},{"damage":0,"enemies":"2 Fungi Beasts","floor":8,"turns":3},{"damage":0,"enemies":"Lots of Slimes","floor":10,"turns":2},{"damage":0,"enemies":"Gremlin Gang","floor":12,"turns":3},{"damage":0,"enemies":"Blue Slaver","floor":13,"turns":2},{"damage":0,"enemies":"Lots of Slimes","floor":14,"turns":2},{"damage":51,"enemies":"The Guardian","floor":16,"turns":8},{"damage":2,"enemies":"3 Byrds","floor":18,"turns":6},{"damage":6,"enemies":"2 Thieves","floor":19,"turns":4},{"damage":22,"enemies":"Sentry and Sphere","floor":21,"turns":6},{"damage":48,"enemies":"Gremlin Leader","floor":24,"turns":5}],"seed_played":"-7942042710343671253","potions_obtained":[{"floor":1,"key":"Block Potion"},{"floor":3,"key":"PowerPotion"},{"floor":8,"key":"GamblersBrew"},{"floor":12,"key":"Fire Potion"},{"floor":18,"key":"Block Potion"}],"is_trial":false,"path_per_floor":["M","?","M","$","M","$","R","M","T","M","R","M","M","M","R","B",null,"M","M","?","M","$","R","E"],"character_chosen":"DEFECT","items_purchased":["Turbo","Master of Strategy","Scrape","Hologram"],"campfire_rested":0,"item_purchase_floors":[4,4,22,22],"current_hp_per_floor":[75,75,75,75,75,75,75,75,75,75,75,75,75,75,75,24,75,73,67,52,36,36,36,0],"gold":13,"neow_bonus":"THREE_ENEMY_KILL","is_prod":false,"is_daily":false,"chose_seed":false,"campfire_upgraded":3,"win_rate":0,"timestamp":1563922453,"path_taken":["M","?","M","$","?","$","R","M","T","?","R","M","M","M","R","BOSS","M","M","?","M","$","R","E"],"build_version":"2019-07-17","purchased_purges":3,"victory":false,"max_hp_per_floor":[75,75,75,75,75,75,75,75,75,75,75,75,75,75,75,75,75,75,75,52,52,52,52,52],"card_choices":[{"not_picked":["Steam Power","Go for the Eyes"],"picked":"Steam","floor":1},{"not_picked":["Cold Snap","Stack"],"picked":"Beam Cell","floor":3},{"not_picked":["Coolheaded","Melter"],"picked":"Gash","floor":5},{"not_picked":["Rainbow","Sweeping Beam"],"picked":"Scrape","floor":8},{"not_picked":["Ball Lightning","Steam"],"picked":"Hologram","floor":10},{"not_picked":["Conserve Battery","Rip and Tear"],"picked":"Sweeping Beam","floor":12},{"not_picked":["Conserve Battery","Go for the Eyes"],"picked":"Beam Cell","floor":13},{"not_picked":["Storm","Conserve Battery"],"picked":"Steam","floor":14},{"not_picked":["Rainbow","Multi-Cast"],"picked":"Machine Learning","floor":16},{"not_picked":["Stack","Compile Driver"],"picked":"Beam Cell","floor":18},{"not_picked":["Static Discharge","Storm+1","Thunder Strike"],"picked":"SKIP","floor":19},{"not_picked":["Double Energy","Doom and Gloom"],"picked":"Streamline","floor":21}],"player_experience":113550,"relics_obtained":[],"event_choices":[{"damage_healed":0,"gold_gain":275,"player_choice":"Desecrate","damage_taken":0,"max_hp_gain":0,"max_hp_loss":0,"event_name":"Golden Shrine","floor":2,"gold_loss":0,"cards_obtained":["Regret"]},{"damage_healed":0,"gold_gain":0,"player_choice":"Became a vampire","damage_taken":0,"max_hp_gain":0,"max_hp_loss":23,"event_name":"Vampires","floor":20,"gold_loss":0,"cards_obtained":["Bite","Bite","Bite","Bite","Bite"]}],"is_beta":false,"boss_relics":[{"not_picked":["Coffee Dripper","Fusion Hammer"],"picked":"FrozenCore"}],"items_purged_floors":[4,6,22],"is_endless":false,"potions_floor_spawned":[1,3,8,12,18],"killed_by":"Gremlin Leader","ascension_level":0}