{"gold_per_floor":[109,109,120,131,27,52,65,84,84,84,84,34,34],"floor_reached":13,"playtime":623,"items_purged":[],"score":85,"play_id":"ce2501c6-05cf-4b2c-bfcf-1d6e4f728aa1","local_time":"20190709202905","is_ascension_mode":false,"campfire_choices":[{"data":"True Grit","floor":11,"key":"SMITH"}],"neow_cost":"NONE","seed_source_timestamp":11194383275391,"circlet_count":0,"master_deck":["Strike_R","Strike_R","Strike_R","Defend_R","Defend_R","Defend_R","Defend_R","Bash","True Grit+1","Impervious","Ghostly Armor","Flame Barrier","Rampage","True Grit","Iron Wave"],"relics":["Burning Blood","NeowsBlessing","Bird Faced Urn","Pantograph","Darkstone Periapt"],"potions_floor_usage":[13],"damage_taken":[{"damage":0,"enemies":"Small Slimes","floor":1,"turns":1},{"damage":0,"enemies":"Cultist","floor":3,"turns":1},{"damage":0,"enemies":"Jaw Worm","floor":4,"turns":1},{"damage":19,"enemies":"Gremlin Nob","floor":6,"turns":5},{"damage":9,"enemies":"Large Slime","floor":7,"turns":7},{"damage":5,"enemies":"2 Fungi Beasts","floor":8,"turns":5},{"damage":31,"enemies":"Exordium Wildlife","floor":13,"turns":6}],"seed_played":"7838017647341749626","potions_obtained":[{"floor":3,"key":"AttackPotion"},{"floor":7,"key":"Ancient Potion"},{"floor":8,"key":"Dexterity Potion"}],"is_trial":false,"path_per_floor":["M","?","M","M","$","E","M","M","T","?","R","?","M"],"character_chosen":"IRONCLAD","items_purchased":["Flame Barrier","Rampage"],"campfire_rested":0,"item_purchase_floors":[5,5],"current_hp_per_floor":[80,80,80,80,80,67,64,65,65,47,47,47,16],"gold":34,"neow_bonus":"THREE_ENEMY_KILL","is_prod":false,"is_daily":false,"chose_seed":false,"campfire_upgraded":1,"win_rate":0,"timestamp":1562722145,"path_taken":["M","?","?","M","?","E","M","M","T","?","R","?","M"],"build_version":"2019-07-05","purchased_purges":0,"victory":false,"max_hp_per_floor":[80,80,80,80,80,80,80,80,80,80,80,80,80],"card_choices":[{"not_picked":["Wild Strike","Twin Strike"],"picked":"True Grit","floor":1},{"not_picked":["Reckless Charge","Perfected Strike"],"picked":"Impervious","floor":3},{"not_picked":["Searing Blow","Twin Strike"],"picked":"Ghostly Armor","floor":4},{"not_picked":["Reckless Charge","Intimidate"],"picked":"True Grit","floor":6},{"not_picked":["Heavy Blade","Intimidate","Fire Breathing"],"picked":"SKIP","floor":7},{"not_picked":["Headbutt","Dropkick"],"picked":"Iron Wave","floor":8}],"player_experience":55894,"relics_obtained":[{"floor":6,"key":"Bird Faced Urn"},{"floor":9,"key":"Pantograph"}],"event_choices":[{"cards_removed":["Strike_R"],"damage_healed":0,"gold_gain":0,"player_choice":"Offered Basic","damage_taken":0,"max_hp_gain":0,"max_hp_loss":0,"event_name":"Bonfire Elementals","floor":2,"gold_loss":0},{"damage_healed":0,"gold_gain":0,"player_choice":"Success","damage_taken":18,"relics_obtained":["Darkstone Periapt"],"max_hp_gain":0,"max_hp_loss":0,"event_name":"Scrap Ooze","floor":10,"gold_loss":0},{"cards_removed":["Strike_R"],"damage_healed":0,"gold_gain":0,"player_choice":"Card Removal","damage_taken":0,"max_hp_gain":0,"max_hp_loss":0,"event_name":"The Cleric","floor":12,"gold_loss":50}],"is_beta":false,"boss_relics":[],"items_purged_floors":[],"is_endless":false,"potions_floor_spawned":[3,7,8],"killed_by":"Exordium Wildlife","ascension_level":0}