{"gold_per_floor":[112,125,137,137,98,126,140,14,14,14,39,39,69,69,69,166,166,176,176,189,28,42,42,42,42,42,67,121,140,171,191,191,191],"floor_reached":33,"playtime":1586,"items_purged":["Defend_B"],"score":328,"play_id":"7ed754c9-b994-4ac1-8cd9-91b61c4d1bea","local_time":"20190721125131","is_ascension_mode":false,"campfire_choices":[{"floor":10,"key":"REST"},{"data":"Dualcast","floor":12,"key":"SMITH"},{"data":"Zap","floor":15,"key":"SMITH"},{"data":"Biased Cognition","floor":23,"key":"SMITH"},{"data":"Streamline","floor":25,"key":"SMITH"},{"floor":32,"key":"REST"}],"neow_cost":"NONE","seed_source_timestamp":562765974315270,"circlet_count":0,"master_deck":["Strike_B","Strike_B","Strike_B","Strike_B+1","Defend_B","Defend_B","Defend_B","Zap+1","Dualcast+1","Steam+1","Glacier","Streamline","Rainbow+1","Biased Cognition+1","Steam+1","Necronomicurse","Coolheaded+1","Reboot+1","Streamline+1","Cold Snap+1","Streamline+1","Biased Cognition"],"relics":["Cracked Core","NeowsBlessing","Kunai","Mummified Hand","Toxic Egg 2","Darkstone Periapt","Meat on the Bone","Black Star","Necronomicon","Molten Egg 2","Sundial","Gremlin Horn","Bag of Marbles","Dodecahedron","Orichalcum"],"potions_floor_usage":[6,6,16,16,27,31],"damage_taken":[{"damage":0,"enemies":"Jaw Worm","floor":1,"turns":1},{"damage":0,"enemies":"2 Louse","floor":2,"turns":1},{"damage":0,"enemies":"Cultist","floor":3,"turns":1},{"damage":16,"enemies":"Gremlin Nob","floor":6,"turns":4},{"damage":2,"enemies":"Blue Slaver","floor":7,"turns":4},{"damage":0,"enemies":"3 Sentries","floor":11,"turns":10},{"damage":3,"enemies":"Lagavulin","floor":13,"turns":7},{"damage":19,"enemies":"The Guardian","floor":16,"turns":10},{"damage":6,"enemies":"Shell Parasite","floor":18,"turns":5},{"damage":0,"enemies":"Spheric Guardian","floor":20,"turns":3},{"damage":0,"enemies":"3 Cultists","floor":22,"turns":7},{"damage":19,"enemies":"Slavers","floor":27,"turns":6},{"damage":2,"enemies":"Snake Plant","floor":29,"turns":3},{"damage":36,"enemies":"Gremlin Leader","floor":30,"turns":7},{"damage":0,"enemies":"Shelled Parasite and Fungi","floor":31,"turns":3},{"damage":70,"enemies":"Champ","floor":33,"turns":12}],"seed_played":"-7999320200384943250","potions_obtained":[{"floor":2,"key":"SteroidPotion"},{"floor":3,"key":"SpeedPotion"},{"floor":13,"key":"Swift Potion"},{"floor":16,"key":"Poison Potion"},{"floor":27,"key":"Weak Potion"},{"floor":30,"key":"GamblersBrew"}],"is_trial":false,"path_per_floor":["M","M","M","?","?","E","M","$","T","R","E","R","E","T","R","B",null,"M","?","M","$","M","R","?","R","T","E","T","M","E","M","R","B"],"character_chosen":"DEFECT","items_purchased":["Block Potion","Reboot+1"],"campfire_rested":2,"item_purchase_floors":[8,21],"current_hp_per_floor":[75,75,75,60,60,44,42,42,42,64,64,64,61,61,61,42,75,69,59,59,59,59,59,59,59,59,52,52,50,26,38,62,0],"gold":191,"neow_bonus":"THREE_ENEMY_KILL","is_prod":false,"is_daily":false,"chose_seed":false,"campfire_upgraded":4,"win_rate":0.0,"timestamp":1563727891,"path_taken":["M","M","M","?","?","E","M","?","T","R","E","R","E","?","R","BOSS","M","?","M","$","M","R","?","R","T","E","?","?","E","?","R","BOSS"],"build_version":"2019-07-17","purchased_purges":1,"victory":false,"max_hp_per_floor":[75,75,75,75,75,75,75,75,75,75,75,75,75,75,75,75,75,75,81,81,81,81,81,81,81,81,81,81,81,81,81,81,81],"card_choices":[{"not_picked":["Barrage","Compile Driver","Tempest"],"picked":"SKIP","floor":1},{"not_picked":["Sweeping Beam","Ball Lightning","Aggregate"],"picked":"SKIP","floor":2},{"not_picked":["Doom and Gloom","Sweeping Beam"],"picked":"Steam","floor":3},{"not_picked":["Lockon","Gash","Reprogram"],"picked":"SKIP","floor":6},{"not_picked":["Conserve Battery","Rip and Tear"],"picked":"Glacier","floor":7},{"not_picked":["Stack","Ball Lightning"],"picked":"Streamline","floor":11},{"not_picked":["Aggregate+1","Compile Driver"],"picked":"Rainbow+1","floor":13},{"not_picked":["All For One","Fission+1"],"picked":"Biased Cognition","floor":16},{"not_picked":["Leap+1","Barrage+1"],"picked":"Steam+1","floor":18},{"not_picked":["Stack+1","Steam+1"],"picked":"Coolheaded+1","floor":20},{"not_picked":["Go for the Eyes","Steam+1"],"picked":"Streamline","floor":22},{"not_picked":["All For One+1","Leap+1"],"picked":"Cold Snap+1","floor":27},{"not_picked":["Stack+1","Force Field+1"],"picked":"Streamline+1","floor":29},{"not_picked":["Beam Cell+1","Tempest+1"],"picked":"Biased Cognition","floor":30},{"not_picked":["Barrage+1","Consume+1","Compile Driver+1"],"picked":"SKIP","floor":31}],"player_experience":68633,"relics_obtained":[{"floor":6,"key":"Kunai"},{"floor":9,"key":"Mummified Hand"},{"floor":11,"key":"Toxic Egg 2"},{"floor":13,"key":"Darkstone Periapt"},{"floor":14,"key":"Meat on the Bone"},{"floor":19,"key":"Necronomicon"},{"floor":26,"key":"Molten Egg 2"},{"floor":27,"key":"Sundial"},{"floor":27,"key":"Gremlin Horn"},{"floor":28,"key":"Bag of Marbles"},{"floor":30,"key":"Dodecahedron"},{"floor":30,"key":"Orichalcum"}],"event_choices":[{"damage_healed":0,"gold_gain":0,"player_choice":"Entered Light","damage_taken":15,"max_hp_gain":0,"max_hp_loss":0,"event_name":"Shining Light","floor":4,"gold_loss":0,"cards_upgraded":["Steam","Strike_B"]},{"damage_healed":0,"gold_gain":0,"player_choice":"Left Gold","damage_taken":0,"max_hp_gain":0,"max_hp_loss":0,"event_name":"World of Goop","floor":5,"gold_loss":39},{"damage_healed":0,"gold_gain":0,"player_choice":"Obtained Book","damage_taken":16,"max_hp_gain":0,"max_hp_loss":0,"event_name":"Cursed Tome","floor":19,"gold_loss":0},{"damage_healed":0,"gold_gain":0,"player_choice":"Ignored","damage_taken":0,"max_hp_gain":0,"max_hp_loss":0,"event_name":"The Mausoleum","floor":24,"gold_loss":0}],"is_beta":false,"boss_relics":[{"not_picked":["Sozu","Eternal Feather"],"picked":"Black Star"}],"items_purged_floors":[8],"is_endless":false,"potions_floor_spawned":[2,3,13,16,27,30],"killed_by":"Champ","ascension_level":0}