{"gold_per_floor":[119,119,138,238,37,37,14,14,14,27,47,66,66,104,104,235,235,248,248,260,260,260,260,78,78,78,78,78,140,160,4,4,100,100,114,114,114,129,144,144,156,117,117,117,128,143,143,2,2,2],"floor_reached":50,"playtime":2720,"items_purged":["Strike_B","Defend_B","Strike_B"],"score":458,"play_id":"a3b518bc-f1c8-4395-bc0f-0407a31026ff","local_time":"20190712210717","is_ascension_mode":false,"campfire_choices":[{"data":"Go for the Eyes","floor":6,"key":"SMITH"},{"data":"Dualcast","floor":8,"key":"SMITH"},{"data":"Hologram","floor":15,"key":"SMITH"},{"data":"Seek","floor":23,"key":"SMITH"},{"data":"Sunder","floor":25,"key":"SMITH"},{"data":"Rip and Tear","floor":27,"key":"SMITH"},{"data":"Electrodynamics","floor":32,"key":"SMITH"},{"data":"Madness","floor":40,"key":"SMITH"},{"data":"Loop","floor":44,"key":"SMITH"},{"data":"Go for the Eyes","floor":47,"key":"SMITH"},{"data":"Storm","floor":49,"key":"SMITH"}],"neow_cost":"NONE","seed_source_timestamp":15069397822087,"circlet_count":0,"master_deck":["Strike_B","Strike_B","Defend_B","Defend_B","Defend_B","Zap+1","Dualcast+1","Go for the Eyes+1","Cold Snap","Streamline","Rip and Tear+1","Steam","Gash","Hologram+1","Gash","Seek+1","Lockon+1","Coolheaded+1","Conserve Battery","Sunder+1","Go for the Eyes+1","Electrodynamics+1","Amplify","Beam Cell+1","Auto Shields","Madness+1","Loop+1","Barrage+1","All For One","Loop+1","Cold Snap+1","Go for the Eyes+1","Barrage","Storm+1"],"relics":["Cracked Core","Bloody Idol","Boot","Dream Catcher","Eternal Feather","Mercury Hourglass","Mummified Hand","Tiny Chest","Nuclear Battery","Smiling Mask"],"potions_floor_usage":[14,16,30,33,50,50],"damage_taken":[{"damage":0,"enemies":"2 Louse","floor":1,"turns":3},{"damage":0,"enemies":"Cultist","floor":3,"turns":3},{"damage":1,"enemies":"Jaw Worm","floor":10,"turns":2},{"damage":0,"enemies":"3 Louse","floor":11,"turns":2},{"damage":10,"enemies":"Looter","floor":12,"turns":2},{"damage":2,"enemies":"Gremlin Nob","floor":14,"turns":3},{"damage":19,"enemies":"Hexaghost","floor":16,"turns":10},{"damage":6,"enemies":"Shell Parasite","floor":18,"turns":6},{"damage":0,"enemies":"Spheric Guardian","floor":20,"turns":3},{"damage":36,"enemies":"Slavers","floor":29,"turns":5},{"damage":6,"enemies":"Snake Plant","floor":30,"turns":3},{"damage":55,"enemies":"Automaton","floor":33,"turns":10},{"damage":4,"enemies":"Orb Walker","floor":35,"turns":3},{"damage":0,"enemies":"3 Darklings","floor":38,"turns":1},{"damage":21,"enemies":"Jaw Worm Horde","floor":39,"turns":4},{"damage":13,"enemies":"Maw","floor":41,"turns":7},{"damage":15,"enemies":"3 Darklings","floor":45,"turns":3},{"damage":0,"enemies":"Jaw Worm Horde","floor":46,"turns":2},{"damage":75,"enemies":"Awakened One","floor":50,"turns":8}],"seed_played":"-8653413659592003","potions_obtained":[{"floor":10,"key":"SteroidPotion"},{"floor":11,"key":"FocusPotion"},{"floor":13,"key":"Swift Potion"},{"floor":14,"key":"FocusPotion"},{"floor":30,"key":"Fruit Juice"},{"floor":35,"key":"Energy Potion"},{"floor":45,"key":"Block Potion"}],"is_trial":false,"path_per_floor":["M","?","M","?","$","R","$","R","T","M","M","M","?","E","R","B",null,"M","?","M","?","?","R","$","R","T","R","T","E","M","$","R","B",null,"M","?","?","M","M","R","M","$","T","R","M","M","R","$","R","B"],"character_chosen":"DEFECT","items_purchased":["Streamline","Rip and Tear","Steam","Sunder","Electrodynamics","Loop","Barrage","Storm"],"campfire_rested":0,"item_purchase_floors":[5,5,7,24,31,42,48,48],"current_hp_per_floor":[75,69,69,69,69,69,69,69,69,68,68,58,58,56,56,37,69,63,63,68,68,68,69,69,69,69,69,69,43,47,47,59,9,74,74,70,70,70,54,69,61,61,61,70,60,65,70,70,70,0],"gold":2,"neow_bonus":"UPGRADE_CARD","is_prod":false,"is_daily":false,"chose_seed":false,"campfire_upgraded":11,"win_rate":0.0,"timestamp":1562983637,"path_taken":["M","?","M","?","$","R","$","R","T","M","M","?","?","E","R","BOSS","M","?","M","?","?","R","$","R","T","R","?","E","M","$","R","BOSS","M","?","?","?","M","R","M","$","T","R","?","M","R","?","R","BOSS"],"build_version":"2019-07-05","purchased_purges":3,"victory":false,"max_hp_per_floor":[75,69,69,69,69,69,69,69,69,69,69,69,69,69,69,69,69,69,69,69,69,69,69,69,69,69,69,69,69,74,74,74,74,74,74,70,70,70,70,70,70,70,70,70,70,70,70,70,70,70],"card_choices":[{"not_picked":["Genetic Algorithm","Gash"],"picked":"Go for the Eyes","floor":1},{"not_picked":["Steam","Rebound"],"picked":"Cold Snap","floor":3},{"not_picked":["Self Repair","Turbo"],"picked":"Gash","floor":10},{"not_picked":["Fusion","Steam"],"picked":"Hologram","floor":11},{"not_picked":["Hyperbeam","Storm"],"picked":"Gash","floor":12},{"not_picked":["Redo","Reinforced Body","Hyperbeam"],"picked":"SKIP","floor":14},{"not_picked":["Machine Learning","Core Surge"],"picked":"Seek","floor":16},{"not_picked":["Sweeping Beam","Compile Driver+1"],"picked":"Lockon+1","floor":18},{"not_picked":["Compile Driver+1","Skim"],"picked":"Coolheaded+1","floor":20},{"not_picked":["Fission","Stack","Hologram"],"picked":"SKIP","floor":29},{"not_picked":["Storm+1","Turbo"],"picked":"Go for the Eyes","floor":30},{"not_picked":["Thunder Strike","Seek"],"picked":"Amplify","floor":33},{"not_picked":["Ball Lightning","Doom and Gloom"],"picked":"Beam Cell+1","floor":35},{"not_picked":["Streamline+1","BootSequence"],"picked":"Loop+1","floor":38},{"not_picked":["Heatsinks+1","Ball Lightning+1"],"picked":"Barrage+1","floor":39},{"not_picked":["Rebound","Conserve Battery"],"picked":"All For One","floor":41},{"not_picked":["Ball Lightning","Sweeping Beam+1"],"picked":"Cold Snap+1","floor":45},{"not_picked":["Compile Driver","Cold Snap"],"picked":"Go for the Eyes+1","floor":46}],"player_experience":137205,"relics_obtained":[{"floor":9,"key":"Boot"},{"floor":14,"key":"Dream Catcher"},{"floor":26,"key":"Mercury Hourglass"},{"floor":28,"key":"Mummified Hand"},{"floor":29,"key":"Tiny Chest"},{"floor":43,"key":"Smiling Mask"}],"event_choices":[{"damage_healed":0,"gold_gain":0,"player_choice":"Lose Max HP","damage_taken":0,"relics_obtained":["Golden Idol"],"max_hp_gain":0,"max_hp_loss":6,"event_name":"Golden Idol","floor":2,"gold_loss":0},{"damage_healed":0,"gold_gain":100,"player_choice":"Pray","damage_taken":0,"max_hp_gain":0,"max_hp_loss":0,"event_name":"Golden Shrine","floor":4,"gold_loss":0},{"damage_healed":0,"gold_gain":0,"player_choice":"Got Potions","damage_taken":0,"max_hp_gain":0,"max_hp_loss":0,"event_name":"Lab","floor":13,"gold_loss":0},{"damage_healed":0,"gold_gain":0,"player_choice":"Gave Idol","damage_taken":0,"relics_obtained":["Bloody Idol"],"max_hp_gain":0,"max_hp_loss":0,"event_name":"Forgotten Altar","floor":19,"relics_lost":["Golden Idol"],"gold_loss":0},{"damage_healed":0,"gold_gain":0,"player_choice":"Ignored","damage_taken":0,"max_hp_gain":0,"max_hp_loss":0,"event_name":"Ghosts","floor":21,"gold_loss":0},{"damage_healed":0,"gold_gain":0,"player_choice":"Read","damage_taken":0,"max_hp_gain":0,"max_hp_loss":0,"event_name":"The Library","floor":22,"gold_loss":0,"cards_obtained":["Conserve Battery"]},{"damage_healed":0,"gold_gain":0,"player_choice":"Max HP","damage_taken":0,"max_hp_gain":0,"max_hp_loss":4,"event_name":"Winding Halls","floor":36,"gold_loss":0},{"damage_healed":0,"gold_gain":0,"player_choice":"2 cards matched","damage_taken":0,"max_hp_gain":0,"max_hp_loss":0,"event_name":"Match and Keep!","floor":37,"gold_loss":0,"cards_obtained":["Auto Shields","Madness"]}],"is_beta":false,"boss_relics":[{"not_picked":["Busted Crown","Sozu"],"picked":"Eternal Feather"},{"not_picked":["Tiny House","Fusion Hammer"],"picked":"Nuclear Battery"}],"items_purged_floors":[5,24,48],"is_endless":false,"potions_floor_spawned":[10,11,14,30,35,45],"killed_by":"Awakened One","ascension_level":0}