{"path_per_floor":["M","?","M","M","?","?","M","R","T","E","M","R","M","M","R","B",null,"M","?","?","M","M","E"],"character_chosen":"THE_SILENT","items_purchased":[],"gold_per_floor":[114,114,132,146,120,120,138,138,190,218,233,233,253,270,270,372,372,358,358,258,271,288,322],"floor_reached":24,"campfire_rested":3,"playtime":2220,"current_hp_per_floor":[58,45,45,45,45,45,47,63,63,31,26,44,44,46,63,28,63,46,46,46,36,32,7],"items_purged":[],"gold":322,"score":220,"play_id":"a2e0d0c2-a101-467e-b662-8c642e50c8df","is_prod":false,"is_daily":false,"is_ascension_mode":false,"campfire_upgraded":0,"path_taken":["M","?","M","?","?","?","M","R","T","E","M","R","M","M","R","BOSS","M","?","?","?","M","E","M"],"build_version":"2018-02-15-PROD1","purchased_purges":0,"victory":false,"master_deck":["Defend_G+1","Defend_G","Defend_G","Defend_G","Defend_G","Strike_G","Strike_G","Strike_G","Strike_G","Strike_G","Survivor","Neutralize+1","Quick Slash","Backstab","Noxious Fumes","Dagger Spray","Dash","Blur","Glass Knife","Backflip","Deadly Poison","Backstab","Envenom","Clumsy","Slice+1","J.A.X.","Poisoned Stab+1","Terror","Backflip"],"max_hp_per_floor":[63,63,63,63,63,63,63,63,63,63,63,63,63,63,63,63,63,63,63,63,63,63,63],"relics":["Ring of the Snake","Bird Faced Urn","Omamori","Dream Catcher","Calling Bell","Girya","Orichalcum","Happy Flower","Snake Skull"],"card_choices":[{"not_picked":["Dagger Throw","Footwork"],"picked":"Quick Slash"},{"not_picked":["Deadly Poison","Slice"],"picked":"Backstab"},{"not_picked":["Burst","Deadly Poison"],"picked":"Noxious Fumes"},{"not_picked":["Masterful Stab","Sucker Punch"],"picked":"Dagger Spray"},{"not_picked":["PiercingWail","Dagger Throw"],"picked":"Dash"},{"not_picked":["Prepared","All Out Attack"],"picked":"Blur"},{"not_picked":["Sucker Punch","Deflect"],"picked":"Glass Knife"},{"not_picked":["Prepared","Outmaneuver"],"picked":"Backflip"},{"not_picked":["Backflip","Poisoned Stab"],"picked":"Deadly Poison"},{"not_picked":["Outmaneuver","Endless Agony"],"picked":"Backstab"},{"not_picked":["Doppelganger","A Thousand Cuts"],"picked":"Envenom"},{"not_picked":["Flechettes","Caltrops"],"picked":"Slice"},{"not_picked":["Infinite Blades","Backstab"],"picked":"Poisoned Stab"},{"not_picked":["Footwork","Malaise"],"picked":"Terror"},{"not_picked":["Sucker Punch","Caltrops"],"picked":"Backflip"}],"player_experience":16343,"potions_floor_usage":[10,16,16,22,23,24],"damage_taken":[{"damage":5,"enemies":"Small Slimes","floor":1,"turns":6},{"damage":0,"enemies":"2 Louse","floor":3,"turns":2},{"damage":0,"enemies":"Cultist","floor":4,"turns":3},{"damage":0,"enemies":"3 Louse","floor":7,"turns":2},{"damage":32,"enemies":"Lagavulin","floor":10,"turns":8},{"damage":7,"enemies":"Large Slime","floor":11,"turns":6},{"damage":0,"enemies":"2 Fungi Beasts","floor":13,"turns":2},{"damage":0,"enemies":"Blue Slaver","floor":14,"turns":3},{"damage":50,"enemies":"Slime Boss","floor":16,"turns":10},{"damage":19,"enemies":"2 Thieves","floor":18,"turns":4},{"damage":14,"enemies":"Spheric Guardian","floor":21,"turns":4},{"damage":23,"enemies":"Snake Plant","floor":22,"turns":5},{"damage":29,"enemies":"Slavers","floor":23,"turns":6},{"damage":24,"enemies":"Cultist and Chosen","floor":24,"turns":5}],"event_choices":[{"event_name":"Shining Light","player_choice":"Entered Light","floor":2,"damage_taken":0},{"event_name":"World of Goop","player_choice":"Left","floor":5,"damage_taken":0},{"event_name":"The Lab","player_choice":"Got Potions","floor":6,"damage_taken":0},{"event_name":"The Woman in Blue","player_choice":"Bought 0 Potions","floor":19,"damage_taken":0},{"event_name":"Drug Dealer","player_choice":"Got JAXXED","floor":20,"damage_taken":0}],"boss_relics":[{"not_picked":["Cursed Key","Eternal Feather"],"picked":"Calling Bell"}],"potions_floor_spawned":[3,7,10,13,14,16,18,21],"seed_played":"-6294024784898136922","killed_by":"Cultist and Chosen","ascension_level":0,"is_trial":false}