{"gold_per_floor":[117,127,140,160,174,174,206,218,230,261,273,315,345,372,384,496,508,535,547,571,583,610,649,661,686,698,710,722,734,765,810,822,834],"floor_reached":33,"playtime":1837,"items_purged":[],"score":394,"play_id":"b42db92d-559b-4b24-81ba-747b73745f8b","local_time":"20190725113441","is_ascension_mode":true,"campfire_choices":[{"data":"Flex","floor":6,"key":"SMITH"},{"data":"Bash","floor":8,"key":"SMITH"},{"data":"Spot Weakness","floor":11,"key":"SMITH"},{"floor":15,"key":"REST"},{"floor":24,"key":"REST"},{"floor":28,"key":"REST"},{"floor":32,"key":"REST"}],"neow_cost":"NONE","seed_source_timestamp":121768224350604,"circlet_count":0,"master_deck":["Defend_R","Defend_R","Defend_R","Bash+1","Burning Pact","Flex+1","Cleave","Entrench","Twin Strike","Spot Weakness+1","Disarm","Dropkick","Feed","Cleave+1","J.A.X.","Infernal Blade+1","Bite","Bite","Bite","Bite","Bite","True Grit+1","Flame Barrier+1","Whirlwind+1","Feed"],"relics":["Burning Blood","MawBank","FossilizedHelix","Du-Vu Doll","Empty Cage","Pocketwatch","Mummified Hand","Enchiridion","Strawberry"],"potions_floor_usage":[12,23,30,31,31,31],"damage_taken":[{"damage":8,"enemies":"Small Slimes","floor":1,"turns":3},{"damage":3,"enemies":"2 Louse","floor":2,"turns":3},{"damage":11,"enemies":"Jaw Worm","floor":3,"turns":2},{"damage":11,"enemies":"3 Louse","floor":4,"turns":2},{"damage":14,"enemies":"Blue Slaver","floor":5,"turns":3},{"damage":33,"enemies":"Gremlin Nob","floor":7,"turns":4},{"damage":0,"enemies":"Looter","floor":10,"turns":2},{"damage":16,"enemies":"Lagavulin","floor":12,"turns":5},{"damage":6,"enemies":"Exordium Wildlife","floor":13,"turns":4},{"damage":18,"enemies":"Gremlin Gang","floor":14,"turns":6},{"damage":0,"enemies":"Slime Boss","floor":16,"turns":7},{"damage":10,"enemies":"Shell Parasite","floor":18,"turns":3},{"damage":30,"enemies":"Spheric Guardian","floor":20,"turns":4},{"damage":35,"enemies":"Snake Plant","floor":22,"turns":5},{"damage":52,"enemies":"Slavers","floor":23,"turns":5},{"damage":13,"enemies":"Centurion and Healer","floor":25,"turns":5},{"damage":10,"enemies":"3 Cultists","floor":30,"turns":4},{"damage":27,"enemies":"Gremlin Leader","floor":31,"turns":5},{"damage":55,"enemies":"Collector","floor":33,"turns":5}],"seed_played":"-5450351960271346765","potions_obtained":[{"floor":3,"key":"Ancient Potion"},{"floor":4,"key":"LiquidBronze"},{"floor":7,"key":"SteroidPotion"},{"floor":14,"key":"AttackPotion"},{"floor":25,"key":"SkillPotion"},{"floor":30,"key":"Ancient Potion"}],"is_trial":false,"path_per_floor":["M","M","M","M","M","R","E","R","T","M","R","E","M","M","R","B",null,"M","?","M","?","M","E","R","M","T","?","R","?","M","E","R","B"],"character_chosen":"IRONCLAD","items_purchased":[],"campfire_rested":4,"item_purchase_floors":[],"current_hp_per_floor":[86,88,83,78,70,70,43,43,43,49,49,39,39,27,53,59,88,87,87,66,65,46,13,33,33,33,17,38,25,29,27,51,0],"gold":834,"neow_bonus":"TEN_PERCENT_HP_BONUS","is_prod":false,"is_daily":false,"chose_seed":false,"campfire_upgraded":3,"win_rate":0,"timestamp":1564047281,"path_taken":["M","M","M","M","M","R","E","R","T","M","R","E","M","M","R","BOSS","M","?","M","?","M","E","R","M","T","?","R","?","M","E","R","BOSS"],"build_version":"2019-07-05","purchased_purges":0,"victory":false,"max_hp_per_floor":[88,88,88,88,88,88,88,88,88,88,88,88,88,88,88,88,88,91,91,94,65,65,68,68,71,71,71,71,76,76,83,83,83],"card_choices":[{"not_picked":["Anger","Sentinel"],"picked":"Burning Pact","floor":1},{"not_picked":["Thunderclap","Uppercut"],"picked":"Flex","floor":2},{"not_picked":["Rupture","Searing Blow"],"picked":"Cleave","floor":3},{"not_picked":["Shrug It Off","Anger"],"picked":"Entrench","floor":4},{"not_picked":["Evolve","Anger"],"picked":"Twin Strike","floor":5},{"not_picked":["Exhume","Pommel Strike"],"picked":"Spot Weakness","floor":7},{"not_picked":["Havoc","Armaments"],"picked":"Disarm","floor":10},{"not_picked":["Rage","Body Slam","Sword Boomerang"],"picked":"SKIP","floor":12},{"not_picked":["True Grit","Perfected Strike","Burning Pact"],"picked":"SKIP","floor":13},{"not_picked":["Iron Wave","Evolve"],"picked":"Dropkick","floor":14},{"not_picked":["Juggernaut","Brutality"],"picked":"Feed","floor":16},{"not_picked":["Perfected Strike+1","Warcry+1"],"picked":"Cleave+1","floor":18},{"not_picked":["Iron Wave","Warcry"],"picked":"Infernal Blade+1","floor":20},{"not_picked":["Shrug It Off","Reckless Charge+1"],"picked":"True Grit+1","floor":22},{"not_picked":["Flex","Spot Weakness","Entrench"],"picked":"SKIP","floor":23},{"not_picked":["Heavy Blade","True Grit"],"picked":"Flame Barrier+1","floor":25},{"not_picked":["Armaments+1","Wild Strike"],"picked":"Whirlwind+1","floor":30},{"not_picked":["Ghostly Armor","Perfected Strike"],"picked":"Feed","floor":31}],"player_experience":146148,"relics_obtained":[{"floor":7,"key":"MawBank"},{"floor":9,"key":"FossilizedHelix"},{"floor":12,"key":"Du-Vu Doll"},{"floor":23,"key":"Pocketwatch"},{"floor":26,"key":"Mummified Hand"},{"floor":27,"key":"Enchiridion"},{"floor":31,"key":"Strawberry"}],"event_choices":[{"damage_healed":0,"gold_gain":0,"player_choice":"Obtain J.A.X.","damage_taken":0,"max_hp_gain":0,"max_hp_loss":0,"event_name":"Drug Dealer","floor":19,"gold_loss":0,"cards_obtained":["J.A.X."]},{"damage_healed":0,"gold_gain":0,"player_choice":"Became a vampire","damage_taken":0,"max_hp_gain":0,"max_hp_loss":29,"event_name":"Vampires","floor":21,"gold_loss":0,"cards_obtained":["Bite","Bite","Bite","Bite","Bite"]},{"damage_healed":0,"gold_gain":0,"player_choice":"Obtained Book","damage_taken":16,"max_hp_gain":0,"max_hp_loss":0,"event_name":"Cursed Tome","floor":27,"gold_loss":0},{"damage_healed":0,"gold_gain":0,"player_choice":"Shed Blood","damage_taken":18,"max_hp_gain":5,"max_hp_loss":0,"event_name":"Forgotten Altar","floor":29,"gold_loss":0}],"is_beta":false,"boss_relics":[{"not_picked":["Runic Dome","Philosopher\u0027s Stone"],"picked":"Empty Cage"}],"items_purged_floors":[],"is_endless":false,"potions_floor_spawned":[3,4,7,14,16,25,30],"killed_by":"Collector","ascension_level":1}