{"gold_per_floor":[115,115,135,152,167,167,167,167,167,47,82,99,113,113,113,216,216,226,226,226,226,236,236,253,263,287,298,298],"floor_reached":28,"playtime":2652,"items_purged":[],"score":222,"play_id":"9325458d-0ce5-4f8d-a7c7-2b3228f08ef6","local_time":"20190709072712","is_ascension_mode":false,"campfire_choices":[{"data":"Body Slam","floor":6,"key":"SMITH"},{"data":"Shockwave","floor":8,"key":"SMITH"},{"data":"Evolve","floor":15,"key":"SMITH"},{"data":"Barricade","floor":23,"key":"SMITH"}],"neow_cost":"TEN_PERCENT_HP_LOSS","seed_source_timestamp":52272102100472,"circlet_count":0,"master_deck":["Strike_R","Strike_R","Defend_R","Defend_R","Defend_R","Defend_R","Bash","Body Slam+1","Shockwave+1","Rampage","Evolve+1","Pommel Strike","Armaments+1","Barricade+1","Battle Trance+1","RitualDagger","True Grit+1","Writhe"],"relics":["Burning Blood","Toxic Egg 2","Self Forming Clay","Regal Pillow","Cursed Key","Nilry\u0027s Codex","Happy Flower"],"potions_floor_usage":[11,16,16,24,25,27],"damage_taken":[{"damage":5,"enemies":"Small Slimes","floor":1,"turns":3},{"damage":1,"enemies":"Cultist","floor":3,"turns":4},{"damage":5,"enemies":"2 Louse","floor":4,"turns":4},{"damage":7,"enemies":"Looter","floor":5,"turns":4},{"damage":19,"enemies":"3 Sentries","floor":11,"turns":6},{"damage":16,"enemies":"Blue Slaver","floor":12,"turns":3},{"damage":7,"enemies":"2 Fungi Beasts","floor":13,"turns":4},{"damage":8,"enemies":"Hexaghost","floor":16,"turns":8},{"damage":23,"enemies":"3 Byrds","floor":18,"turns":6},{"damage":10,"enemies":"Chosen","floor":22,"turns":4},{"damage":28,"enemies":"Shelled Parasite and Fungi","floor":24,"turns":5},{"damage":4,"enemies":"Sentry and Sphere","floor":25,"turns":6},{"damage":2,"enemies":"3 Cultists","floor":27,"turns":6},{"damage":0,"enemies":"Centurion and Healer","floor":28,"turns":2}],"seed_played":"-1738418265525823536","potions_obtained":[{"floor":3,"key":"Explosive Potion"},{"floor":5,"key":"LiquidBronze"},{"floor":11,"key":"SpeedPotion"},{"floor":13,"key":"Regen Potion"},{"floor":22,"key":"Swift Potion"},{"floor":24,"key":"PowerPotion"}],"is_trial":false,"path_per_floor":["M","?","M","M","M","R","T","R","T","$","E","M","M","?","R","B",null,"M","?","?","?","M","R","M","M","T","M","M"],"character_chosen":"IRONCLAD","items_purchased":["Evolve","Pommel Strike"],"campfire_rested":0,"item_purchase_floors":[10,10],"current_hp_per_floor":[72,72,72,72,71,71,71,71,71,71,58,48,47,40,40,53,72,55,55,49,33,29,29,7,9,9,13,13],"gold":298,"neow_bonus":"REMOVE_TWO","is_prod":false,"is_daily":false,"chose_seed":false,"campfire_upgraded":4,"win_rate":0.0,"timestamp":1562675232,"path_taken":["M","?","?","M","M","R","?","R","T","$","E","M","M","?","R","BOSS","M","?","?","?","M","R","M","?","T","M","M"],"build_version":"2019-07-05","purchased_purges":0,"victory":false,"max_hp_per_floor":[72,72,72,72,72,72,72,72,72,72,72,72,72,72,72,72,72,72,72,72,72,72,72,72,72,72,72,72],"card_choices":[{"not_picked":["Clash","True Grit"],"picked":"Body Slam","floor":1},{"not_picked":["Havoc","Twin Strike","Spot Weakness"],"picked":"SKIP","floor":3},{"not_picked":["Anger","Dual Wield"],"picked":"Shockwave","floor":4},{"not_picked":["Spot Weakness","Iron Wave"],"picked":"Rampage","floor":5},{"not_picked":["Wild Strike","Pommel Strike"],"picked":"Armaments+1","floor":11},{"not_picked":["Perfected Strike","Havoc+1","Heavy Blade"],"picked":"SKIP","floor":12},{"not_picked":["Fire Breathing","Clothesline"],"picked":"Barricade","floor":13},{"not_picked":["Thunderclap","Sword Boomerang"],"picked":"Battle Trance+1","floor":18},{"not_picked":["Dual Wield+1","Bloodletting+1","Havoc+1"],"picked":"SKIP","floor":22},{"not_picked":["Clothesline","Searing Blow","Seeing Red+1"],"picked":"SKIP","floor":24},{"not_picked":["Feed","Disarm+1"],"picked":"True Grit+1","floor":25},{"not_picked":["Cleave","Warcry+1","Havoc+1"],"picked":"SKIP","floor":27}],"player_experience":41652,"relics_obtained":[{"floor":7,"key":"Toxic Egg 2"},{"floor":9,"key":"Self Forming Clay"},{"floor":11,"key":"Regal Pillow"},{"floor":21,"key":"Nilry\u0027s Codex"},{"floor":26,"key":"Happy Flower"}],"event_choices":[{"damage_healed":0,"gold_gain":0,"player_choice":"Ignored","damage_taken":0,"max_hp_gain":0,"max_hp_loss":0,"event_name":"Transmorgrifier","floor":2,"gold_loss":0},{"cards_removed":["Strike_R"],"damage_healed":0,"gold_gain":0,"player_choice":"Card Removal","damage_taken":7,"max_hp_gain":0,"max_hp_loss":0,"event_name":"Golden Wing","floor":14,"gold_loss":0},{"damage_healed":0,"gold_gain":0,"player_choice":"Ignored","damage_taken":0,"max_hp_gain":0,"max_hp_loss":0,"event_name":"Ghosts","floor":19,"gold_loss":0},{"damage_healed":0,"gold_gain":0,"player_choice":"Joined the Cult","damage_taken":6,"max_hp_gain":0,"max_hp_loss":0,"event_name":"Nest","floor":20,"gold_loss":0,"cards_obtained":["RitualDagger"]},{"damage_healed":0,"gold_gain":0,"player_choice":"Obtained Book","damage_taken":16,"max_hp_gain":0,"max_hp_loss":0,"event_name":"Cursed Tome","floor":21,"gold_loss":0}],"is_beta":false,"boss_relics":[{"not_picked":["Runic Dome","Velvet Choker"],"picked":"Cursed Key"}],"items_purged_floors":[],"is_endless":false,"potions_floor_spawned":[3,5,11,13,22,24],"killed_by":"Centurion and Healer","ascension_level":0}