{"gold_per_floor":[115,129,149,249,260,260,260,260,284,318,318,347,360,360],"floor_reached":14,"playtime":566,"items_purged":[],"score":150,"play_id":"44fa95d8-3524-4039-b031-df5ed1a216a1","local_time":"20190704080921","is_ascension_mode":true,"campfire_choices":[{"data":"Bash","floor":6,"key":"SMITH"},{"data":"Cleave","floor":8,"key":"SMITH"},{"floor":11,"key":"REST"}],"neow_cost":"NONE","seed_source_timestamp":63020252637000,"circlet_count":0,"master_deck":["AscendersBane","Strike_R","Strike_R","Strike_R","Strike_R","Strike_R","Defend_R","Defend_R","Defend_R","Defend_R","Bash+1","Limit Break","Pommel Strike","Pommel Strike","Whirlwind","Cleave+1","Exhume","Pummel","Spot Weakness"],"relics":["Burning Blood","Kunai","Bag of Preparation","Ice Cream","Omamori"],"potions_floor_usage":[14,14],"damage_taken":[{"damage":3,"enemies":"Small Slimes","floor":1,"turns":4},{"damage":15,"enemies":"Cultist","floor":2,"turns":5},{"damage":8,"enemies":"Jaw Worm","floor":3,"turns":4},{"damage":11,"enemies":"Looter","floor":5,"turns":2},{"damage":32,"enemies":"Gremlin Nob","floor":10,"turns":4},{"damage":40,"enemies":"3 Sentries","floor":12,"turns":6},{"damage":12,"enemies":"Exordium Wildlife","floor":13,"turns":2},{"damage":20,"enemies":"Gremlin Nob","floor":14,"turns":3}],"seed_played":"5277854960592819728","potions_obtained":[{"floor":5,"key":"Swift Potion"},{"floor":10,"key":"SpeedPotion"}],"is_trial":false,"path_per_floor":["M","M","M","?","M","R","T","R","T","E","R","E","M","E"],"character_chosen":"IRONCLAD","items_purchased":[],"campfire_rested":1,"item_purchase_floors":[],"current_hp_per_floor":[75,66,64,64,59,59,59,59,59,33,57,23,17,0],"gold":360,"neow_bonus":"ONE_RANDOM_RARE_CARD","is_prod":false,"is_daily":false,"chose_seed":false,"campfire_upgraded":2,"win_rate":0,"timestamp":1562224161,"path_taken":["M","M","M","?","?","R","?","R","T","E","R","E","M","E"],"build_version":"2019-07-01","purchased_purges":0,"victory":false,"max_hp_per_floor":[80,80,80,80,80,80,80,80,80,80,80,80,80,80],"card_choices":[{"not_picked":["Body Slam","Flex"],"picked":"Pommel Strike","floor":1},{"not_picked":["Power Through","Havoc"],"picked":"Pommel Strike","floor":2},{"not_picked":["Pummel","Havoc"],"picked":"Whirlwind","floor":3},{"not_picked":["Pommel Strike","Searing Blow"],"picked":"Cleave","floor":5},{"not_picked":["True Grit","Sword Boomerang"],"picked":"Exhume","floor":10},{"not_picked":["Body Slam","Clothesline"],"picked":"Pummel","floor":12},{"not_picked":["Perfected Strike","Wild Strike"],"picked":"Spot Weakness","floor":13}],"player_experience":950054,"relics_obtained":[{"floor":7,"key":"Kunai"},{"floor":9,"key":"Bag of Preparation"},{"floor":10,"key":"Ice Cream"},{"floor":12,"key":"Omamori"}],"event_choices":[{"damage_healed":0,"gold_gain":100,"player_choice":"Pray","damage_taken":0,"max_hp_gain":0,"max_hp_loss":0,"event_name":"Golden Shrine","floor":4,"gold_loss":0}],"is_beta":false,"boss_relics":[],"items_purged_floors":[],"is_endless":false,"potions_floor_spawned":[5,10],"killed_by":"Gremlin Nob","ascension_level":10}