{"path_per_floor":["M","M","?","?","M","R","E","M","T","E","R","M","M","M","R","B",null,"M","$","?","M","M","M","R","M","T","E","M","M","M","$","R","B",null,"M","M","$","?","$","R","?","T","T","M","R","M","M"],"character_chosen":"IRONCLAD","items_purchased":["Master of Strategy","Shrug It Off","Enlightenment","Block Potion","Inflame"],"gold_per_floor":[116,131,131,131,144,144,175,194,267,308,308,323,343,363,363,494,494,507,174,174,194,218,243,243,263,289,325,348,364,387,25,25,145,145,163,184,22,22,22,22,22,22,68,86,86,104,118],"floor_reached":48,"campfire_rested":7,"playtime":8460,"current_hp_per_floor":[80,77,57,41,36,60,34,37,37,11,35,39,41,47,71,17,80,69,69,69,37,32,34,58,54,54,34,31,18,23,23,49,7,87,41,43,43,43,43,69,69,79,79,58,87,73,24],"items_purged":["Fire Breathing","Strike_R","Rampage"],"gold":118,"score":470,"play_id":"eba9509e-6896-44b7-b653-a9ee633e9154","is_prod":false,"is_daily":false,"is_ascension_mode":false,"campfire_upgraded":0,"path_taken":["M","M","?","?","M","R","E","M","T","E","R","M","M","M","R","BOSS","M","$","?","M","M","?","R","M","T","E","?","M","M","?","R","BOSS","M","M","$","?","?","R","?","?","T","M","R","M","?","E"],"build_version":"2018-02-15-PROD1","purchased_purges":3,"victory":false,"master_deck":["Strike_R","Strike_R","Strike_R","Strike_R","Defend_R","Defend_R+1","Defend_R+1","Defend_R","Bash","Perfected Strike","Rampage","Cleave","Metallicize","Pommel Strike","Double Tap","Pommel Strike","Double Tap","Perfected Strike","Master of Strategy","Shrug It Off","Shockwave","Whirlwind","Disarm","Uppercut","Flame Barrier","Inflame","Twin Strike","Enlightenment","Berserk","Cleave+1","Flame Barrier+1","Inflame","Berserk","Perfected Strike+1","Sever Soul+1"],"max_hp_per_floor":[80,80,80,80,80,80,80,80,80,80,80,80,80,80,80,80,80,80,80,80,80,80,80,80,80,80,87,87,87,87,87,87,87,87,87,87,87,87,87,87,87,97,97,97,97,97,97],"relics":["Black Blood","Golden Idol","Bag of Preparation","Mercury Hourglass","Shuriken","Philosopher\u0027s Stone","Bronze Scales","Strawberry","Pear","Blood Vial"],"card_choices":[{"not_picked":["Anger","Shrug It Off"],"picked":"Fire Breathing"},{"not_picked":["Shockwave","Thunderclap"],"picked":"Perfected Strike"},{"not_picked":["Second Wind","Flex"],"picked":"Rampage"},{"not_picked":["Power Through","Body Slam"],"picked":"Cleave"},{"not_picked":["Dropkick","Body Slam"],"picked":"Metallicize"},{"not_picked":["Anger","Fire Breathing"],"picked":"Rampage"},{"not_picked":["Anger","Intimidate"],"picked":"Pommel Strike"},{"not_picked":["Seeing Red","Burning Pact"],"picked":"Double Tap"},{"not_picked":["Pummel","Bloodletting"],"picked":"Pommel Strike"},{"not_picked":["Fiend Fire","Juggernaut"],"picked":"Double Tap"},{"not_picked":["Combust","Headbutt"],"picked":"Perfected Strike"},{"not_picked":["Body Slam","Headbutt"],"picked":"Shockwave"},{"not_picked":["Metallicize","Anger"],"picked":"Whirlwind"},{"not_picked":["True Grit","Thunderclap"],"picked":"Disarm"},{"not_picked":["Combust","Body Slam"],"picked":"Uppercut"},{"not_picked":["Reaper","Searing Blow"],"picked":"Flame Barrier"},{"not_picked":["Shrug It Off","Searing Blow"],"picked":"Inflame"},{"not_picked":["Cleave","Reckless Charge"],"picked":"Uppercut"},{"not_picked":["Blood for Blood","Body Slam"],"picked":"Twin Strike"},{"not_picked":["Demon Form","Double Tap"],"picked":"Berserk"},{"not_picked":["Clothesline","Headbutt"],"picked":"Cleave"},{"not_picked":["Feel No Pain","Cleave"],"picked":"Flame Barrier"},{"not_picked":["Clothesline","Anger"],"picked":"Perfected Strike"},{"not_picked":["Twin Strike","Second Wind"],"picked":"Sever Soul"}],"player_experience":0,"potions_floor_usage":[14,16,16,16,21,28,30,30,33,48,48,48],"damage_taken":[{"damage":4,"enemies":"Small Slimes","floor":1,"turns":4},{"damage":9,"enemies":"2 Louse","floor":2,"turns":4},{"damage":11,"enemies":"Jaw Worm","floor":5,"turns":4},{"damage":32,"enemies":"Gremlin Nob","floor":7,"turns":5},{"damage":3,"enemies":"Exordium Wildlife","floor":8,"turns":3},{"damage":32,"enemies":"Lagavulin","floor":10,"turns":6},{"damage":2,"enemies":"Blue Slaver","floor":12,"turns":3},{"damage":4,"enemies":"3 Louse","floor":13,"turns":2},{"damage":0,"enemies":"2 Fungi Beasts","floor":14,"turns":2},{"damage":60,"enemies":"The Guardian","floor":16,"turns":10},{"damage":17,"enemies":"Shell Parasite","floor":18,"turns":3},{"damage":38,"enemies":"3 Byrds","floor":21,"turns":4},{"damage":11,"enemies":"Cultist and Chosen","floor":22,"turns":4},{"damage":4,"enemies":"Centurion and Healer","floor":23,"turns":5},{"damage":10,"enemies":"3 Cultists","floor":25,"turns":4},{"damage":33,"enemies":"Gremlin Leader","floor":27,"turns":6},{"damage":9,"enemies":"Cultist and Chosen","floor":28,"turns":4},{"damage":19,"enemies":"Snake Plant","floor":29,"turns":2},{"damage":1,"enemies":"Slaver and Parasite","floor":30,"turns":3},{"damage":48,"enemies":"Champ","floor":33,"turns":9},{"damage":56,"enemies":"3 Darklings","floor":35,"turns":6},{"damage":8,"enemies":"Orb Walker","floor":36,"turns":3},{"damage":33,"enemies":"3 Darklings","floor":44,"turns":4},{"damage":26,"enemies":"Maw","floor":46,"turns":7},{"damage":61,"enemies":"4 Shapes","floor":47,"turns":4},{"damage":39,"enemies":"Giant Head","floor":48,"turns":6}],"event_choices":[{"event_name":"Golden Idol","player_choice":"Take Damage","floor":3,"damage_taken":0},{"event_name":"Shining Light","player_choice":"Entered Light","floor":4,"damage_taken":0},{"event_name":"Vampires","player_choice":"Ignored","floor":20,"damage_taken":0},{"event_name":"Duplicator","player_choice":"One dupe","floor":41,"damage_taken":0}],"boss_relics":[{"not_picked":["Calling Bell","Sozu"],"picked":"Philosopher\u0027s Stone"},{"not_picked":["Runic Cube","Orrery"],"picked":"Black Blood"}],"potions_floor_spawned":[2,5,10,13,14,18,21,23,29,33,35,36,44],"seed_played":"3566296773570910140","killed_by":"Giant Head","ascension_level":0,"is_trial":false}