{"gold_per_floor":[20,39,53,72,82,82,98,123,148,175,191,191,205,221,221,324,324,344,354,367,387,404,404,22,22,45,57,57,70,89,118,118,118],"floor_reached":33,"playtime":3176,"items_purged":[],"score":319,"play_id":"192291fe-71b4-4341-a3be-c3c0fd8093df","local_time":"20190719123145","is_ascension_mode":false,"campfire_choices":[{"data":"Berserk","floor":6,"key":"SMITH"},{"data":"Uppercut","floor":12,"key":"SMITH"},{"data":"Metallicize","floor":15,"key":"SMITH"},{"data":"Warcry","floor":23,"key":"SMITH"},{"data":"Apotheosis","floor":25,"key":"SMITH"},{"data":"Infernal Blade","floor":32,"key":"SMITH"}],"neow_cost":"NO_GOLD","seed_source_timestamp":27845261810275,"circlet_count":0,"master_deck":["Strike_R","Strike_R","Strike_R+1","Strike_R","Strike_R+1","Defend_R","Defend_R","Defend_R","Defend_R","Bash","Berserk+1","Carnage","Pommel Strike+1","Warcry+1","Fire Breathing","Combust","Rage","Burning Pact","Uppercut+1","Intimidate","Metallicize+1","Pommel Strike","Juggernaut","Rampage+1","Armaments+1","Whirlwind+1","Cleave+1","Corruption+1","Apotheosis+1","Disarm+1","Infernal Blade+1"],"relics":["Burning Blood","Pen Nib","Juzu Bracelet","Strawberry","Coffee Dripper","HandDrill","Whetstone","Red Mask"],"potions_floor_usage":[4,16,16,16,20,31,31,33],"damage_taken":[{"damage":9,"enemies":"Cultist","floor":1,"turns":3},{"damage":15,"enemies":"Small Slimes","floor":2,"turns":3},{"damage":0,"enemies":"2 Louse","floor":3,"turns":3},{"damage":11,"enemies":"Large Slime","floor":4,"turns":4},{"damage":10,"enemies":"Exordium Thugs","floor":5,"turns":3},{"damage":7,"enemies":"3 Louse","floor":7,"turns":3},{"damage":30,"enemies":"Gremlin Nob","floor":8,"turns":4},{"damage":36,"enemies":"Lagavulin","floor":10,"turns":5},{"damage":0,"enemies":"Looter","floor":11,"turns":1},{"damage":2,"enemies":"Blue Slaver","floor":13,"turns":3},{"damage":9,"enemies":"Exordium Wildlife","floor":14,"turns":4},{"damage":0,"enemies":"Hexaghost","floor":16,"turns":7},{"damage":16,"enemies":"Shell Parasite","floor":18,"turns":5},{"damage":32,"enemies":"2 Thieves","floor":19,"turns":4},{"damage":25,"enemies":"Shelled Parasite and Fungi","floor":20,"turns":5},{"damage":2,"enemies":"Cultist and Chosen","floor":21,"turns":4},{"damage":24,"enemies":"Sentry and Sphere","floor":22,"turns":4},{"damage":9,"enemies":"Centurion and Healer","floor":27,"turns":4},{"damage":3,"enemies":"Snecko","floor":29,"turns":3},{"damage":7,"enemies":"3 Cultists","floor":30,"turns":3},{"damage":6,"enemies":"Masked Bandits","floor":31,"turns":3},{"damage":23,"enemies":"Champ","floor":33,"turns":3}],"seed_played":"-4202212759088873405","potions_obtained":[{"floor":2,"key":"Poison Potion"},{"floor":3,"key":"Swift Potion"},{"floor":8,"key":"Strength Potion"},{"floor":10,"key":"EssenceOfSteel"},{"floor":14,"key":"SkillPotion"},{"floor":19,"key":"Weak Potion"},{"floor":22,"key":"Poison Potion"},{"floor":27,"key":"EssenceOfSteel"},{"floor":29,"key":"SpeedPotion"}],"is_trial":false,"path_per_floor":["M","M","M","M","M","R","M","E","T","E","M","R","M","M","R","B",null,"M","M","M","M","M","R","$","R","T","M","?","M","M","?","R","B"],"character_chosen":"IRONCLAD","items_purchased":["Apotheosis","HandDrill"],"campfire_rested":0,"item_purchase_floors":[24,24],"current_hp_per_floor":[77,68,74,69,65,65,64,40,40,17,23,23,27,24,24,30,87,77,51,32,36,18,18,18,18,18,15,15,18,17,17,17,0],"gold":118,"neow_bonus":"THREE_RARE_CARDS","is_prod":false,"is_daily":false,"chose_seed":false,"campfire_upgraded":6,"win_rate":0.0,"timestamp":1563532305,"path_taken":["M","M","M","M","M","R","M","E","T","E","M","R","M","M","R","BOSS","M","M","M","M","M","R","$","R","T","M","?","M","M","?","R","BOSS"],"build_version":"2019-07-05","purchased_purges":0,"victory":false,"max_hp_per_floor":[80,80,80,80,80,80,80,80,80,87,87,87,87,87,87,87,87,87,87,87,87,87,87,87,87,87,87,87,87,87,87,87,87],"card_choices":[{"not_picked":["Fiend Fire","Double Tap"],"picked":"Berserk","floor":0},{"not_picked":["Sword Boomerang","Shrug It Off"],"picked":"Carnage","floor":1},{"not_picked":["Cleave","Rage"],"picked":"Pommel Strike","floor":2},{"not_picked":["Clash","Sword Boomerang"],"picked":"Warcry","floor":3},{"not_picked":["Reckless Charge","Flex"],"picked":"Fire Breathing","floor":4},{"not_picked":["Flex","Armaments"],"picked":"Combust","floor":5},{"not_picked":["Inflame","Thunderclap"],"picked":"Rage","floor":7},{"not_picked":["Whirlwind","Second Wind"],"picked":"Burning Pact","floor":8},{"not_picked":["Anger","Seeing Red"],"picked":"Uppercut","floor":10},{"not_picked":["Pommel Strike","Clothesline"],"picked":"Intimidate","floor":11},{"not_picked":["Sever Soul","Hemokinesis"],"picked":"Metallicize","floor":13},{"not_picked":["Anger","Sword Boomerang"],"picked":"Pommel Strike","floor":14},{"not_picked":["Dark Embrace","Brutality"],"picked":"Juggernaut","floor":16},{"not_picked":["Corruption+1","Anger+1"],"picked":"Rampage+1","floor":18},{"not_picked":["Headbutt","Corruption"],"picked":"Armaments+1","floor":19},{"not_picked":["Second Wind+1","Clothesline"],"picked":"Whirlwind+1","floor":20},{"not_picked":["Body Slam","Reckless Charge"],"picked":"Cleave+1","floor":21},{"not_picked":["Perfected Strike+1","Combust"],"picked":"Corruption+1","floor":22},{"not_picked":["Sword Boomerang","True Grit"],"picked":"Disarm+1","floor":27},{"not_picked":["Headbutt","Flex+1","Iron Wave"],"picked":"SKIP","floor":29},{"not_picked":["Flex","Sword Boomerang","Anger"],"picked":"SKIP","floor":30},{"not_picked":["Blood for Blood","Clash"],"picked":"Infernal Blade","floor":31}],"player_experience":8887,"relics_obtained":[{"floor":8,"key":"Pen Nib"},{"floor":9,"key":"Juzu Bracelet"},{"floor":10,"key":"Strawberry"},{"floor":26,"key":"Whetstone"},{"floor":31,"key":"Red Mask"}],"event_choices":[{"damage_healed":0,"gold_gain":0,"player_choice":"Upgraded","damage_taken":0,"max_hp_gain":0,"max_hp_loss":0,"event_name":"Upgrade Shrine","floor":28,"gold_loss":0,"cards_upgraded":["Pommel Strike"]},{"damage_healed":0,"gold_gain":0,"player_choice":"Fought Bandits","damage_taken":0,"max_hp_gain":0,"max_hp_loss":0,"event_name":"Masked Bandits","floor":31,"gold_loss":0}],"is_beta":false,"boss_relics":[{"not_picked":["Cursed Key","Mark of Pain"],"picked":"Coffee Dripper"}],"items_purged_floors":[],"is_endless":false,"potions_floor_spawned":[2,3,8,10,14,19,22,27,29],"killed_by":"Champ","ascension_level":0}