{"gold_per_floor":[99,99,99,99,99,99,99,99,99,17,17,17,17,17,17,17],"floor_reached":16,"playtime":314,"items_purged":[],"score":95,"play_id":"93d04367-9dc2-47c5-9a1c-1a0febbb9b2e","local_time":"20190724194152","is_ascension_mode":true,"campfire_choices":[{"data":"Crippling Poison","floor":6,"key":"SMITH"},{"data":"Dash","floor":13,"key":"SMITH"},{"data":"Flying Knee","floor":15,"key":"SMITH"}],"neow_cost":"NONE","seed_source_timestamp":66121985326631,"circlet_count":0,"master_deck":["Strike_G","Strike_G","Strike_G","Strike_G+1","Strike_G+1","Defend_G","Defend_G","Defend_G","Defend_G","Defend_G","Survivor","Neutralize","Masterful Stab","Masterful Stab","Regret","Crippling Poison+1","Doubt","Dash+1","Acrobatics","Flying Knee+1"],"relics":["Ectoplasm","Ginger","Happy Flower","Whetstone","Omamori"],"potions_floor_usage":[11,11],"damage_taken":[{"damage":0,"enemies":"Jaw Worm","floor":1,"turns":5},{"damage":0,"enemies":"2 Louse","floor":2,"turns":2},{"damage":2,"enemies":"Cultist","floor":5,"turns":3},{"damage":12,"enemies":"Large Slime","floor":11,"turns":5},{"damage":5,"enemies":"Exordium Wildlife","floor":14,"turns":2},{"damage":54,"enemies":"The Guardian","floor":16,"turns":4}],"seed_played":"5969872695359452031","potions_obtained":[{"floor":2,"key":"AttackPotion"},{"floor":5,"key":"Regen Potion"}],"is_trial":false,"path_per_floor":["M","M","$","?","M","R","?","?","T","$","M","T","R","M","R","B"],"character_chosen":"THE_SILENT","items_purchased":["Dash"],"campfire_rested":0,"item_purchase_floors":[10],"current_hp_per_floor":[70,70,70,70,68,68,56,56,56,56,58,58,58,53,53,0],"gold":17,"neow_bonus":"BOSS_RELIC","is_prod":false,"is_daily":false,"chose_seed":false,"campfire_upgraded":3,"win_rate":0,"timestamp":1563990112,"path_taken":["M","M","$","?","M","R","?","?","T","$","M","?","R","M","R","BOSS"],"build_version":"2019-07-05","purchased_purges":0,"victory":false,"max_hp_per_floor":[70,70,70,70,70,70,70,70,70,70,70,70,70,70,70,70],"card_choices":[{"not_picked":["Acrobatics","Noxious Fumes"],"picked":"Masterful Stab","floor":1},{"not_picked":["PiercingWail","Sucker Punch"],"picked":"Masterful Stab","floor":2},{"not_picked":["Eviscerate","Poisoned Stab"],"picked":"Crippling Poison","floor":5},{"not_picked":["Reflex","Dodge and Roll"],"picked":"Acrobatics","floor":11},{"not_picked":["Blade Dance","Dodge and Roll"],"picked":"Flying Knee","floor":14}],"player_experience":125600,"relics_obtained":[{"floor":9,"key":"Whetstone"},{"floor":12,"key":"Omamori"}],"event_choices":[{"damage_healed":0,"gold_gain":0,"player_choice":"Box","damage_taken":0,"relics_obtained":["Ginger"],"max_hp_gain":0,"max_hp_loss":0,"event_name":"Big Fish","floor":4,"gold_loss":0,"cards_obtained":["Regret"]},{"damage_healed":0,"gold_gain":0,"player_choice":"Success","damage_taken":12,"relics_obtained":["Happy Flower"],"max_hp_gain":0,"max_hp_loss":0,"event_name":"Scrap Ooze","floor":7,"gold_loss":0},{"damage_healed":0,"gold_gain":175,"player_choice":"AGREE","damage_taken":0,"max_hp_gain":0,"max_hp_loss":0,"event_name":"Liars Game","floor":8,"gold_loss":0,"cards_obtained":["Doubt"]}],"is_beta":false,"boss_relics":[],"items_purged_floors":[],"is_endless":false,"potions_floor_spawned":[2,5],"killed_by":"The Guardian","ascension_level":1}