{"gold_per_floor":[110,285,301,301,261,292,292,325,350,369,381,391,391,64,64,163,163,175,191,191,211,311,311],"floor_reached":23,"playtime":1941,"items_purged":[],"score":241,"play_id":"1b7a81f5-9042-4c5e-bf81-dc53757a6af6","local_time":"20190618173903","is_ascension_mode":true,"campfire_choices":[{"floor":7,"key":"REST"},{"floor":13,"key":"REST"},{"floor":15,"key":"REST"}],"neow_cost":"NONE","seed_source_timestamp":1220799448755100,"circlet_count":0,"master_deck":["Strike_R+1","Strike_R","Strike_R+1","Strike_R","Strike_R","Defend_R","Defend_R","Defend_R","Defend_R","Bash","Flame Barrier","Doubt","Shrug It Off","Berserk","Iron Wave","Spot Weakness","Uppercut","Metallicize","Carnage","Bludgeon","Inflame","Dropkick","Rage","Twin Strike"],"relics":["Burning Blood","Potion Belt","Omamori","Singing Bowl","Red Skull","Matryoshka","Cursed Key","StoneCalendar","Kunai"],"potions_floor_usage":[6,6,8,10,21,23,23],"damage_taken":[{"damage":18,"enemies":"Jaw Worm","floor":1,"turns":4},{"damage":1,"enemies":"Small Slimes","floor":3,"turns":3},{"damage":71,"enemies":"Gremlin Nob","floor":6,"turns":8},{"damage":38,"enemies":"Lagavulin","floor":8,"turns":9},{"damage":0,"enemies":"2 Louse","floor":10,"turns":4},{"damage":0,"enemies":"Red Slaver","floor":11,"turns":5},{"damage":8,"enemies":"Exordium Wildlife","floor":12,"turns":4},{"damage":55,"enemies":"The Guardian","floor":16,"turns":12},{"damage":17,"enemies":"Shell Parasite","floor":18,"turns":7},{"damage":3,"enemies":"Chosen","floor":19,"turns":4},{"damage":18,"enemies":"Centurion and Healer","floor":21,"turns":5},{"damage":19,"enemies":"Colosseum Slavers","floor":22,"turns":4},{"damage":11,"enemies":"Colosseum Nobs","floor":22,"turns":5},{"damage":34,"enemies":"Gremlin Leader","floor":23,"turns":6}],"seed_played":"-7407769898540575024","potions_obtained":[{"floor":3,"key":"Block Potion"},{"floor":5,"key":"FairyPotion"},{"floor":5,"key":"GamblersBrew"},{"floor":5,"key":"Fruit Juice"},{"floor":8,"key":"Regen Potion"},{"floor":12,"key":"GamblersBrew"},{"floor":19,"key":"FearPotion"},{"floor":22,"key":"GamblersBrew"}],"is_trial":false,"path_per_floor":["M","?","M","?","?","E","R","E","T","M","M","M","R","$","R","B",null,"M","M","?","M","?","E"],"character_chosen":"IRONCLAD","items_purchased":["Matryoshka","Carnage"],"campfire_rested":3,"item_purchase_floors":[14,14],"current_hp_per_floor":[68,68,73,57,57,14,39,7,7,25,31,29,54,54,79,30,85,74,77,61,49,31,0],"gold":311,"neow_bonus":"RANDOM_COMMON_RELIC","is_prod":false,"is_daily":false,"chose_seed":false,"campfire_upgraded":0,"win_rate":0,"timestamp":1560875943,"path_taken":["M","?","M","?","?","E","R","E","T","?","M","M","R","?","R","BOSS","M","M","?","M","?","E"],"build_version":"2019-01-23","purchased_purges":0,"victory":false,"max_hp_per_floor":[80,80,80,80,80,85,85,85,85,85,85,85,85,85,85,85,85,85,85,90,90,90,90],"card_choices":[{"not_picked":["True Grit","Shrug It Off"],"picked":"Flame Barrier","floor":1},{"not_picked":["Havoc","Perfected Strike"],"picked":"Shrug It Off","floor":3},{"not_picked":["True Grit","Havoc"],"picked":"Berserk","floor":6},{"not_picked":["Sever Soul","Cleave"],"picked":"Iron Wave","floor":8},{"not_picked":["Headbutt","Armaments"],"picked":"Spot Weakness","floor":10},{"not_picked":["Twin Strike","Shockwave"],"picked":"Uppercut","floor":11},{"not_picked":["Hemokinesis","Warcry"],"picked":"Metallicize","floor":12},{"not_picked":["Berserk","Fiend Fire"],"picked":"Bludgeon","floor":16},{"not_picked":["Cleave","Flex"],"picked":"Inflame","floor":18},{"not_picked":["Pommel Strike","Rupture"],"picked":"Dropkick","floor":19},{"not_picked":["Bludgeon","Sword Boomerang"],"picked":"Rage","floor":21},{"not_picked":["Headbutt","Warcry"],"picked":"Twin Strike","floor":22}],"player_experience":772252,"relics_obtained":[{"floor":6,"key":"Omamori"},{"floor":8,"key":"Singing Bowl"},{"floor":9,"key":"Red Skull"},{"floor":22,"key":"StoneCalendar"},{"floor":22,"key":"Kunai"}],"event_choices":[{"damage_healed":0,"gold_gain":175,"player_choice":"AGREE","damage_taken":0,"max_hp_gain":0,"max_hp_loss":0,"event_name":"Liars Game","floor":2,"gold_loss":0,"cards_obtained":["Doubt"]},{"damage_healed":0,"gold_gain":0,"player_choice":"Entered Light","damage_taken":16,"max_hp_gain":0,"max_hp_loss":0,"event_name":"Shining Light","floor":4,"gold_loss":0,"cards_upgraded":["Strike_R","Strike_R"]},{"damage_healed":0,"gold_gain":0,"player_choice":"Bought 3 Potions","damage_taken":0,"max_hp_gain":0,"max_hp_loss":0,"event_name":"The Woman in Blue","floor":5,"gold_loss":0},{"damage_healed":0,"gold_gain":0,"player_choice":"Shed Blood","damage_taken":21,"max_hp_gain":5,"max_hp_loss":0,"event_name":"Forgotten Altar","floor":20,"gold_loss":0},{"damage_healed":0,"gold_gain":0,"player_choice":"Fight","damage_taken":0,"max_hp_gain":0,"max_hp_loss":0,"event_name":"Colosseum","floor":22,"gold_loss":0},{"damage_healed":0,"gold_gain":0,"player_choice":"Fought Nobs","damage_taken":0,"max_hp_gain":0,"max_hp_loss":0,"event_name":"Colosseum","floor":22,"gold_loss":0}],"is_beta":false,"boss_relics":[{"not_picked":["Tiny House","Eternal Feather"],"picked":"Cursed Key"}],"items_purged_floors":[],"is_endless":false,"potions_floor_spawned":[3,8,12,19,22],"killed_by":"Gremlin Leader","ascension_level":4}