{"gold_per_floor":[110,110,124,137,53,53,69,69,93,118,118,138,84,97,97,202,202,214,164,164,176,188,188,204,204,204,204,218,63,83,95,95,95],"floor_reached":33,"playtime":1852,"items_purged":[],"score":251,"play_id":"84d48956-ce93-4241-9c7c-afbec4034aa7","local_time":"20190709040706","is_ascension_mode":false,"campfire_choices":[{"data":"Anger","floor":6,"key":"SMITH"},{"data":"Searing Blow+1","floor":11,"key":"SMITH"},{"data":"Searing Blow+2","floor":15,"key":"SMITH"},{"data":"Armaments","floor":23,"key":"SMITH"},{"floor":25,"key":"REST"},{"data":"Searing Blow+3","floor":27,"key":"SMITH"},{"floor":32,"key":"REST"}],"neow_cost":"NONE","seed_source_timestamp":41079322963642,"circlet_count":0,"master_deck":["Strike_R","Strike_R","Strike_R","Strike_R","Strike_R+1","Defend_R","Defend_R","Bash+1","Iron Wave","Anger+1","Clash","Enlightenment","Searing Blow+4","Dropkick","Armaments+1","Shrug It Off","Thunderclap","Impervious","Clash","Wild Strike","Dropkick","Fire Breathing","Deep Breath","Pommel Strike+1"],"relics":["Burning Blood","Vajra","Whetstone","Empty Cage","Ornamental Fan"],"potions_floor_usage":[1,4,10,21,22,28,30],"damage_taken":[{"damage":3,"enemies":"Jaw Worm","floor":1,"turns":3},{"damage":1,"enemies":"Cultist","floor":3,"turns":3},{"damage":1,"enemies":"2 Louse","floor":4,"turns":2},{"damage":3,"enemies":"Exordium Thugs","floor":7,"turns":5},{"damage":22,"enemies":"3 Sentries","floor":10,"turns":5},{"damage":3,"enemies":"Red Slaver","floor":12,"turns":2},{"damage":3,"enemies":"Lots of Slimes","floor":14,"turns":4},{"damage":58,"enemies":"Hexaghost","floor":16,"turns":8},{"damage":12,"enemies":"Shell Parasite","floor":18,"turns":4},{"damage":0,"enemies":"2 Thieves","floor":21,"turns":4},{"damage":32,"enemies":"Snake Plant","floor":22,"turns":3},{"damage":17,"enemies":"Cultist and Chosen","floor":24,"turns":6},{"damage":17,"enemies":"Centurion and Healer","floor":28,"turns":6},{"damage":23,"enemies":"Snecko","floor":30,"turns":6},{"damage":28,"enemies":"Snake Plant","floor":31,"turns":5},{"damage":47,"enemies":"Collector","floor":33,"turns":5}],"seed_played":"-9109343373296081340","potions_obtained":[{"floor":0,"key":"FairyPotion"},{"floor":0,"key":"Dexterity Potion"},{"floor":0,"key":"Strength Potion"},{"floor":3,"key":"Poison Potion"},{"floor":12,"key":"Ancient Potion"},{"floor":14,"key":"GamblersBrew"},{"floor":21,"key":"FearPotion"},{"floor":28,"key":"BloodPotion"}],"is_trial":false,"path_per_floor":["M","?","M","M","$","R","M","?","T","E","R","M","$","M","R","B",null,"M","$","?","M","M","R","M","R","T","R","M","$","M","M","R","B"],"character_chosen":"IRONCLAD","items_purchased":["Enlightenment","Shrug It Off","Clash","Fire Breathing","Deep Breath"],"campfire_rested":2,"item_purchase_floors":[5,13,19,29,29],"current_hp_per_floor":[80,80,80,80,80,80,80,80,80,64,64,67,67,70,70,18,80,74,74,74,80,54,54,43,67,67,67,56,56,59,37,61,14],"gold":95,"neow_bonus":"THREE_SMALL_POTIONS","is_prod":false,"is_daily":false,"chose_seed":false,"campfire_upgraded":5,"win_rate":0.0,"timestamp":1562663226,"path_taken":["M","?","?","M","?","R","M","?","T","E","R","M","$","M","R","BOSS","M","$","?","M","M","R","M","R","T","R","M","?","M","M","R","BOSS"],"build_version":"2019-07-05","purchased_purges":0,"victory":false,"max_hp_per_floor":[80,80,80,80,80,80,80,80,80,80,80,80,80,80,80,80,80,80,80,80,80,80,80,80,80,80,80,80,80,80,80,80,80],"card_choices":[{"not_picked":["Havoc","Flex"],"picked":"Iron Wave","floor":1},{"not_picked":["Havoc","True Grit"],"picked":"Anger","floor":3},{"not_picked":["Uppercut","Power Through"],"picked":"Clash","floor":4},{"not_picked":["Infernal Blade","Wild Strike"],"picked":"Searing Blow","floor":7},{"not_picked":["Wild Strike","Blood for Blood"],"picked":"Dropkick","floor":10},{"not_picked":["Disarm","Clash"],"picked":"Armaments","floor":12},{"not_picked":["Warcry","Clash"],"picked":"Thunderclap","floor":14},{"not_picked":["Bludgeon","Exhume"],"picked":"Impervious","floor":16},{"not_picked":["Power Through","Burning Pact","Heavy Blade+1"],"picked":"SKIP","floor":18},{"not_picked":["Warcry","Havoc"],"picked":"Wild Strike","floor":21},{"not_picked":["Heavy Blade+1","Twin Strike","Bloodletting"],"picked":"SKIP","floor":22},{"not_picked":["Bloodletting","Clash"],"picked":"Dropkick","floor":24},{"not_picked":["Body Slam+1","Twin Strike","Reaper"],"picked":"SKIP","floor":28},{"not_picked":["Rupture","Warcry","Uppercut"],"picked":"SKIP","floor":30},{"not_picked":["Inflame","Uppercut"],"picked":"Pommel Strike+1","floor":31}],"player_experience":34099,"relics_obtained":[{"floor":9,"key":"Vajra"},{"floor":10,"key":"Whetstone"},{"floor":26,"key":"Ornamental Fan"}],"event_choices":[{"damage_healed":0,"gold_gain":0,"player_choice":"Forge","damage_taken":0,"max_hp_gain":0,"max_hp_loss":0,"event_name":"Accursed Blacksmith","floor":2,"gold_loss":0,"cards_upgraded":["Bash"]},{"damage_healed":0,"gold_gain":0,"player_choice":"Ignored","damage_taken":0,"max_hp_gain":0,"max_hp_loss":0,"event_name":"Liars Game","floor":8,"gold_loss":0},{"damage_healed":0,"gold_gain":0,"player_choice":"Ignored","damage_taken":0,"max_hp_gain":0,"max_hp_loss":0,"event_name":"Transmorgrifier","floor":20,"gold_loss":0}],"is_beta":false,"boss_relics":[{"not_picked":["Coffee Dripper","Fusion Hammer"],"picked":"Empty Cage"}],"items_purged_floors":[],"is_endless":false,"potions_floor_spawned":[3,12,14,21,28],"killed_by":"Collector","ascension_level":0}