{"gold_per_floor":[16,16,36,1,14,45,59,59],"floor_reached":8,"playtime":389,"items_purged":[],"score":58,"play_id":"2410de4d-e8a4-4a3a-a584-a3744bb5fcc2","local_time":"20190720180048","is_ascension_mode":false,"campfire_choices":[],"neow_cost":"NO_GOLD","seed_source_timestamp":496116175527001,"circlet_count":0,"master_deck":["Strike_G","Strike_G","Strike_G","Strike_G","Strike_G","Defend_G","Defend_G","Defend_G","Defend_G","Defend_G","Survivor","Neutralize","Backflip","Bane","A Thousand Cuts"],"relics":["Ring of the Snake","Golden Idol","Meat on the Bone"],"potions_floor_usage":[6,8],"damage_taken":[{"damage":2,"enemies":"Jaw Worm","floor":1,"turns":8},{"damage":0,"enemies":"Small Slimes","floor":3,"turns":4},{"damage":1,"enemies":"2 Louse","floor":5,"turns":3},{"damage":40,"enemies":"Lagavulin","floor":6,"turns":8},{"damage":16,"enemies":"Lots of Slimes","floor":7,"turns":4},{"damage":41,"enemies":"Gremlin Nob","floor":8,"turns":4}],"seed_played":"5100911098814134837","potions_obtained":[{"floor":5,"key":"Strength Potion"},{"floor":7,"key":"Energy Potion"}],"is_trial":false,"path_per_floor":["M","?","M","?","M","E","M","E"],"character_chosen":"THE_SILENT","items_purchased":[],"campfire_rested":0,"item_purchase_floors":[],"current_hp_per_floor":[82,61,61,82,81,41,37,0],"gold":59,"neow_bonus":"TWENTY_PERCENT_HP_BONUS","is_prod":false,"is_daily":false,"chose_seed":false,"campfire_upgraded":0,"win_rate":0.0,"timestamp":1563660048,"path_taken":["M","?","M","?","M","E","M","E"],"build_version":"2019-07-17","purchased_purges":0,"victory":false,"max_hp_per_floor":[84,84,84,84,84,84,84,84],"card_choices":[{"not_picked":["Blade Dance","Slice"],"picked":"Backflip","floor":1},{"not_picked":["Quick Slash","Endless Agony"],"picked":"Bane","floor":3},{"not_picked":["Deflect","Reflex","Slice"],"picked":"SKIP","floor":5},{"not_picked":["Distraction","Flying Knee"],"picked":"A Thousand Cuts","floor":6},{"not_picked":["Tactician","Dagger Throw","Deflect"],"picked":"SKIP","floor":7}],"player_experience":52544,"relics_obtained":[{"floor":6,"key":"Meat on the Bone"}],"event_choices":[{"damage_healed":0,"gold_gain":0,"player_choice":"Take Damage","damage_taken":21,"relics_obtained":["Golden Idol"],"max_hp_gain":0,"max_hp_loss":0,"event_name":"Golden Idol","floor":2,"gold_loss":0},{"damage_healed":21,"gold_gain":0,"player_choice":"Healed","damage_taken":0,"max_hp_gain":0,"max_hp_loss":0,"event_name":"The Cleric","floor":4,"gold_loss":35}],"is_beta":false,"boss_relics":[],"items_purged_floors":[],"is_endless":false,"potions_floor_spawned":[5,7],"killed_by":"Gremlin Nob","ascension_level":0}