{"gold_per_floor":[119,136,151,76,76,76,110,120,146,146,60,73,73,73,73,178,178,195,229,55,66,165,193,38,38,38,57,73,73,86,99,99,197,197,215,175,50,63,78,78,78,78,127,156,167,187,204,224,224,224],"floor_reached":50,"playtime":2295,"items_purged":["Dualcast","Strike_B"],"score":546,"play_id":"b3035cca-1adb-4bc6-8446-77f80974b0c6","local_time":"20190723193638","is_ascension_mode":false,"campfire_choices":[{"floor":6,"key":"RECALL"},{"floor":10,"key":"REST"},{"data":"Zap","floor":13,"key":"SMITH"},{"data":"Go for the Eyes","floor":15,"key":"SMITH"},{"floor":32,"key":"REST"},{"data":"Turbo","floor":40,"key":"SMITH"},{"data":"Hologram","floor":42,"key":"SMITH"},{"data":"Reboot","floor":49,"key":"SMITH"}],"neow_cost":"NONE","seed_source_timestamp":96177151309894,"circlet_count":0,"master_deck":["Defend_B","Defend_B","Defend_B+1","Defend_B+1","Zap+1","Gash","Sweeping Beam","Go for the Eyes+1","Machine Learning","Reprogram","Gash+1","Turbo+1","Streamline","Stack+1","Chill","Ghostly","Ghostly","Ghostly","Ghostly","Ghostly","Beam Cell+1","Hologram+1","Reboot+1","Streamline+1","Hologram+1","Streamline","Beam Cell","Sweeping Beam+1","Sweeping Beam+1","Steam","Fission","Hologram+1","Turbo","Gash"],"relics":["Cracked Core","NeowsBlessing","PreservedInsect","War Paint","Letter Opener","Empty Cage","Red Mask","Shovel","Boot","Dodecahedron","Matryoshka","Eternal Feather","Blue Candle","Juzu Bracelet","Art of War"],"potions_floor_usage":[7,7,16,19,30,33,33,50,50],"damage_taken":[{"damage":0,"enemies":"2 Louse","floor":1,"turns":1},{"damage":0,"enemies":"Jaw Worm","floor":2,"turns":1},{"damage":0,"enemies":"Cultist","floor":3,"turns":1},{"damage":11,"enemies":"3 Sentries","floor":7,"turns":7},{"damage":9,"enemies":"Large Slime","floor":8,"turns":6},{"damage":10,"enemies":"Looter","floor":12,"turns":3},{"damage":31,"enemies":"Slime Boss","floor":16,"turns":10},{"damage":0,"enemies":"Shell Parasite","floor":18,"turns":7},{"damage":38,"enemies":"Masked Bandits","floor":19,"turns":5},{"damage":10,"enemies":"Spheric Guardian","floor":21,"turns":4},{"damage":24,"enemies":"Slavers","floor":23,"turns":5},{"damage":0,"enemies":"Chosen and Byrds","floor":27,"turns":8},{"damage":0,"enemies":"Shelled Parasite and Fungi","floor":28,"turns":7},{"damage":0,"enemies":"3 Cultists","floor":30,"turns":5},{"damage":1,"enemies":"Cultist and Chosen","floor":31,"turns":7},{"damage":6,"enemies":"Automaton","floor":33,"turns":12},{"damage":2,"enemies":"3 Shapes","floor":35,"turns":5},{"damage":3,"enemies":"Orb Walker","floor":38,"turns":3},{"damage":24,"enemies":"Spire Growth","floor":39,"turns":5},{"damage":0,"enemies":"Reptomancer","floor":44,"turns":4},{"damage":10,"enemies":"Jaw Worm Horde","floor":45,"turns":4},{"damage":2,"enemies":"Writhing Mass","floor":46,"turns":8},{"damage":0,"enemies":"4 Shapes","floor":47,"turns":4},{"damage":0,"enemies":"Jaw Worm Horde","floor":48,"turns":3},{"damage":48,"enemies":"Awakened One","floor":50,"turns":9}],"seed_played":"-3566780242974767906","potions_obtained":[{"floor":1,"key":"Block Potion"},{"floor":2,"key":"SkillPotion"},{"floor":12,"key":"Fruit Juice"},{"floor":16,"key":"FearPotion"},{"floor":18,"key":"Regen Potion"},{"floor":27,"key":"SmokeBomb"},{"floor":28,"key":"EssenceOfSteel"},{"floor":31,"key":"Poison Potion"},{"floor":46,"key":"Fire Potion"},{"floor":47,"key":"EssenceOfSteel"}],"is_trial":false,"path_per_floor":["M","M","M","$","?","R","E","M","T","R","?","M","R","$","R","B",null,"M","?","$","M","?","E","$","?","T","M","M","T","M","M","R","B",null,"M","?","$","M","M","R","?","R","T","E","M","M","M","M","R","B"],"character_chosen":"DEFECT","items_purchased":["Turbo","Streamline","Boot","Hologram","Streamline","Beam Cell"],"campfire_rested":2,"item_purchase_floors":[20,20,24,37,37,37],"current_hp_per_floor":[75,75,75,75,72,72,61,52,52,74,74,64,64,64,64,38,80,80,51,51,41,41,17,17,17,17,17,17,17,17,16,28,22,40,38,38,38,35,11,29,29,40,40,40,30,28,28,28,40,0],"gold":224,"neow_bonus":"THREE_ENEMY_KILL","is_prod":false,"is_daily":false,"chose_seed":false,"campfire_upgraded":5,"win_rate":0,"timestamp":1563924998,"path_taken":["M","M","M","$","?","R","E","M","T","R","?","?","R","$","R","BOSS","M","?","$","M","?","E","$","?","T","M","M","?","M","M","R","BOSS","M","?","$","?","M","R","?","R","T","E","M","M","M","M","R","BOSS"],"build_version":"2019-07-17","purchased_purges":2,"victory":false,"max_hp_per_floor":[75,75,75,75,75,75,75,75,75,75,75,75,75,75,75,80,80,80,80,80,80,80,80,80,40,40,40,40,40,40,40,40,40,40,40,40,40,40,40,40,40,40,40,40,40,40,40,40,40,40],"card_choices":[{"not_picked":["Force Field","Hologram"],"picked":"Gash","floor":1},{"not_picked":["Hologram","Defragment"],"picked":"Sweeping Beam","floor":2},{"not_picked":["Fusion","Rebound"],"picked":"Go for the Eyes","floor":3},{"not_picked":["Stack","Electrodynamics","Chaos"],"picked":"SKIP","floor":7},{"not_picked":["Darkness","Redo","Hello World"],"picked":"SKIP","floor":8},{"not_picked":["Conserve Battery","Ball Lightning","Stack"],"picked":"SKIP","floor":12},{"not_picked":["Hyperbeam","Electrodynamics"],"picked":"Machine Learning","floor":16},{"not_picked":["Force Field+1","Consume"],"picked":"Reprogram","floor":18},{"not_picked":["Double Energy","Rip and Tear+1"],"picked":"Gash+1","floor":19},{"not_picked":["Ball Lightning","Rebound"],"picked":"Stack+1","floor":21},{"not_picked":["Rip and Tear+1","Ball Lightning"],"picked":"Chill","floor":23},{"not_picked":["Blizzard+1","Undo"],"picked":"Beam Cell+1","floor":27},{"not_picked":["Fusion","Amplify","Tempest"],"picked":"SKIP","floor":28},{"not_picked":["Auto Shields","Conserve Battery+1","Glacier"],"picked":"SKIP","floor":30},{"not_picked":["Self Repair","Redo"],"picked":"Hologram","floor":31},{"not_picked":["Multi-Cast","Fission"],"picked":"Reboot","floor":33},{"not_picked":["Compile Driver","Rebound"],"picked":"Streamline+1","floor":35},{"not_picked":["Double Energy","Consume+1"],"picked":"Sweeping Beam+1","floor":38},{"not_picked":["Melter+1","Cold Snap"],"picked":"Sweeping Beam+1","floor":39},{"not_picked":["White Noise","Barrage","Sweeping Beam"],"picked":"SKIP","floor":44},{"not_picked":["Conserve Battery","Cold Snap"],"picked":"Fission","floor":45},{"not_picked":["Compile Driver","Go for the Eyes+1"],"picked":"Hologram+1","floor":46},{"not_picked":["Redo+1","Undo"],"picked":"Turbo","floor":47},{"not_picked":["Static Discharge","Leap+1"],"picked":"Gash","floor":48}],"player_experience":114799,"relics_obtained":[{"floor":7,"key":"War Paint"},{"floor":19,"key":"Red Mask"},{"floor":23,"key":"Shovel"},{"floor":26,"key":"Dodecahedron"},{"floor":29,"key":"Matryoshka"},{"floor":43,"key":"Blue Candle"},{"floor":43,"key":"Juzu Bracelet"},{"floor":44,"key":"Art of War"}],"event_choices":[{"damage_healed":0,"gold_gain":0,"player_choice":"Success","damage_taken":3,"relics_obtained":["PreservedInsect"],"max_hp_gain":0,"max_hp_loss":0,"event_name":"Scrap Ooze","floor":5,"gold_loss":0},{"damage_healed":0,"gold_gain":0,"player_choice":"Paid Gold","damage_taken":0,"relics_obtained":["Letter Opener"],"max_hp_gain":0,"max_hp_loss":0,"event_name":"WeMeetAgain","floor":11,"gold_loss":86},{"damage_healed":0,"gold_gain":0,"player_choice":"Fought Bandits","damage_taken":0,"max_hp_gain":0,"max_hp_loss":0,"event_name":"Masked Bandits","floor":19,"gold_loss":0},{"damage_healed":0,"gold_gain":99,"player_choice":"Stole From Cult","damage_taken":0,"max_hp_gain":0,"max_hp_loss":0,"event_name":"Nest","floor":22,"gold_loss":0},{"damage_healed":0,"gold_gain":0,"player_choice":"Became a Ghost","damage_taken":0,"max_hp_gain":0,"max_hp_loss":40,"event_name":"Ghosts","floor":25,"gold_loss":0,"cards_obtained":["Ghostly","Ghostly","Ghostly","Ghostly","Ghostly"]},{"damage_healed":0,"gold_gain":0,"player_choice":"Upgrade","damage_taken":0,"max_hp_gain":0,"max_hp_loss":0,"event_name":"Designer","floor":36,"gold_loss":40,"cards_upgraded":["Hologram"]},{"damage_healed":0,"gold_gain":0,"cards_transformed":["Strike_B"],"player_choice":"Transformed","damage_taken":0,"max_hp_gain":0,"max_hp_loss":0,"event_name":"Transmorgrifier","floor":41,"gold_loss":0,"cards_obtained":["Steam"]}],"is_beta":false,"boss_relics":[{"not_picked":["Coffee Dripper","Inserter"],"picked":"Empty Cage"},{"not_picked":["Snecko Eye","Philosopher\u0027s Stone"],"picked":"Eternal Feather"}],"items_purged_floors":[4,20],"is_endless":false,"potions_floor_spawned":[1,2,12,16,18,27,28,31,46,47],"killed_by":"Awakened One","ascension_level":0}