{"gold_per_floor":[115,125,300,300,79,79,90,109,109,142,242,242,255,289,289,289],"floor_reached":16,"playtime":778,"items_purged":["Strike_R"],"score":171,"play_id":"fa18f170-54a3-4b65-9b0d-d3b8e2c434b3","local_time":"20190725091919","is_ascension_mode":true,"campfire_choices":[{"data":"1","floor":6,"key":"LIFT"},{"floor":15,"key":"REST"}],"neow_cost":"NONE","seed_source_timestamp":1209492610615400,"circlet_count":0,"master_deck":["AscendersBane","Strike_R","Strike_R","Strike_R","Strike_R","Defend_R","Defend_R","Defend_R","Defend_R","Bash","Feel No Pain","Heavy Blade","Rage","Shrug It Off","Headbutt","Flex","Warcry"],"relics":["Burning Blood","NeowsBlessing","Girya","Juzu Bracelet","Turnip","Bag of Marbles","Omamori"],"potions_floor_usage":[10,13],"damage_taken":[{"damage":0,"enemies":"Cultist","floor":1,"turns":1},{"damage":0,"enemies":"Jaw Worm","floor":2,"turns":1},{"damage":0,"enemies":"2 Louse","floor":7,"turns":1},{"damage":11,"enemies":"Blue Slaver","floor":8,"turns":5},{"damage":26,"enemies":"3 Sentries","floor":10,"turns":10},{"damage":0,"enemies":"Exordium Wildlife","floor":13,"turns":3},{"damage":35,"enemies":"Lagavulin","floor":14,"turns":6},{"damage":53,"enemies":"Hexaghost","floor":16,"turns":9}],"seed_played":"-6408723724793511708","potions_obtained":[{"floor":1,"key":"GamblersBrew"},{"floor":7,"key":"SkillPotion"},{"floor":10,"key":"PowerPotion"}],"is_trial":false,"path_per_floor":["M","M","?","?","$","R","M","M","T","E","?","?","M","E","R","B"],"character_chosen":"IRONCLAD","items_purchased":["Juzu Bracelet"],"campfire_rested":1,"item_purchase_floors":[5],"current_hp_per_floor":[78,80,80,80,80,80,80,75,75,55,55,48,54,25,49,0],"gold":289,"neow_bonus":"THREE_ENEMY_KILL","is_prod":false,"is_daily":false,"chose_seed":false,"campfire_upgraded":0,"win_rate":0,"timestamp":1564042759,"path_taken":["M","M","?","?","$","R","M","M","T","E","?","?","M","E","R","BOSS"],"build_version":"2019-07-17","purchased_purges":1,"victory":false,"max_hp_per_floor":[80,80,80,80,80,80,80,80,80,80,80,80,80,80,80,80],"card_choices":[{"not_picked":["Blood for Blood","Havoc"],"picked":"Feel No Pain","floor":1},{"not_picked":["Sword Boomerang","Twin Strike"],"picked":"Heavy Blade","floor":2},{"not_picked":["Fire Breathing","Pummel"],"picked":"Rage","floor":7},{"not_picked":["Headbutt","Thunderclap"],"picked":"Shrug It Off","floor":8},{"not_picked":["Uppercut","Wild Strike"],"picked":"Headbutt","floor":10},{"not_picked":["Berserk","Havoc"],"picked":"Flex","floor":13},{"not_picked":["True Grit","Heavy Blade"],"picked":"Warcry","floor":14}],"player_experience":1083815,"relics_obtained":[{"floor":9,"key":"Turnip"},{"floor":10,"key":"Bag of Marbles"},{"floor":14,"key":"Omamori"}],"event_choices":[{"damage_healed":0,"gold_gain":175,"player_choice":"AGREE","damage_taken":0,"max_hp_gain":0,"max_hp_loss":0,"event_name":"Liars Game","floor":3,"gold_loss":0,"cards_obtained":["Doubt"]},{"damage_healed":0,"gold_gain":0,"player_choice":"Gave Potion","damage_taken":0,"relics_obtained":["Girya"],"max_hp_gain":0,"max_hp_loss":0,"event_name":"WeMeetAgain","floor":4,"gold_loss":0},{"damage_healed":0,"gold_gain":100,"player_choice":"Pray","damage_taken":0,"max_hp_gain":0,"max_hp_loss":0,"event_name":"Golden Shrine","floor":11,"gold_loss":0},{"cards_removed":["Doubt"],"damage_healed":0,"gold_gain":0,"player_choice":"Card Removal","damage_taken":7,"max_hp_gain":0,"max_hp_loss":0,"event_name":"Golden Wing","floor":12,"gold_loss":0}],"is_beta":false,"boss_relics":[],"items_purged_floors":[5],"is_endless":false,"potions_floor_spawned":[1,7,10],"killed_by":"Hexaghost","ascension_level":11}