{"gold_per_floor":[114,114,130,130,40,76,151,151,151,0,19,19,60,85,85,85],"floor_reached":16,"playtime":1162,"items_purged":[],"score":167,"play_id":"69c95713-58af-428a-b92b-c41856621e9d","local_time":"20190719084813","is_ascension_mode":true,"campfire_choices":[{"floor":8,"key":"REST"},{"floor":12,"key":"REST"},{"floor":15,"key":"REST"}],"neow_cost":"NONE","seed_source_timestamp":688839367618200,"circlet_count":0,"master_deck":["AscendersBane","Strike_R","Strike_R+1","Strike_R","Strike_R","Strike_R+1","Defend_R","Defend_R","Defend_R","Defend_R","Bash","Cleave","Iron Wave","Bandage Up","Battle Trance","Havoc","Intimidate","Havoc","Shrug It Off","Clothesline","Power Through"],"relics":["Burning Blood","Dream Catcher","Golden Idol","Meat on the Bone","Ornamental Fan","Pen Nib","Centennial Puzzle"],"potions_floor_usage":[13,13,16],"damage_taken":[{"damage":17,"enemies":"Cultist","floor":1,"turns":6},{"damage":14,"enemies":"Jaw Worm","floor":3,"turns":3},{"damage":25,"enemies":"3 Sentries","floor":6,"turns":10},{"damage":11,"enemies":"2 Louse","floor":11,"turns":2},{"damage":58,"enemies":"Gremlin Nob","floor":13,"turns":5},{"damage":8,"enemies":"Looter","floor":14,"turns":4},{"damage":82,"enemies":"Slime Boss","floor":16,"turns":12}],"seed_played":"-6958317325164229767","potions_obtained":[{"floor":6,"key":"Poison Potion"},{"floor":11,"key":"EssenceOfSteel"},{"floor":13,"key":"SpeedPotion"},{"floor":14,"key":"Fruit Juice"}],"is_trial":false,"path_per_floor":["M","?","M","?","$","E","?","R","T","$","M","R","E","M","R","B"],"character_chosen":"IRONCLAD","items_purchased":["Bandage Up","Pen Nib"],"campfire_rested":3,"item_purchase_floors":[5,10],"current_hp_per_floor":[61,45,37,37,37,22,11,33,33,33,44,66,30,44,66,0],"gold":85,"neow_bonus":"RANDOM_COMMON_RELIC","is_prod":false,"is_daily":false,"chose_seed":false,"campfire_upgraded":0,"win_rate":0,"timestamp":1563522493,"path_taken":["M","?","M","?","?","E","?","R","T","?","?","R","E","M","R","BOSS"],"build_version":"2019-07-17","purchased_purges":0,"victory":false,"max_hp_per_floor":[80,80,80,74,74,74,74,74,74,74,74,74,74,74,74,79],"card_choices":[{"not_picked":["True Grit","Heavy Blade"],"picked":"Cleave","floor":1},{"not_picked":["Anger","Perfected Strike"],"picked":"Iron Wave","floor":3},{"not_picked":["Rupture","Clothesline"],"picked":"Battle Trance","floor":6},{"not_picked":["Perfected Strike","Brutality"],"picked":"Havoc","floor":8},{"not_picked":["Flex","Havoc"],"picked":"Intimidate","floor":11},{"not_picked":["Heavy Blade","Headbutt"],"picked":"Havoc","floor":12},{"not_picked":["Cleave","Double Tap"],"picked":"Shrug It Off","floor":13},{"not_picked":["Pommel Strike","Cleave"],"picked":"Clothesline","floor":14},{"not_picked":["Clothesline","Combust"],"picked":"Power Through","floor":15}],"player_experience":1058212,"relics_obtained":[{"floor":6,"key":"Meat on the Bone"},{"floor":9,"key":"Ornamental Fan"},{"floor":13,"key":"Centennial Puzzle"}],"event_choices":[{"damage_healed":0,"gold_gain":0,"player_choice":"Entered Light","damage_taken":16,"max_hp_gain":0,"max_hp_loss":0,"event_name":"Shining Light","floor":2,"gold_loss":0,"cards_upgraded":["Strike_R","Strike_R"]},{"damage_healed":0,"gold_gain":0,"player_choice":"Lose Max HP","damage_taken":0,"relics_obtained":["Golden Idol"],"max_hp_gain":0,"max_hp_loss":6,"event_name":"Golden Idol","floor":4,"gold_loss":0},{"damage_healed":0,"gold_gain":75,"player_choice":"Gather Gold","damage_taken":11,"max_hp_gain":0,"max_hp_loss":0,"event_name":"World of Goop","floor":7,"gold_loss":0}],"is_beta":false,"boss_relics":[],"items_purged_floors":[],"is_endless":false,"potions_floor_spawned":[6,11,13,14],"killed_by":"Slime Boss","ascension_level":11}