{"gold_per_floor":[113,43,58,72,92,122,122,122,122,122,135,135,151,171,171,266,266,286,286,306,317,327,362,105,105,182,182,182,200,235,251,251,352,352,368,288,307,18,0,0,19,37,64,84,84,84],"floor_reached":46,"playtime":1495,"items_purged":["Strike_R+1","Defend_R+1","Strike_R+1"],"score":516,"play_id":"f80d1389-aa61-4cfe-8ee7-8b71d96c746a","local_time":"20190118220104","is_ascension_mode":true,"campfire_choices":[{"data":"Carnage","floor":8,"key":"SMITH"},{"data":"Cleave","floor":10,"key":"SMITH"},{"data":"Heavy Blade","floor":12,"key":"SMITH"},{"data":"Inflame","floor":15,"key":"SMITH"},{"data":"Inflame","floor":25,"key":"SMITH"},{"data":"Secret Weapon","floor":32,"key":"SMITH"},{"data":"Demon Form","floor":40,"key":"SMITH"},{"data":"Warcry","floor":45,"key":"SMITH"}],"neow_cost":"NONE","seed_source_timestamp":782833227854190,"circlet_count":0,"master_deck":["Strike_R+1","Strike_R+1","Strike_R+1","Defend_R+1","Defend_R+1","Defend_R+1","Bash+1","Heavy Blade+1","Carnage+1","Cleave+1","Rupture","Inflame+1","Metallicize","Impervious","Warcry+1","Battle Trance","Flex+1","Infernal Blade","Inflame+1","Secret Weapon+1","Heavy Blade+1","Berserk","Heavy Blade+1","Demon Form+1","Inflame","Warcry+1"],"relics":["Burning Blood","Meat on the Bone","The Courier","Gremlin Horn","Coffee Dripper","Shuriken","Ornamental Fan","Pen Nib","Philosopher\u0027s Stone","Red Mask","Dream Catcher"],"potions_floor_usage":[16,23,33,33,46],"damage_taken":[{"damage":5,"enemies":"Small Slimes","floor":1,"turns":4},{"damage":6,"enemies":"Cultist","floor":3,"turns":3},{"damage":11,"enemies":"Jaw Worm","floor":4,"turns":2},{"damage":5,"enemies":"Looter","floor":5,"turns":2},{"damage":27,"enemies":"Gremlin Nob","floor":6,"turns":4},{"damage":21,"enemies":"Red Slaver","floor":11,"turns":4},{"damage":0,"enemies":"2 Fungi Beasts","floor":13,"turns":2},{"damage":0,"enemies":"Large Slime","floor":14,"turns":2},{"damage":46,"enemies":"Hexaghost","floor":16,"turns":9},{"damage":12,"enemies":"Shell Parasite","floor":18,"turns":4},{"damage":10,"enemies":"2 Thieves","floor":20,"turns":4},{"damage":5,"enemies":"Snecko","floor":21,"turns":3},{"damage":26,"enemies":"Shelled Parasite and Fungi","floor":22,"turns":5},{"damage":27,"enemies":"Book of Stabbing","floor":23,"turns":4},{"damage":5,"enemies":"Snake Plant","floor":29,"turns":3},{"damage":0,"enemies":"Gremlin Leader","floor":30,"turns":4},{"damage":7,"enemies":"Sentry and Sphere","floor":31,"turns":3},{"damage":32,"enemies":"Collector","floor":33,"turns":7},{"damage":7,"enemies":"Orb Walker","floor":35,"turns":2},{"damage":32,"enemies":"3 Shapes","floor":37,"turns":2},{"damage":15,"enemies":"3 Darklings","floor":41,"turns":3},{"damage":35,"enemies":"Spire Growth","floor":42,"turns":4},{"damage":6,"enemies":"Jaw Worm Horde","floor":44,"turns":4},{"damage":59,"enemies":"Nemesis","floor":46,"turns":4}],"seed_played":"-5770223374880553402","potions_obtained":[{"floor":1,"key":"Block Potion"},{"floor":3,"key":"Poison Potion"},{"floor":4,"key":"Energy Potion"},{"floor":13,"key":"PowerPotion"},{"floor":16,"key":"Weak Potion"},{"floor":23,"key":"SkillPotion"},{"floor":41,"key":"GamblersBrew"},{"floor":42,"key":"FearPotion"}],"is_trial":false,"path_per_floor":["M","$","M","M","M","E","?","R","T","R","M","R","M","M","R","B",null,"M","?","M","M","M","E","$","R","T","?","?","M","E","M","R","B",null,"M","$","M","$","?","R","M","M","T","M","R","E"],"character_chosen":"IRONCLAD","items_purchased":["Carnage","Inflame","Secret Weapon","Demon Form","Inflame"],"campfire_rested":0,"item_purchase_floors":[2,24,24,38,38],"current_hp_per_floor":[80,80,80,75,76,55,55,55,55,55,52,52,58,64,64,36,80,74,74,70,71,51,42,42,42,42,42,42,55,61,60,60,46,80,79,79,53,53,53,53,56,39,39,51,51,0],"gold":84,"neow_bonus":"UPGRADE_CARD","is_prod":false,"is_daily":false,"chose_seed":false,"campfire_upgraded":8,"win_rate":0,"timestamp":1547845264,"path_taken":["M","$","M","M","M","E","?","R","T","R","M","R","M","?","R","BOSS","M","?","M","M","M","E","$","R","T","?","?","M","E","M","R","BOSS","M","?","M","$","?","R","M","M","T","M","R","E"],"build_version":"2019-01-17v2","purchased_purges":3,"victory":false,"max_hp_per_floor":[80,80,80,80,80,80,80,80,80,80,80,80,80,80,80,80,80,80,80,80,80,80,80,80,80,80,80,80,80,80,80,80,80,80,80,80,80,80,80,80,80,80,80,80,80,80],"card_choices":[{"not_picked":["Sentinel","Havoc"],"picked":"Heavy Blade","floor":1},{"not_picked":["Rupture","Evolve"],"picked":"Cleave","floor":3},{"not_picked":["Carnage","Cleave","Heavy Blade"],"picked":"SKIP","floor":4},{"not_picked":["Headbutt","Twin Strike"],"picked":"Thunderclap","floor":5},{"not_picked":["Clothesline","Intimidate"],"picked":"Rupture","floor":6},{"not_picked":["Anger","Havoc","Entrench"],"picked":"SKIP","floor":11},{"not_picked":["Thunderclap","Cleave"],"picked":"Inflame","floor":13},{"not_picked":["Twin Strike","Dropkick"],"picked":"Metallicize","floor":14},{"not_picked":["Bludgeon","Juggernaut"],"picked":"Impervious","floor":16},{"not_picked":["Entrench","Pommel Strike"],"picked":"Warcry","floor":18},{"not_picked":["Rage","Headbutt"],"picked":"Battle Trance","floor":20},{"not_picked":["Thunderclap+1","Headbutt"],"picked":"Flex","floor":21},{"not_picked":["Heavy Blade","Pommel Strike"],"picked":"Infernal Blade","floor":22},{"not_picked":["Berserk","Shockwave","Anger+1"],"picked":"SKIP","floor":23},{"not_picked":["Clash","Twin Strike"],"picked":"Heavy Blade+1","floor":29},{"not_picked":["Inflame","Perfected Strike","Burning Pact"],"picked":"SKIP","floor":30},{"not_picked":["Searing Blow+1","Havoc","Heavy Blade+1"],"picked":"SKIP","floor":31},{"not_picked":["Exhume","Dark Embrace"],"picked":"Berserk","floor":33},{"not_picked":["Shrug It Off+1","Thunderclap+1"],"picked":"Heavy Blade+1","floor":35},{"not_picked":["Headbutt+1","Fire Breathing","Body Slam+1"],"picked":"SKIP","floor":37},{"not_picked":["Burning Pact+1","Bloodletting"],"picked":"Warcry+1","floor":41},{"not_picked":["True Grit","Whirlwind","Thunderclap"],"picked":"SKIP","floor":42},{"not_picked":["Rupture","True Grit","Warcry"],"picked":"SKIP","floor":44}],"player_experience":125144,"relics_obtained":[{"floor":6,"key":"Meat on the Bone"},{"floor":9,"key":"Gremlin Horn"},{"floor":23,"key":"Shuriken"},{"floor":26,"key":"Ornamental Fan"},{"floor":30,"key":"Pen Nib"},{"floor":43,"key":"Dream Catcher"}],"event_choices":[{"cards_removed":["Thunderclap"],"damage_healed":0,"gold_gain":0,"player_choice":"Gave Card","damage_taken":0,"relics_obtained":["The Courier"],"max_hp_gain":0,"max_hp_loss":0,"event_name":"WeMeetAgain","floor":7,"gold_loss":0},{"damage_healed":0,"gold_gain":0,"player_choice":"Simplicity","damage_taken":0,"max_hp_gain":0,"max_hp_loss":0,"event_name":"Back to Basics","floor":19,"gold_loss":0,"cards_upgraded":["Strike_R","Strike_R","Strike_R","Strike_R","Strike_R","Defend_R","Defend_R","Defend_R","Defend_R"]},{"damage_healed":0,"gold_gain":0,"player_choice":"Ignored","damage_taken":0,"max_hp_gain":0,"max_hp_loss":0,"event_name":"Ghosts","floor":27,"gold_loss":0},{"damage_healed":0,"gold_gain":0,"player_choice":"Forge","damage_taken":0,"max_hp_gain":0,"max_hp_loss":0,"event_name":"Accursed Blacksmith","floor":28,"gold_loss":0,"cards_upgraded":["Flex"]},{"damage_healed":0,"gold_gain":0,"player_choice":"Paid","damage_taken":0,"relics_obtained":["Red Mask"],"max_hp_gain":0,"max_hp_loss":0,"event_name":"Tomb of Lord Red Mask","floor":39,"gold_loss":18}],"is_beta":false,"boss_relics":[{"not_picked":["Tiny House","Runic Dome"],"picked":"Coffee Dripper"},{"not_picked":["Calling Bell","Snecko Eye"],"picked":"Philosopher\u0027s Stone"}],"items_purged_floors":[24,36,38],"is_endless":false,"potions_floor_spawned":[1,3,4,13,16,20,23,29,41,42,44],"killed_by":"Nemesis","ascension_level":1}