{"gold_per_floor":[109,109,23,36,36,36,36,36,60,60,34,52,69,81,81,179,179,191,191,191,202,202,202,202,4,28,28],"floor_reached":27,"playtime":1244,"items_purged":[],"score":224,"play_id":"8f1b9eea-c38a-4c4d-8ef9-82a9648b41ca","local_time":"20190716172008","is_ascension_mode":false,"campfire_choices":[{"floor":6,"key":"REST"},{"data":"Bane","floor":10,"key":"SMITH"},{"data":"Noxious Fumes","floor":15,"key":"SMITH"},{"data":"Bouncing Flask","floor":23,"key":"SMITH"}],"neow_cost":"PERCENT_DAMAGE","seed_source_timestamp":8897686637951,"circlet_count":0,"master_deck":["Survivor","Neutralize+1","Quick Slash","Bane+1","Caltrops","Outmaneuver","Endless Agony","Quick Slash","Noxious Fumes+1","Slice","Sucker Punch","Die Die Die","Finisher","Calculated Gamble","Dagger Throw","Poisoned Stab","Predator","Crippling Poison","Crippling Poison+1","Bouncing Flask+1","Well Laid Plans","Bouncing Flask","Sucker Punch"],"relics":["Ring of the Snake","Mango","Nunchaku","Orichalcum","Pandora\u0027s Box","Boot","Strawberry","Potion Belt"],"potions_floor_usage":[16,16],"damage_taken":[{"damage":2,"enemies":"Small Slimes","floor":1,"turns":4},{"damage":0,"enemies":"2 Louse","floor":4,"turns":3},{"damage":0,"enemies":"Cultist","floor":12,"turns":3},{"damage":2,"enemies":"Large Slime","floor":13,"turns":5},{"damage":0,"enemies":"Exordium Wildlife","floor":14,"turns":3},{"damage":8,"enemies":"Slime Boss","floor":16,"turns":6},{"damage":0,"enemies":"3 Byrds","floor":18,"turns":3},{"damage":15,"enemies":"2 Thieves","floor":21,"turns":3},{"damage":0,"enemies":"Centurion and Healer","floor":27,"turns":1}],"seed_played":"2932443895956630012","potions_obtained":[{"floor":1,"key":"Fire Potion"},{"floor":4,"key":"SteroidPotion"},{"floor":14,"key":"Fire Potion"},{"floor":21,"key":"Weak Potion"}],"is_trial":false,"path_per_floor":["M","?","$","M","?","R","?","?","T","R","$","M","M","M","R","B",null,"M","?","?","M","?","R","?","$","T","M"],"character_chosen":"THE_SILENT","items_purchased":["Bane","Caltrops","Quick Slash","Well Laid Plans","Bouncing Flask","Sucker Punch"],"campfire_rested":1,"item_purchase_floors":[3,3,11,25,25,25],"current_hp_per_floor":[61,36,36,36,19,44,44,44,44,44,44,44,42,42,42,34,84,84,84,84,69,69,69,76,76,76,76],"gold":28,"neow_bonus":"ONE_RARE_RELIC","is_prod":false,"is_daily":false,"chose_seed":false,"campfire_upgraded":3,"win_rate":0,"timestamp":1563315608,"path_taken":["M","?","$","M","?","R","?","?","T","R","$","?","M","M","R","BOSS","M","?","?","M","?","R","?","$","T","?"],"build_version":"2019-07-05","purchased_purges":0,"victory":false,"max_hp_per_floor":[84,84,84,84,84,84,84,84,84,84,84,84,84,84,84,84,84,84,84,84,84,84,84,91,91,91,91],"card_choices":[{"not_picked":["Finisher","Choke"],"picked":"Quick Slash","floor":1},{"not_picked":["Skewer","PiercingWail"],"picked":"Outmaneuver","floor":4},{"not_picked":["Dash","Cloak And Dagger"],"picked":"Noxious Fumes","floor":12},{"not_picked":["Tactician","Dash"],"picked":"Slice","floor":13},{"not_picked":["Choke","Tactician"],"picked":"Sucker Punch","floor":14},{"not_picked":["Backflip","Dagger Spray"],"picked":"Crippling Poison+1","floor":18},{"not_picked":["Masterful Stab","Calculated Gamble"],"picked":"Bouncing Flask","floor":21}],"player_experience":170545,"relics_obtained":[{"floor":9,"key":"Orichalcum"},{"floor":26,"key":"Potion Belt"}],"event_choices":[{"damage_healed":0,"gold_gain":0,"player_choice":"Success","damage_taken":25,"relics_obtained":["Nunchaku"],"max_hp_gain":0,"max_hp_loss":0,"event_name":"Scrap Ooze","floor":2,"gold_loss":0},{"damage_healed":0,"gold_gain":0,"player_choice":"Entered Light","damage_taken":17,"max_hp_gain":0,"max_hp_loss":0,"event_name":"Shining Light","floor":5,"gold_loss":0,"cards_upgraded":["Defend_G","Neutralize"]},{"damage_healed":0,"gold_gain":0,"player_choice":"Searched \u00271\u0027 times","damage_taken":0,"max_hp_gain":0,"max_hp_loss":0,"event_name":"Dead Adventurer","floor":7,"gold_loss":0},{"damage_healed":0,"gold_gain":0,"cards_transformed":["Strike_G"],"player_choice":"Transformed","damage_taken":0,"max_hp_gain":0,"max_hp_loss":0,"event_name":"Transmorgrifier","floor":8,"gold_loss":0,"cards_obtained":["Endless Agony"]},{"cards_removed":["Grand Finale"],"damage_healed":0,"gold_gain":0,"player_choice":"Elegance","damage_taken":0,"max_hp_gain":0,"max_hp_loss":0,"event_name":"Back to Basics","floor":19,"gold_loss":0},{"damage_healed":0,"gold_gain":0,"player_choice":"Ignored","damage_taken":0,"max_hp_gain":0,"max_hp_loss":0,"event_name":"Cursed Tome","floor":20,"gold_loss":0},{"damage_healed":0,"gold_gain":0,"player_choice":"Opened","damage_taken":0,"relics_obtained":["Boot"],"max_hp_gain":0,"max_hp_loss":0,"event_name":"The Mausoleum","floor":22,"gold_loss":0},{"cards_removed":["Unload"],"damage_healed":0,"gold_gain":0,"player_choice":"Gave Card","damage_taken":0,"relics_obtained":["Strawberry"],"max_hp_gain":0,"max_hp_loss":0,"event_name":"WeMeetAgain","floor":24,"gold_loss":0}],"is_beta":false,"boss_relics":[{"not_picked":["Ectoplasm","Calling Bell"],"picked":"Pandora\u0027s Box"}],"items_purged_floors":[],"is_endless":false,"potions_floor_spawned":[1,4,14,21],"killed_by":"Centurion and Healer","ascension_level":0}