{"gold_per_floor":[20,33,49,68,88,113,113,144,171,31,48,48,64,95,95,198,198,186,101,3,3,27,74,86,124,163,175,15,25,25,38,38,142,142,162,175,193,0,10,44,0,35,58,58,87,87,87,0,0,0],"floor_reached":50,"playtime":40947,"items_purged":["Combust"],"score":786,"play_id":"8bd74563-cf81-4d9f-95e4-f0a7906cd81f","local_time":"20190619185803","is_ascension_mode":true,"campfire_choices":[{"floor":7,"key":"REST"},{"floor":15,"key":"REST"},{"floor":24,"key":"REST"},{"data":"1","floor":32,"key":"LIFT"},{"floor":47,"key":"REST"},{"floor":49,"key":"RECALL"}],"neow_cost":"NO_GOLD","seed_source_timestamp":1272506123928000,"circlet_count":0,"master_deck":["Iron Wave","Iron Wave","Fire Breathing","Reaper","Armaments","Shrug It Off","Feel No Pain","Bandage Up","Warcry","Cleave","Headbutt","Spot Weakness","Reaper","Infernal Blade","Second Wind","Inflame","Feed","Spot Weakness","Twin Strike","Armaments","Battle Trance","Metallicize","Clash","Fire Breathing","Limit Break","Flame Barrier+1","Discovery+1","Anger","Dual Wield+1","Limit Break+1","Intimidate+1","Fire Breathing","Armaments+1","Havoc+1","Shockwave+1","Shrug It Off+1","Fiend Fire","Pummel+1","Blind+1","Bandage Up+1"],"relics":["Burning Blood","Gambling Chip","Bird Faced Urn","Smiling Mask","Bag of Marbles","Pandora\u0027s Box","Strawberry","MawBank","Kunai","Girya","Potion Belt","Toxic Egg 2","Philosopher\u0027s Stone","Lantern","Letter Opener","Red Mask","Bottled Lightning","Bronze Scales","Thread and Needle"],"potions_floor_usage":[5,6,6,6,16,25,33,37,45,50,50],"damage_taken":[{"damage":1,"enemies":"Cultist","floor":1,"turns":3},{"damage":9,"enemies":"2 Louse","floor":2,"turns":3},{"damage":0,"enemies":"Jaw Worm","floor":3,"turns":3},{"damage":16,"enemies":"Looter","floor":4,"turns":4},{"damage":17,"enemies":"Large Slime","floor":5,"turns":6},{"damage":23,"enemies":"3 Sentries","floor":6,"turns":8},{"damage":47,"enemies":"Gremlin Nob","floor":8,"turns":6},{"damage":16,"enemies":"3 Louse","floor":11,"turns":3},{"damage":7,"enemies":"Blue Slaver","floor":13,"turns":6},{"damage":34,"enemies":"3 Sentries","floor":14,"turns":9},{"damage":89,"enemies":"Hexaghost","floor":16,"turns":13},{"damage":17,"enemies":"2 Thieves","floor":18,"turns":4},{"damage":89,"enemies":"Book of Stabbing","floor":23,"turns":7},{"damage":50,"enemies":"Gremlin Leader","floor":25,"turns":8},{"damage":9,"enemies":"Chosen","floor":29,"turns":6},{"damage":34,"enemies":"Shelled Parasite and Fungi","floor":31,"turns":5},{"damage":86,"enemies":"Champ","floor":33,"turns":11},{"damage":9,"enemies":"3 Shapes","floor":35,"turns":3},{"damage":44,"enemies":"Orb Walker","floor":36,"turns":6},{"damage":43,"enemies":"Jaw Worm Horde","floor":37,"turns":4},{"damage":71,"enemies":"Spire Growth","floor":39,"turns":5},{"damage":57,"enemies":"Giant Head","floor":40,"turns":8},{"damage":55,"enemies":"Nemesis","floor":42,"turns":7},{"damage":76,"enemies":"Reptomancer","floor":45,"turns":7},{"damage":73,"enemies":"Time Eater","floor":50,"turns":7}],"seed_played":"-4128176510874028214","potions_obtained":[{"floor":2,"key":"GamblersBrew"},{"floor":3,"key":"GamblersBrew"},{"floor":4,"key":"Poison Potion"},{"floor":5,"key":"Explosive Potion"},{"floor":11,"key":"SteroidPotion"},{"floor":23,"key":"Regen Potion"},{"floor":31,"key":"Regen Potion"},{"floor":33,"key":"LiquidBronze"},{"floor":39,"key":"GamblersBrew"},{"floor":42,"key":"Swift Potion"},{"floor":45,"key":"LiquidBronze"}],"is_trial":false,"path_per_floor":["M","M","M","M","M","E","R","E","T","$","M","$","M","E","R","B",null,"M","?","$","?","T","E","R","E","T","T","$","M","?","M","R","B",null,"M","M","M","$","M","E","?","E","T","?","E","?","R","$","R","B"],"character_chosen":"IRONCLAD","items_purchased":["Bandage Up","Warcry","Clash","Flame Barrier+1","Discovery+1","Lantern","Havoc+1","Bandage Up+1"],"campfire_rested":4,"item_purchase_floors":[10,10,20,28,28,38,38,48],"current_hp_per_floor":[80,77,80,70,67,58,80,41,41,41,54,54,65,52,76,9,80,83,90,90,90,90,28,55,68,68,68,68,79,79,62,62,27,93,90,73,88,88,59,93,93,61,61,61,25,25,53,53,53,0],"gold":0,"neow_bonus":"ONE_RARE_RELIC","is_prod":false,"is_daily":false,"chose_seed":false,"campfire_upgraded":0,"win_rate":0,"timestamp":1560967083,"path_taken":["M","M","M","M","M","E","R","E","T","?","?","$","M","E","R","BOSS","M","?","$","?","?","E","R","E","T","?","?","M","?","M","R","BOSS","M","M","M","$","M","E","?","E","T","?","E","?","R","?","R","BOSS"],"build_version":"2019-01-23","purchased_purges":1,"victory":false,"max_hp_per_floor":[80,80,80,80,80,80,80,80,80,80,80,80,80,80,80,80,80,83,90,90,90,90,90,90,90,90,90,90,90,90,93,93,93,93,93,93,93,93,93,93,93,93,93,93,96,96,96,96,96,96],"card_choices":[{"not_picked":["Sword Boomerang","Entrench"],"picked":"Iron Wave","floor":1},{"not_picked":["Clash","Flex"],"picked":"Iron Wave","floor":2},{"not_picked":["Dual Wield","Headbutt"],"picked":"Fire Breathing","floor":3},{"not_picked":["Spot Weakness","Iron Wave"],"picked":"Reaper","floor":4},{"not_picked":["Thunderclap","Headbutt"],"picked":"Armaments","floor":5},{"not_picked":["Armaments","Pommel Strike"],"picked":"Shrug It Off","floor":6},{"not_picked":["Double Tap","Heavy Blade"],"picked":"Feel No Pain","floor":8},{"not_picked":["Combust","Intimidate"],"picked":"Cleave","floor":11},{"not_picked":["Sword Boomerang","Flex"],"picked":"Headbutt","floor":13},{"not_picked":["Double Tap","Power Through"],"picked":"Spot Weakness","floor":14},{"not_picked":["Juggernaut","Berserk"],"picked":"Reaper","floor":16},{"not_picked":["Flex","Iron Wave"],"picked":"Metallicize","floor":18},{"not_picked":["Disarm","Power Through"],"picked":"Fire Breathing","floor":23},{"not_picked":["Power Through","Wild Strike+1"],"picked":"Limit Break","floor":25},{"not_picked":["Body Slam","Evolve"],"picked":"Anger","floor":29},{"not_picked":["Iron Wave","Power Through+1"],"picked":"Dual Wield+1","floor":31},{"not_picked":["Impervious+1","Brutality"],"picked":"Limit Break+1","floor":33},{"not_picked":["Warcry+1","Pommel Strike+1"],"picked":"Intimidate+1","floor":35},{"not_picked":["Sever Soul+1","Flex+1"],"picked":"Fire Breathing","floor":36},{"not_picked":["Perfected Strike+1","Sever Soul+1"],"picked":"Armaments+1","floor":37},{"not_picked":["Infernal Blade+1","Second Wind+1"],"picked":"Shockwave+1","floor":39},{"not_picked":["Burning Pact+1","Pommel Strike"],"picked":"Shrug It Off+1","floor":40},{"not_picked":["Wild Strike+1","Anger"],"picked":"Fiend Fire","floor":42},{"not_picked":["Wild Strike","Perfected Strike+1"],"picked":"Pummel+1","floor":45},{"not_picked":["Deep Breath+1","Discovery+1"],"picked":"Blind+1","floor":46}],"player_experience":774193,"relics_obtained":[{"floor":6,"key":"Bird Faced Urn"},{"floor":8,"key":"Smiling Mask"},{"floor":14,"key":"Bag of Marbles"},{"floor":22,"key":"MawBank"},{"floor":23,"key":"Kunai"},{"floor":25,"key":"Girya"},{"floor":26,"key":"Potion Belt"},{"floor":27,"key":"Toxic Egg 2"},{"floor":40,"key":"Letter Opener"},{"floor":42,"key":"Bottled Lightning"},{"floor":43,"key":"Bronze Scales"},{"floor":45,"key":"Thread and Needle"}],"event_choices":[{"damage_healed":0,"gold_gain":0,"player_choice":"Obtained Relic","damage_taken":0,"relics_obtained":["Strawberry"],"max_hp_gain":0,"max_hp_loss":0,"event_name":"Addict","floor":19,"gold_loss":85},{"damage_healed":0,"gold_gain":0,"player_choice":"Ignored","damage_taken":0,"max_hp_gain":0,"max_hp_loss":0,"event_name":"Vampires","floor":21,"gold_loss":0},{"damage_healed":0,"gold_gain":0,"player_choice":"Ignored","damage_taken":0,"max_hp_gain":0,"max_hp_loss":0,"event_name":"Beggar","floor":30,"gold_loss":0},{"damage_healed":0,"gold_gain":0,"player_choice":"Paid","damage_taken":0,"relics_obtained":["Red Mask"],"max_hp_gain":0,"max_hp_loss":0,"event_name":"Tomb of Lord Red Mask","floor":41,"gold_loss":44},{"cards_removed":["Bash"],"damage_healed":0,"gold_gain":0,"player_choice":"Removed Attack","damage_taken":0,"max_hp_gain":0,"max_hp_loss":0,"event_name":"Falling","floor":44,"gold_loss":0},{"damage_healed":0,"gold_gain":0,"player_choice":"Memory 1","damage_taken":0,"max_hp_gain":0,"max_hp_loss":0,"event_name":"SensoryStone","floor":46,"gold_loss":0}],"is_beta":false,"boss_relics":[{"not_picked":["Runic Pyramid","Lizard Tail"],"picked":"Pandora\u0027s Box"},{"not_picked":["Orrery","Snecko Eye"],"picked":"Philosopher\u0027s Stone"}],"items_purged_floors":[20],"is_endless":false,"potions_floor_spawned":[2,3,4,5,11,23,31,33,39,42,45],"killed_by":"Time Eater","ascension_level":4}