{"gold_per_floor":[119,129,129,140,156,187,187,206,206,40,40,40,71,21,21,21],"floor_reached":16,"playtime":889,"items_purged":["Strike_R"],"score":110,"play_id":"83101cf9-576f-4ab1-a14e-ec5f0482e4ac","local_time":"20190718101444","is_ascension_mode":false,"campfire_choices":[{"data":"Feed","floor":7,"key":"SMITH"},{"data":"Dramatic Entrance","floor":11,"key":"SMITH"},{"floor":15,"key":"REST"}],"neow_cost":"NONE","seed_source_timestamp":294852017649558,"circlet_count":0,"master_deck":["Strike_R","Strike_R+1","Strike_R","Strike_R+1","Defend_R","Defend_R","Defend_R","Defend_R","Bash","Warcry","Battle Trance","Ghostly Armor","Feed+1","Pommel Strike","Dramatic Entrance+1","Shrug It Off"],"relics":["Burning Blood","Juzu Bracelet","Ancient Tea Set","Frozen Egg 2","Kunai"],"potions_floor_usage":[5,6,13,13,16],"damage_taken":[{"damage":8,"enemies":"Small Slimes","floor":1,"turns":4},{"damage":7,"enemies":"2 Louse","floor":2,"turns":2},{"damage":6,"enemies":"Jaw Worm","floor":4,"turns":3},{"damage":6,"enemies":"Exordium Wildlife","floor":5,"turns":4},{"damage":36,"enemies":"Gremlin Nob","floor":6,"turns":5},{"damage":0,"enemies":"3 Louse","floor":8,"turns":2},{"damage":39,"enemies":"Lagavulin","floor":13,"turns":6},{"damage":39,"enemies":"Hexaghost","floor":16,"turns":11}],"seed_played":"7618778332282841694","potions_obtained":[{"floor":2,"key":"LiquidBronze"},{"floor":5,"key":"SkillPotion"},{"floor":6,"key":"SkillPotion"},{"floor":8,"key":"Fire Potion"},{"floor":13,"key":"SmokeBomb"}],"is_trial":false,"path_per_floor":["M","M","?","M","M","E","R","M","T","$","R","?","E","$","R","B"],"character_chosen":"IRONCLAD","items_purchased":["Dramatic Entrance","Block Potion"],"campfire_rested":1,"item_purchase_floors":[10,14],"current_hp_per_floor":[78,77,61,61,61,31,31,41,41,41,41,41,8,8,33,0],"gold":21,"neow_bonus":"RANDOM_COMMON_RELIC","is_prod":false,"is_daily":false,"chose_seed":false,"campfire_upgraded":2,"win_rate":0,"timestamp":1563459284,"path_taken":["M","M","?","M","M","E","R","M","T","$","R","?","E","?","R","BOSS"],"build_version":"2019-07-17","purchased_purges":1,"victory":false,"max_hp_per_floor":[80,80,80,80,80,80,80,84,84,84,84,84,84,84,84,84],"card_choices":[{"not_picked":["Flex","Headbutt"],"picked":"Warcry","floor":1},{"not_picked":["Headbutt","Pummel"],"picked":"Battle Trance","floor":2},{"not_picked":["Sword Boomerang","Body Slam"],"picked":"Ghostly Armor","floor":4},{"not_picked":["Warcry","Cleave"],"picked":"Feed","floor":5},{"not_picked":["Feel No Pain","Wild Strike"],"picked":"Pommel Strike","floor":6},{"not_picked":["Rupture","Clash","Feel No Pain"],"picked":"SKIP","floor":8},{"not_picked":["Inflame+1","Flex"],"picked":"Shrug It Off","floor":13}],"player_experience":24772,"relics_obtained":[{"floor":6,"key":"Ancient Tea Set"},{"floor":9,"key":"Frozen Egg 2"},{"floor":13,"key":"Kunai"}],"event_choices":[{"damage_healed":0,"gold_gain":0,"player_choice":"Entered Light","damage_taken":16,"max_hp_gain":0,"max_hp_loss":0,"event_name":"Shining Light","floor":3,"gold_loss":0,"cards_upgraded":["Strike_R","Strike_R"]},{"damage_healed":0,"gold_gain":0,"player_choice":"Ignored","damage_taken":0,"max_hp_gain":0,"max_hp_loss":0,"event_name":"Liars Game","floor":12,"gold_loss":0}],"is_beta":false,"boss_relics":[],"items_purged_floors":[10],"is_endless":false,"potions_floor_spawned":[2,5,6,8,13],"killed_by":"Hexaghost","ascension_level":0}