{"gold_per_floor":[10,25,25,40,58,58,87,87,87,100,112,145,160,176,176,272,272,286,115,98,30,30,30,47,47],"floor_reached":25,"playtime":2036,"items_purged":["Strike_G"],"score":228,"play_id":"f364c2ab-1844-4016-9f39-5eff60c27a9e","local_time":"20190115220834","is_ascension_mode":true,"campfire_choices":[{"data":"Blade Dance","floor":6,"key":"SMITH"},{"data":"Phantasmal Killer","floor":8,"key":"SMITH"},{"data":"Blade Dance","floor":15,"key":"SMITH"},{"data":"Burst","floor":23,"key":"SMITH"}],"neow_cost":"NO_GOLD","seed_source_timestamp":523537334329790,"circlet_count":0,"master_deck":["Defend_G","Defend_G","Defend_G","Defend_G","Strike_G","Strike_G","Survivor","Neutralize","Blade Dance+1","Terror","Phantasmal Killer+1","Blur","Blade Dance+1","Backflip","Tools of the Trade","Blade Dance","Burst+1","Leg Sweep+1"],"relics":["Ring of the Snake","Mango","Meat on the Bone","Paper Crane","Black Star"],"potions_floor_usage":[7,12,12,16,24,25,25],"damage_taken":[{"damage":0,"enemies":"Jaw Worm","floor":1,"turns":7},{"damage":1,"enemies":"Cultist","floor":2,"turns":4},{"damage":0,"enemies":"Small Slimes","floor":4,"turns":3},{"damage":9,"enemies":"Gremlin Gang","floor":5,"turns":10},{"damage":26,"enemies":"Gremlin Nob","floor":7,"turns":5},{"damage":5,"enemies":"2 Fungi Beasts","floor":10,"turns":4},{"damage":14,"enemies":"Exordium Thugs","floor":11,"turns":7},{"damage":9,"enemies":"Lagavulin","floor":12,"turns":6},{"damage":2,"enemies":"Blue Slaver","floor":13,"turns":4},{"damage":3,"enemies":"Exordium Wildlife","floor":14,"turns":4},{"damage":21,"enemies":"Hexaghost","floor":16,"turns":9},{"damage":4,"enemies":"Shell Parasite","floor":18,"turns":8},{"damage":10,"enemies":"2 Thieves","floor":20,"turns":5},{"damage":14,"enemies":"Snecko","floor":24,"turns":5},{"damage":59,"enemies":"Slavers","floor":25,"turns":7}],"seed_played":"-900110540111733541","potions_obtained":[{"floor":4,"key":"Regen Potion"},{"floor":10,"key":"EssenceOfSteel"},{"floor":11,"key":"Strength Potion"},{"floor":12,"key":"Weak Potion"},{"floor":16,"key":"Weak Potion"},{"floor":20,"key":"EssenceOfSteel"}],"is_trial":false,"path_per_floor":["M","M","?","M","M","R","E","R","T","M","M","E","M","M","R","B",null,"M","$","M","$","?","R","M","E"],"character_chosen":"THE_SILENT","items_purchased":["Blade Dance","AttackPotion","Burst"],"campfire_rested":0,"item_purchase_floors":[19,19,21],"current_hp_per_floor":[70,69,69,69,60,60,60,60,60,55,53,44,54,51,51,42,84,80,80,70,70,70,70,56,0],"gold":47,"neow_bonus":"REMOVE_TWO","is_prod":false,"is_daily":false,"chose_seed":false,"campfire_upgraded":4,"win_rate":0,"timestamp":1547586514,"path_taken":["M","M","?","M","M","R","E","R","T","M","M","E","M","?","R","BOSS","M","$","M","$","?","R","M","E"],"build_version":"2019-01-10","purchased_purges":1,"victory":false,"max_hp_per_floor":[70,70,70,70,70,70,84,84,84,84,84,84,84,84,84,84,84,84,84,84,84,84,84,84,84],"card_choices":[{"not_picked":["Infinite Blades","Dagger Spray"],"picked":"Blade Dance","floor":1},{"not_picked":["Poisoned Stab","Bane","Flying Knee"],"picked":"SKIP","floor":2},{"not_picked":["Endless Agony","Poisoned Stab","Noxious Fumes"],"picked":"SKIP","floor":4},{"not_picked":["Crippling Poison","Prepared"],"picked":"Terror","floor":5},{"not_picked":["Flying Knee","Deflect"],"picked":"Phantasmal Killer","floor":7},{"not_picked":["Acrobatics","Flechettes"],"picked":"Blur","floor":10},{"not_picked":["Heel Hook","Slice"],"picked":"Blade Dance","floor":11},{"not_picked":["Endless Agony","Reflex","Dagger Throw"],"picked":"SKIP","floor":12},{"not_picked":["Acrobatics","Quick Slash","Flying Knee"],"picked":"SKIP","floor":13},{"not_picked":["Reflex","Backstab"],"picked":"Backflip","floor":14},{"not_picked":["Phantasmal Killer","Night Terror"],"picked":"Tools of the Trade","floor":16},{"not_picked":["Flying Knee+1","Finisher","Blur"],"picked":"SKIP","floor":18},{"not_picked":["Outmaneuver","Bane","Masterful Stab"],"picked":"SKIP","floor":20},{"not_picked":["PiercingWail","Dagger Throw+1"],"picked":"Leg Sweep+1","floor":24}],"player_experience":102269,"relics_obtained":[{"floor":7,"key":"Mango"},{"floor":9,"key":"Meat on the Bone"},{"floor":12,"key":"Paper Crane"}],"event_choices":[{"cards_removed":["Strike_G"],"damage_healed":0,"gold_gain":0,"player_choice":"Card Removal","damage_taken":0,"max_hp_gain":0,"max_hp_loss":0,"event_name":"Wheel of Change","floor":3,"gold_loss":0},{"damage_healed":0,"gold_gain":0,"player_choice":"0 cards matched","damage_taken":0,"max_hp_gain":0,"max_hp_loss":0,"event_name":"Match and Keep!","floor":22,"gold_loss":0,"cards_obtained":[]}],"is_beta":false,"boss_relics":[{"not_picked":["Philosopher\u0027s Stone","Velvet Choker"],"picked":"Black Star"}],"items_purged_floors":[19],"is_endless":false,"potions_floor_spawned":[4,10,11,12,16,20],"killed_by":"Slavers","ascension_level":1}