{"gold_per_floor":[113,113,134,155,168,203,59,84,131,131,164,187,187,200,200,329,329,344,360,68,93,93,93,131,131,156,193,245,257,284,310,322,458,470,498,510,536,573,585],"floor_reached":39,"playtime":3312,"items_purged":["Strike_G","Defend_G"],"score":417,"play_id":"0a544a0d-400a-4a1a-9629-bb3ea6c8a7e8","local_time":"20190720160505","is_ascension_mode":false,"campfire_choices":[{"data":"Infinite Blades","floor":10,"key":"SMITH"},{"data":"Night Terror","floor":13,"key":"SMITH"},{"floor":15,"key":"REST"},{"data":"Noxious Fumes","floor":23,"key":"SMITH"},{"data":"Noxious Fumes","floor":25,"key":"SMITH"},{"data":"Adrenaline","floor":32,"key":"SMITH"}],"neow_cost":"NONE","seed_source_timestamp":486233331928291,"circlet_count":0,"master_deck":["Strike_G+1","Strike_G","Defend_G","Defend_G","Defend_G","Defend_G","Survivor","Neutralize+1","Night Terror+1","Flying Knee","Injury","Dagger Spray","Infinite Blades+1","Noxious Fumes+1","Caltrops","Calculated Gamble","Adrenaline","Acrobatics","Deadly Poison","PiercingWail","Adrenaline+1","Backstab","Noxious Fumes+1","PiercingWail","Crippling Poison","Die Die Die","Envenom","Noxious Fumes","Masterful Stab"],"relics":["Ring of the Snake","Golden Idol","Meat on the Bone","Whetstone","Mercury Hourglass","Coffee Dripper","Happy Flower","Dream Catcher","MawBank","Red Mask","Black Star"],"potions_floor_usage":[11,16,18,19,24,28,33,38],"damage_taken":[{"damage":0,"enemies":"Cultist","floor":1,"turns":4},{"damage":1,"enemies":"Jaw Worm","floor":3,"turns":4},{"damage":0,"enemies":"Small Slimes","floor":4,"turns":2},{"damage":0,"enemies":"3 Louse","floor":5,"turns":3},{"damage":30,"enemies":"Gremlin Nob","floor":6,"turns":5},{"damage":16,"enemies":"Exordium Thugs","floor":8,"turns":5},{"damage":17,"enemies":"Lagavulin","floor":11,"turns":8},{"damage":6,"enemies":"Exordium Wildlife","floor":12,"turns":4},{"damage":9,"enemies":"Red Slaver","floor":14,"turns":3},{"damage":39,"enemies":"The Guardian","floor":16,"turns":9},{"damage":4,"enemies":"Spheric Guardian","floor":18,"turns":5},{"damage":5,"enemies":"2 Thieves","floor":19,"turns":3},{"damage":16,"enemies":"Shelled Parasite and Fungi","floor":21,"turns":5},{"damage":41,"enemies":"Slavers","floor":24,"turns":5},{"damage":9,"enemies":"Snake Plant","floor":27,"turns":3},{"damage":0,"enemies":"Masked Bandits","floor":28,"turns":3},{"damage":3,"enemies":"Centurion and Healer","floor":30,"turns":5},{"damage":0,"enemies":"Chosen and Byrds","floor":31,"turns":5},{"damage":26,"enemies":"Collector","floor":33,"turns":7},{"damage":21,"enemies":"3 Shapes","floor":35,"turns":4},{"damage":15,"enemies":"Orb Walker","floor":37,"turns":4},{"damage":33,"enemies":"Spire Growth","floor":38,"turns":5},{"damage":31,"enemies":"Transient","floor":39,"turns":3}],"seed_played":"646338765393961062","potions_obtained":[{"floor":5,"key":"Ancient Potion"},{"floor":8,"key":"SkillPotion"},{"floor":11,"key":"GhostInAJar"},{"floor":14,"key":"AttackPotion"},{"floor":16,"key":"Poison Potion"},{"floor":18,"key":"FearPotion"},{"floor":27,"key":"Swift Potion"},{"floor":30,"key":"Dexterity Potion"},{"floor":31,"key":"SkillPotion"},{"floor":33,"key":"SteroidPotion"},{"floor":37,"key":"Strength Potion"}],"is_trial":false,"path_per_floor":["M","?","M","M","M","E","$","M","T","R","E","M","R","M","R","B",null,"M","M","$","M","$","R","E","R","T","M","?","?","M","M","R","B",null,"M","?","M","M","M"],"character_chosen":"THE_SILENT","items_purchased":["Calculated Gamble","Noxious Fumes","Happy Flower"],"campfire_rested":1,"item_purchase_floors":[7,20,20],"current_hp_per_floor":[70,70,69,69,69,39,39,35,35,35,30,36,36,39,60,33,70,66,61,61,45,45,45,16,16,16,19,31,31,40,40,40,26,70,49,49,46,25,0],"gold":585,"neow_bonus":"ONE_RANDOM_RARE_CARD","is_prod":false,"is_daily":false,"chose_seed":false,"campfire_upgraded":5,"win_rate":0.0,"timestamp":1563653105,"path_taken":["M","?","M","M","M","E","?","M","T","R","E","?","R","M","R","BOSS","M","M","$","M","?","R","E","R","T","M","?","?","M","?","R","BOSS","M","?","?","M","M"],"build_version":"2019-07-17","purchased_purges":2,"victory":false,"max_hp_per_floor":[70,70,70,70,70,70,70,70,70,70,70,70,70,70,70,70,70,70,70,70,70,70,70,70,70,70,70,70,70,70,70,70,70,70,70,70,70,70,70],"card_choices":[{"not_picked":["Dodge and Roll","Sucker Punch"],"picked":"Flying Knee","floor":1},{"not_picked":["Blur","Expertise"],"picked":"Dagger Spray","floor":3},{"not_picked":["Slice","Dagger Throw"],"picked":"Infinite Blades","floor":4},{"not_picked":["Blade Dance","Bouncing Flask"],"picked":"Noxious Fumes","floor":5},{"not_picked":["Outmaneuver","Expertise"],"picked":"Caltrops","floor":6},{"not_picked":["Dodge and Roll","Deflect"],"picked":"Adrenaline","floor":8},{"not_picked":["Dodge and Roll","Masterful Stab"],"picked":"Acrobatics","floor":11},{"not_picked":["Caltrops","Blade Dance"],"picked":"Deadly Poison","floor":12},{"not_picked":["Catalyst","Calculated Gamble"],"picked":"PiercingWail","floor":14},{"not_picked":["Phantasmal Killer","After Image"],"picked":"Adrenaline","floor":16},{"not_picked":["Quick Slash","Well Laid Plans+1"],"picked":"Backstab","floor":18},{"not_picked":["Slice","Reflex","Heel Hook"],"picked":"SKIP","floor":19},{"not_picked":["Quick Slash","Bane"],"picked":"PiercingWail","floor":21},{"not_picked":["Dagger Throw","Dodge and Roll","Well Laid Plans"],"picked":"SKIP","floor":24},{"not_picked":["Footwork","Flechettes","Dagger Spray+1"],"picked":"SKIP","floor":27},{"not_picked":["Catalyst+1","Blade Dance"],"picked":"Crippling Poison","floor":28},{"not_picked":["Underhanded Strike+1","Finisher+1","Flying Knee"],"picked":"SKIP","floor":30},{"not_picked":["Footwork","Endless Agony"],"picked":"Die Die Die","floor":31},{"not_picked":["Glass Knife","Venomology"],"picked":"Envenom","floor":33},{"not_picked":["Dagger Throw+1","Deflect"],"picked":"Noxious Fumes","floor":35},{"not_picked":["Heel Hook","Blade Dance+1","Bane+1"],"picked":"SKIP","floor":37},{"not_picked":["Flying Knee+1","PiercingWail+1","Expertise"],"picked":"SKIP","floor":38}],"player_experience":45452,"relics_obtained":[{"floor":6,"key":"Meat on the Bone"},{"floor":9,"key":"Whetstone"},{"floor":11,"key":"Mercury Hourglass"},{"floor":24,"key":"Dream Catcher"},{"floor":26,"key":"MawBank"},{"floor":28,"key":"Red Mask"}],"event_choices":[{"damage_healed":0,"gold_gain":0,"player_choice":"Take Wound","damage_taken":0,"relics_obtained":["Golden Idol"],"max_hp_gain":0,"max_hp_loss":0,"event_name":"Golden Idol","floor":2,"gold_loss":0,"cards_obtained":["Injury"]},{"damage_healed":0,"gold_gain":0,"player_choice":"Fought Bandits","damage_taken":0,"max_hp_gain":0,"max_hp_loss":0,"event_name":"Masked Bandits","floor":28,"gold_loss":0},{"cards_removed":["Strike_G"],"damage_healed":0,"gold_gain":0,"player_choice":"Purged","damage_taken":0,"max_hp_gain":0,"max_hp_loss":0,"event_name":"Purifier","floor":29,"gold_loss":0},{"damage_healed":0,"gold_gain":0,"cards_transformed":["Strike_G"],"player_choice":"Transformed","damage_taken":0,"max_hp_gain":0,"max_hp_loss":0,"event_name":"Transmorgrifier","floor":36,"gold_loss":0,"cards_obtained":["Masterful Stab"]}],"is_beta":false,"boss_relics":[{"not_picked":["Runic Pyramid","Philosopher\u0027s Stone"],"picked":"Coffee Dripper"},{"not_picked":["Orrery","Tiny House"],"picked":"Black Star"}],"items_purged_floors":[7,20],"is_endless":false,"potions_floor_spawned":[5,8,11,14,16,18,27,30,31,33,37],"killed_by":"Transient","ascension_level":0}