{"gold_per_floor":[12,31,51,68,78,78,78,91,136,165,165,40,40,40,40,137,137,152,28,28,45,64,34,54,71,94,94],"floor_reached":27,"playtime":1264,"items_purged":["Defend_B","Hello World+1"],"score":242,"play_id":"b994e6e5-39f8-41f7-a596-4e53ddf0781a","local_time":"20190721222530","is_ascension_mode":false,"campfire_choices":[{"data":"Turbo","floor":6,"key":"SMITH"},{"floor":11,"key":"REST"},{"floor":13,"key":"REST"},{"data":"Zap","floor":15,"key":"SMITH"}],"neow_cost":"NO_GOLD","seed_source_timestamp":597524975036169,"circlet_count":0,"master_deck":["Defend_B","Defend_B","Zap+1","Self Repair","Turbo+1","Gash","Skim","Beam Cell","Zap","Turbo","Self Repair","Reboot","Self Repair+1","Hologram","Beam Cell","Echo Form","Self Repair","Reprogram+1","Scrape","Beam Cell"],"relics":["Cracked Core","Orichalcum","Oddly Smooth Stone","Astrolabe","PreservedInsect"],"potions_floor_usage":[5,8,10,16,24,24,24,24,24,24,27],"damage_taken":[{"damage":0,"enemies":"2 Louse","floor":1,"turns":3},{"damage":10,"enemies":"Cultist","floor":2,"turns":4},{"damage":1,"enemies":"Jaw Worm","floor":3,"turns":3},{"damage":12,"enemies":"Gremlin Gang","floor":4,"turns":6},{"damage":15,"enemies":"Lots of Slimes","floor":5,"turns":6},{"damage":12,"enemies":"Exordium Wildlife","floor":8,"turns":3},{"damage":52,"enemies":"Gremlin Nob","floor":10,"turns":6},{"damage":48,"enemies":"Hexaghost","floor":16,"turns":11},{"damage":18,"enemies":"Shell Parasite","floor":18,"turns":6},{"damage":31,"enemies":"Chosen","floor":21,"turns":5},{"damage":52,"enemies":"Snake Plant","floor":22,"turns":6},{"damage":29,"enemies":"Centurion and Healer","floor":24,"turns":8},{"damage":40,"enemies":"Snecko","floor":25,"turns":7},{"damage":33,"enemies":"Cultist and Chosen","floor":27,"turns":6}],"seed_played":"1673083904280149823","potions_obtained":[{"floor":3,"key":"EssenceOfSteel"},{"floor":5,"key":"LiquidBronze"},{"floor":8,"key":"SkillPotion"},{"floor":22,"key":"FocusPotion"},{"floor":23,"key":"EntropicBrew"},{"floor":23,"key":"EssenceOfSteel"},{"floor":25,"key":"SteroidPotion"}],"is_trial":false,"path_per_floor":["M","M","M","M","M","R","?","M","T","E","R","$","R","$","R","B",null,"M","$","?","M","M","?","M","M","T","M"],"character_chosen":"DEFECT","items_purchased":["Block Potion","Hologram"],"campfire_rested":2,"item_purchase_floors":[12,19],"current_hp_per_floor":[75,72,75,70,62,62,62,57,57,19,41,41,63,63,63,29,75,75,75,75,68,47,47,49,33,33,0],"gold":94,"neow_bonus":"REMOVE_TWO","is_prod":false,"is_daily":false,"chose_seed":false,"campfire_upgraded":2,"win_rate":0.0,"timestamp":1563762330,"path_taken":["M","M","M","M","M","R","?","?","T","E","R","?","R","$","R","BOSS","M","$","?","M","M","?","?","M","T","M"],"build_version":"2019-07-17","purchased_purges":2,"victory":false,"max_hp_per_floor":[75,75,75,75,75,75,75,75,75,75,75,75,75,75,75,75,75,75,75,75,75,75,75,75,75,75,75],"card_choices":[{"not_picked":["Barrage","Beam Cell"],"picked":"Self Repair","floor":1},{"not_picked":["Lockon","Capacitor"],"picked":"Turbo","floor":2},{"not_picked":["Redo","Rebound"],"picked":"Gash","floor":3},{"not_picked":["Genetic Algorithm","Hello World"],"picked":"Skim","floor":4},{"not_picked":["Amplify","Compile Driver"],"picked":"Beam Cell","floor":5},{"not_picked":["Cold Snap","Glacier"],"picked":"Self Repair","floor":8},{"not_picked":["Ball Lightning","Barrage","Rip and Tear"],"picked":"SKIP","floor":10},{"not_picked":["Machine Learning","Multi-Cast"],"picked":"Reboot","floor":16},{"not_picked":["Rebound","Tempest","Compile Driver"],"picked":"SKIP","floor":18},{"not_picked":["Blizzard","Sweeping Beam+1"],"picked":"Self Repair","floor":21},{"not_picked":["Doom and Gloom","Streamline"],"picked":"Reprogram+1","floor":22},{"not_picked":["Chaos","Force Field"],"picked":"Scrape","floor":24},{"not_picked":["Skim","Sweeping Beam+1"],"picked":"Beam Cell","floor":25}],"player_experience":93755,"relics_obtained":[{"floor":9,"key":"Orichalcum"},{"floor":10,"key":"Oddly Smooth Stone"},{"floor":26,"key":"PreservedInsect"}],"event_choices":[{"damage_healed":0,"gold_gain":0,"player_choice":"2 cards matched","damage_taken":0,"max_hp_gain":0,"max_hp_loss":0,"event_name":"Match and Keep!","floor":7,"gold_loss":0,"cards_obtained":["Zap","Turbo"]},{"damage_healed":0,"gold_gain":0,"cards_transformed":["Capacitor","Defend_B"],"player_choice":"Became Test Subject","damage_taken":0,"max_hp_gain":0,"max_hp_loss":0,"event_name":"Drug Dealer","floor":20,"gold_loss":0,"cards_obtained":["Beam Cell","Echo Form"]},{"damage_healed":0,"gold_gain":0,"player_choice":"Bought 2 Potions","damage_taken":0,"max_hp_gain":0,"max_hp_loss":0,"event_name":"The Woman in Blue","floor":23,"gold_loss":0}],"is_beta":false,"boss_relics":[{"not_picked":["Black Star","FrozenCore"],"picked":"Astrolabe"}],"items_purged_floors":[12,19],"is_endless":false,"potions_floor_spawned":[3,5,8,22,25],"killed_by":"Cultist and Chosen","ascension_level":0}