{"gold_per_floor":[112,112,132,132,146,179,194,235,235,235,274,287,38,71,71,200,200,224,248,248,248,262,262],"floor_reached":23,"playtime":965,"items_purged":["Strike_G"],"score":221,"play_id":"410e3a80-83b5-4b6f-9ce3-5c4ada84a633","local_time":"20190720200540","is_ascension_mode":false,"campfire_choices":[{"floor":10,"key":"REST"},{"floor":15,"key":"REST"}],"neow_cost":"NONE","seed_source_timestamp":503031761916582,"circlet_count":0,"master_deck":["Strike_G","Strike_G","Strike_G","Defend_G","Defend_G","Defend_G","Defend_G","Defend_G","Survivor","Neutralize","Poisoned Stab","Injury","Deadly Poison","Noxious Fumes","Bane","Bane","Bouncing Flask","Prepared","Poisoned Stab","Envenom+1"],"relics":["Ring of the Snake","Golden Idol","Vajra","Frozen Egg 2","Bottled Lightning","Mummified Hand","Blood Vial","Bag of Preparation","Busted Crown","Omamori"],"potions_floor_usage":[5,11,14,14,16,19,19],"damage_taken":[{"damage":6,"enemies":"Jaw Worm","floor":1,"turns":5},{"damage":2,"enemies":"Small Slimes","floor":3,"turns":5},{"damage":0,"enemies":"Cultist","floor":5,"turns":4},{"damage":31,"enemies":"Lagavulin","floor":6,"turns":7},{"damage":0,"enemies":"Exordium Wildlife","floor":7,"turns":4},{"damage":22,"enemies":"Gremlin Nob","floor":8,"turns":4},{"damage":13,"enemies":"Lagavulin","floor":11,"turns":4},{"damage":5,"enemies":"Looter","floor":12,"turns":3},{"damage":2,"enemies":"Gremlin Nob","floor":14,"turns":3},{"damage":12,"enemies":"The Guardian","floor":16,"turns":6},{"damage":28,"enemies":"2 Thieves","floor":18,"turns":4},{"damage":9,"enemies":"Shell Parasite","floor":19,"turns":5},{"damage":18,"enemies":"Centurion and Healer","floor":22,"turns":5},{"damage":65,"enemies":"Slavers","floor":23,"turns":3}],"seed_played":"6959227676899502747","potions_obtained":[{"floor":5,"key":"Fruit Juice"},{"floor":7,"key":"Strength Potion"},{"floor":11,"key":"SkillPotion"},{"floor":12,"key":"Block Potion"},{"floor":14,"key":"EssenceOfSteel"},{"floor":16,"key":"SpeedPotion"},{"floor":19,"key":"Fruit Juice"}],"is_trial":false,"path_per_floor":["M","?","M","?","M","E","M","E","T","R","E","M","$","E","R","B",null,"M","M","?","T","M","E"],"character_chosen":"THE_SILENT","items_purchased":["Blood Vial","Poisoned Stab"],"campfire_rested":2,"item_purchase_floors":[13,13],"current_hp_per_floor":[64,64,62,62,67,36,36,14,14,36,23,18,18,18,40,30,75,47,45,71,71,55,0],"gold":262,"neow_bonus":"REMOVE_CARD","is_prod":false,"is_daily":false,"chose_seed":false,"campfire_upgraded":0,"win_rate":0.0,"timestamp":1563667540,"path_taken":["M","?","M","?","M","E","M","E","T","R","E","M","$","E","R","BOSS","M","M","?","?","M","E"],"build_version":"2019-07-17","purchased_purges":1,"victory":false,"max_hp_per_floor":[70,70,70,70,75,75,75,75,75,75,75,75,75,75,75,75,75,75,80,80,80,80,80],"card_choices":[{"not_picked":["Bane","Predator"],"picked":"Poisoned Stab","floor":1},{"not_picked":["Dash","Backstab"],"picked":"Deadly Poison","floor":3},{"not_picked":["All Out Attack","Quick Slash","Outmaneuver"],"picked":"SKIP","floor":5},{"not_picked":["Backflip","After Image"],"picked":"Noxious Fumes","floor":6},{"not_picked":["Choke","Terror"],"picked":"Bane","floor":7},{"not_picked":["Cloak And Dagger","Underhanded Strike"],"picked":"Bane","floor":8},{"not_picked":["Underhanded Strike","Deflect"],"picked":"Bouncing Flask","floor":11},{"not_picked":["Outmaneuver","Flechettes"],"picked":"Prepared","floor":12},{"not_picked":["Skewer","Flechettes","Leg Sweep"],"picked":"SKIP","floor":14},{"not_picked":["After Image+1","Malaise"],"picked":"Envenom+1","floor":16},{"not_picked":["Well Laid Plans+1"],"picked":"SKIP","floor":18},{"not_picked":["Riddle With Holes+1"],"picked":"SKIP","floor":19},{"not_picked":["Quick Slash"],"picked":"SKIP","floor":22}],"player_experience":55491,"relics_obtained":[{"floor":6,"key":"Vajra"},{"floor":8,"key":"Frozen Egg 2"},{"floor":9,"key":"Bottled Lightning"},{"floor":11,"key":"Mummified Hand"},{"floor":14,"key":"Bag of Preparation"},{"floor":21,"key":"Omamori"}],"event_choices":[{"damage_healed":0,"gold_gain":0,"player_choice":"Take Wound","damage_taken":0,"relics_obtained":["Golden Idol"],"max_hp_gain":0,"max_hp_loss":0,"event_name":"Golden Idol","floor":2,"gold_loss":0,"cards_obtained":["Injury"]},{"damage_healed":0,"gold_gain":0,"player_choice":"Ignored","damage_taken":0,"max_hp_gain":0,"max_hp_loss":0,"event_name":"Liars Game","floor":4,"gold_loss":0},{"damage_healed":26,"gold_gain":0,"player_choice":"Heal","damage_taken":0,"max_hp_gain":0,"max_hp_loss":0,"event_name":"The Library","floor":20,"gold_loss":0}],"is_beta":false,"boss_relics":[{"not_picked":["Coffee Dripper","Lizard Tail"],"picked":"Busted Crown"}],"items_purged_floors":[13],"is_endless":false,"potions_floor_spawned":[5,7,11,12,14,16,19],"killed_by":"Slavers","ascension_level":0}