{"gold_per_floor":[115,132,207,217,236,236,263,275,344,354,354,327,327,327,327,430,430,440,452,452],"floor_reached":20,"playtime":976,"items_purged":[],"score":178,"play_id":"e09d6f27-5c67-46fa-8177-5727dde8fd9a","local_time":"20190721154531","is_ascension_mode":false,"campfire_choices":[{"floor":6,"key":"REST"},{"floor":11,"key":"REST"},{"floor":15,"key":"REST"}],"neow_cost":"NONE","seed_source_timestamp":573813131103053,"circlet_count":0,"master_deck":["Strike_B","Strike_B","Strike_B","Strike_B","Defend_B","Defend_B","Defend_B","Defend_B","Zap","Gash","Turbo","Conserve Battery","Tempest","FTL","Beam Cell+1","Steam","Seek","Go for the Eyes+1","Turbo"],"relics":["FrozenCore","Dodecahedron","Molten Egg 2"],"potions_floor_usage":[7,8,12,14,16,16,16,16,16,16,20],"damage_taken":[{"damage":6,"enemies":"Jaw Worm","floor":1,"turns":3},{"damage":5,"enemies":"Small Slimes","floor":2,"turns":4},{"damage":2,"enemies":"2 Louse","floor":4,"turns":3},{"damage":26,"enemies":"Lots of Slimes","floor":5,"turns":4},{"damage":36,"enemies":"Lagavulin","floor":7,"turns":7},{"damage":8,"enemies":"Red Slaver","floor":8,"turns":2},{"damage":0,"enemies":"Looter","floor":10,"turns":4},{"damage":11,"enemies":"Exordium Thugs","floor":12,"turns":5},{"damage":29,"enemies":"The Guardian","floor":16,"turns":8},{"damage":14,"enemies":"3 Byrds","floor":18,"turns":6},{"damage":5,"enemies":"Chosen","floor":19,"turns":6},{"damage":61,"enemies":"Centurion and Healer","floor":20,"turns":10}],"seed_played":"-2929916526089029901","potions_obtained":[{"floor":5,"key":"Explosive Potion"},{"floor":7,"key":"FearPotion"},{"floor":10,"key":"Dexterity Potion"},{"floor":12,"key":"SteroidPotion"},{"floor":14,"key":"Fruit Juice"},{"floor":14,"key":"Dexterity Potion"},{"floor":14,"key":"EntropicBrew"},{"floor":18,"key":"Swift Potion"}],"is_trial":false,"path_per_floor":["M","M","?","M","M","R","E","M","T","M","R","M","?","?","R","B",null,"M","M","M"],"character_chosen":"DEFECT","items_purchased":[],"campfire_rested":3,"item_purchase_floors":[],"current_hp_per_floor":[69,64,53,51,25,47,11,3,3,3,25,14,14,19,43,19,80,66,61,0],"gold":452,"neow_bonus":"REMOVE_CARD","is_prod":false,"is_daily":false,"chose_seed":false,"campfire_upgraded":0,"win_rate":0.0,"timestamp":1563738331,"path_taken":["M","M","?","M","M","R","E","M","T","M","R","M","?","?","R","BOSS","M","M","M"],"build_version":"2019-07-17","purchased_purges":0,"victory":false,"max_hp_per_floor":[75,75,75,75,75,75,75,75,75,75,75,75,75,80,80,80,80,80,80,80],"card_choices":[{"not_picked":["Cold Snap","Barrage","Compile Driver"],"picked":"SKIP","floor":1},{"not_picked":["Ball Lightning","Static Discharge"],"picked":"Gash","floor":2},{"not_picked":["Hologram","Hello World"],"picked":"Turbo","floor":4},{"not_picked":["Hologram","Rip and Tear"],"picked":"Conserve Battery","floor":5},{"not_picked":["Buffer","Consume"],"picked":"Tempest","floor":7},{"not_picked":["Consume","Cold Snap"],"picked":"FTL","floor":8},{"not_picked":["White Noise","Ball Lightning+1"],"picked":"Beam Cell+1","floor":10},{"not_picked":["Redo","Barrage+1"],"picked":"Steam","floor":12},{"not_picked":["Echo Form","Creative AI"],"picked":"Seek","floor":16},{"not_picked":["Leap","Hologram"],"picked":"Go for the Eyes+1","floor":18},{"not_picked":["Stack","Coolheaded"],"picked":"Turbo","floor":19}],"player_experience":76408,"relics_obtained":[{"floor":7,"key":"Dodecahedron"},{"floor":9,"key":"Molten Egg 2"}],"event_choices":[{"damage_healed":0,"gold_gain":75,"player_choice":"Gather Gold","damage_taken":11,"max_hp_gain":0,"max_hp_loss":0,"event_name":"World of Goop","floor":3,"gold_loss":0},{"damage_healed":0,"gold_gain":0,"player_choice":"Ignored","damage_taken":0,"max_hp_gain":0,"max_hp_loss":0,"event_name":"Golden Idol","floor":13,"gold_loss":0},{"damage_healed":0,"gold_gain":0,"player_choice":"Got Potions","damage_taken":0,"max_hp_gain":0,"max_hp_loss":0,"event_name":"Lab","floor":14,"gold_loss":0}],"is_beta":false,"boss_relics":[{"not_picked":["Inserter","Velvet Choker"],"picked":"FrozenCore"}],"items_purged_floors":[],"is_endless":false,"potions_floor_spawned":[5,7,10,12,18],"killed_by":"Centurion and Healer","ascension_level":0}