{"gold_per_floor":[110,125,125,145,160,186,186,186,238,272,291,291,307,322,322,419,419,437,456,475,491,511,511],"floor_reached":23,"playtime":2093,"items_purged":[],"score":298,"play_id":"3e6fda46-1b73-4145-8dc4-02a97d9a2ab3","local_time":"20190724142604","is_ascension_mode":true,"campfire_choices":[{"data":"Zap","floor":7,"key":"SMITH"},{"data":"Dualcast","floor":12,"key":"SMITH"},{"data":"Fusion","floor":15,"key":"SMITH"}],"neow_cost":"NONE","seed_source_timestamp":45395615042929,"circlet_count":0,"master_deck":["Strike_B","Strike_B","Strike_B","Defend_B","Defend_B","Defend_B","Defend_B","Zap+1","Dualcast+1","Cold Snap","Hologram","Self Repair","Melter","Ball Lightning","Barrage","Leap","Turbo","Fusion+1","Core Surge","Compile Driver","Gash","Turbo+1","Lockon+1","Rebound"],"relics":["Inserter","Unceasing Top","Turnip","PreservedInsect","StoneCalendar","Coffee Dripper"],"potions_floor_usage":[6,10,13],"damage_taken":[{"damage":3,"enemies":"Small Slimes","floor":1,"turns":3},{"damage":1,"enemies":"Jaw Worm","floor":2,"turns":5},{"damage":0,"enemies":"Cultist","floor":4,"turns":3},{"damage":20,"enemies":"Gremlin Gang","floor":5,"turns":9},{"damage":0,"enemies":"Lagavulin","floor":6,"turns":7},{"damage":12,"enemies":"3 Sentries","floor":10,"turns":4},{"damage":10,"enemies":"Looter","floor":11,"turns":3},{"damage":13,"enemies":"Exordium Thugs","floor":13,"turns":6},{"damage":9,"enemies":"Lots of Slimes","floor":14,"turns":5},{"damage":0,"enemies":"Hexaghost","floor":16,"turns":8},{"damage":6,"enemies":"3 Byrds","floor":18,"turns":5},{"damage":6,"enemies":"Chosen","floor":19,"turns":6},{"damage":18,"enemies":"Snecko","floor":20,"turns":5},{"damage":11,"enemies":"3 Cultists","floor":21,"turns":6},{"damage":10,"enemies":"Shelled Parasite and Fungi","floor":22,"turns":3},{"damage":50,"enemies":"Gremlin Leader","floor":23,"turns":4}],"seed_played":"4198475017378459353","potions_obtained":[{"floor":5,"key":"FocusPotion"},{"floor":6,"key":"Explosive Potion"},{"floor":11,"key":"Poison Potion"},{"floor":18,"key":"SteroidPotion"},{"floor":20,"key":"Dexterity Potion"},{"floor":21,"key":"Energy Potion"}],"is_trial":false,"path_per_floor":["M","M","?","M","M","E","R","T","T","E","M","R","M","M","R","B",null,"M","M","M","M","M","E"],"character_chosen":"DEFECT","items_purchased":[],"campfire_rested":0,"item_purchase_floors":[],"current_hp_per_floor":[72,71,64,64,51,58,58,58,58,53,50,50,44,35,35,42,75,75,75,57,53,50,0],"gold":511,"neow_bonus":"BOSS_RELIC","is_prod":false,"is_daily":false,"chose_seed":false,"campfire_upgraded":3,"win_rate":0,"timestamp":1563971164,"path_taken":["M","M","?","M","M","E","R","?","T","E","?","R","M","M","R","BOSS","M","M","?","M","M","E"],"build_version":"2019-07-05","purchased_purges":0,"victory":false,"max_hp_per_floor":[75,75,75,75,75,75,75,75,75,75,75,75,75,75,75,75,75,75,75,75,75,75,75],"card_choices":[{"not_picked":["Compile Driver","Ball Lightning"],"picked":"Cold Snap","floor":1},{"not_picked":["Streamline","Aggregate"],"picked":"Hologram","floor":2},{"not_picked":["Barrage","Blizzard"],"picked":"Self Repair","floor":4},{"not_picked":["Beam Cell","Compile Driver"],"picked":"Melter","floor":5},{"not_picked":["Steam","Stack"],"picked":"Ball Lightning","floor":6},{"not_picked":["Buffer","Steam Power"],"picked":"Barrage","floor":10},{"not_picked":["Beam Cell","Capacitor"],"picked":"Leap","floor":11},{"not_picked":["Streamline","Leap"],"picked":"Turbo","floor":13},{"not_picked":["Recycle","Aggregate"],"picked":"Fusion","floor":14},{"not_picked":["Multi-Cast","Meteor Strike"],"picked":"Core Surge","floor":16},{"not_picked":["Gash","Beam Cell"],"picked":"Compile Driver","floor":18},{"not_picked":["Streamline","Hologram"],"picked":"Gash","floor":19},{"not_picked":["Conserve Battery","Barrage"],"picked":"Turbo+1","floor":20},{"not_picked":["Steam Power","Go for the Eyes+1"],"picked":"Lockon+1","floor":21},{"not_picked":["Melter","Turbo"],"picked":"Rebound","floor":22}],"player_experience":106404,"relics_obtained":[{"floor":6,"key":"Unceasing Top"},{"floor":8,"key":"Turnip"},{"floor":9,"key":"PreservedInsect"},{"floor":10,"key":"StoneCalendar"}],"event_choices":[{"cards_removed":["Strike_B"],"damage_healed":0,"gold_gain":0,"player_choice":"Card Removal","damage_taken":7,"max_hp_gain":0,"max_hp_loss":0,"event_name":"Golden Wing","floor":3,"gold_loss":0}],"is_beta":false,"boss_relics":[{"not_picked":["White Beast Statue","Sozu"],"picked":"Coffee Dripper"}],"items_purged_floors":[],"is_endless":false,"potions_floor_spawned":[5,6,11,18,20,21],"killed_by":"Gremlin Leader","ascension_level":1}