{"gold_per_floor":[216,216,59,73,73,73,100,115,115,127,147,147,162,5,5,102,102,115,134,152,152,71,104,104,104,104,104,104,114,14,26,26,26],"floor_reached":33,"playtime":2571,"items_purged":["Strike_G","Strike_G"],"score":292,"play_id":"d27d511d-06a4-45a0-ae1e-b5c88a50374c","local_time":"20190710205413","is_ascension_mode":false,"campfire_choices":[{"data":"Flash of Steel","floor":6,"key":"SMITH"},{"data":"Accuracy","floor":15,"key":"SMITH"},{"data":"Infinite Blades","floor":24,"key":"SMITH"},{"data":"Cloak And Dagger","floor":27,"key":"SMITH"},{"floor":32,"key":"REST"}],"neow_cost":"NONE","seed_source_timestamp":17950333184983,"circlet_count":0,"master_deck":["Strike_G","Strike_G","Strike_G","Defend_G","Defend_G","Defend_G","Defend_G","Survivor","Neutralize","Dash","Flash of Steel+1","Flying Knee","Neutralize","Deflect","Venomology","Cloak And Dagger+1","Glass Knife","Flying Knee","Accuracy+1","Deflect","Good Instincts","PiercingWail","Die Die Die","PiercingWail","Infinite Blades+1","Sucker Punch","Dagger Throw+1"],"relics":["Ring of the Snake","Ginger","Blue Candle","Busted Crown","Shovel","Question Card","Matryoshka"],"potions_floor_usage":[7,7,7,11,16,16,16,16,20,23,23,31,33],"damage_taken":[{"damage":0,"enemies":"Small Slimes","floor":1,"turns":6},{"damage":0,"enemies":"Cultist","floor":4,"turns":3},{"damage":2,"enemies":"3 Sentries","floor":7,"turns":9},{"damage":0,"enemies":"Jaw Worm","floor":8,"turns":3},{"damage":0,"enemies":"Looter","floor":10,"turns":3},{"damage":0,"enemies":"Exordium Thugs","floor":11,"turns":3},{"damage":3,"enemies":"2 Fungi Beasts","floor":13,"turns":3},{"damage":45,"enemies":"Slime Boss","floor":16,"turns":12},{"damage":0,"enemies":"Chosen","floor":18,"turns":4},{"damage":11,"enemies":"Spheric Guardian","floor":19,"turns":4},{"damage":20,"enemies":"Cultist and Chosen","floor":20,"turns":8},{"damage":0,"enemies":"Gremlin Leader","floor":23,"turns":6},{"damage":23,"enemies":"Snecko","floor":29,"turns":6},{"damage":15,"enemies":"Snake Plant","floor":31,"turns":5},{"damage":8,"enemies":"Automaton","floor":33,"turns":6}],"seed_played":"445331671224122288","potions_obtained":[{"floor":2,"key":"Weak Potion"},{"floor":2,"key":"SneckoOil"},{"floor":2,"key":"Dexterity Potion"},{"floor":8,"key":"SpeedPotion"},{"floor":10,"key":"Explosive Potion"},{"floor":13,"key":"EssenceOfSteel"},{"floor":20,"key":"AttackPotion"},{"floor":23,"key":"Energy Potion"},{"floor":29,"key":"SpeedPotion"}],"is_trial":false,"path_per_floor":["M","?","$","M","?","R","E","M","T","M","M","?","M","$","R","B",null,"M","M","M","?","$","E","R","T","T","R","?","M","$","M","R","B"],"character_chosen":"THE_SILENT","items_purchased":["Flash of Steel","Deflect","Good Instincts","PiercingWail","Infinite Blades"],"campfire_rested":1,"item_purchase_floors":[3,14,14,14,22],"current_hp_per_floor":[70,70,70,70,70,70,68,68,68,68,68,68,65,65,65,20,70,70,59,53,40,40,40,40,40,40,40,40,17,17,2,24,16],"gold":26,"neow_bonus":"HUNDRED_GOLD","is_prod":false,"is_daily":false,"chose_seed":false,"campfire_upgraded":4,"win_rate":0.0,"timestamp":1562810053,"path_taken":["M","?","$","?","?","R","E","M","T","M","?","?","M","$","R","BOSS","M","?","M","?","$","E","R","?","T","R","?","M","$","M","R","BOSS"],"build_version":"2019-07-05","purchased_purges":2,"victory":false,"max_hp_per_floor":[70,70,70,70,70,70,70,70,70,70,70,70,70,70,70,70,70,70,70,70,75,75,75,75,75,75,75,75,75,75,75,75,75],"card_choices":[{"not_picked":["Prepared","Dodge and Roll"],"picked":"Dash","floor":1},{"not_picked":["Dagger Spray","Dash"],"picked":"Flying Knee","floor":4},{"not_picked":["Dagger Spray","Distraction"],"picked":"Cloak And Dagger","floor":7},{"not_picked":["Eviscerate","Crippling Poison","Deadly Poison"],"picked":"SKIP","floor":8},{"not_picked":["Poisoned Stab","Quick Slash"],"picked":"Glass Knife","floor":10},{"not_picked":["PiercingWail","Masterful Stab"],"picked":"Flying Knee","floor":11},{"not_picked":["Wraith Form v2","Escape Plan"],"picked":"Accuracy","floor":13},{"not_picked":["Tools of the Trade","Phantasmal Killer"],"picked":"Die Die Die","floor":16},{"not_picked":[],"picked":"PiercingWail","floor":18},{"not_picked":["Deadly Poison+1"],"picked":"SKIP","floor":19},{"not_picked":["Prepared"],"picked":"SKIP","floor":20},{"not_picked":["Heel Hook"],"picked":"SKIP","floor":23},{"not_picked":["Prepared"],"picked":"Sucker Punch","floor":29},{"not_picked":["Calculated Gamble+1"],"picked":"Dagger Throw+1","floor":31}],"player_experience":86710,"relics_obtained":[{"floor":7,"key":"Ginger"},{"floor":9,"key":"Blue Candle"},{"floor":23,"key":"Shovel"},{"floor":25,"key":"Question Card"},{"floor":26,"key":"Matryoshka"}],"event_choices":[{"damage_healed":0,"gold_gain":0,"player_choice":"Got Potions","damage_taken":0,"max_hp_gain":0,"max_hp_loss":0,"event_name":"Lab","floor":2,"gold_loss":0},{"damage_healed":0,"gold_gain":0,"player_choice":"3 cards matched","damage_taken":0,"max_hp_gain":0,"max_hp_loss":0,"event_name":"Match and Keep!","floor":5,"gold_loss":0,"cards_obtained":["Neutralize","Deflect","Venomology"]},{"cards_removed":["Defend_G"],"damage_healed":0,"gold_gain":0,"player_choice":"Purged","damage_taken":0,"max_hp_gain":0,"max_hp_loss":0,"event_name":"Purifier","floor":12,"gold_loss":0},{"damage_healed":0,"gold_gain":0,"player_choice":"Shed Blood","damage_taken":18,"max_hp_gain":5,"max_hp_loss":0,"event_name":"Forgotten Altar","floor":21,"gold_loss":0},{"damage_healed":0,"gold_gain":0,"player_choice":"Ignored","damage_taken":0,"max_hp_gain":0,"max_hp_loss":0,"event_name":"NoteForYourself","floor":28,"gold_loss":0}],"is_beta":false,"boss_relics":[{"not_picked":["Empty Cage","Velvet Choker"],"picked":"Busted Crown"}],"items_purged_floors":[3,30],"is_endless":false,"potions_floor_spawned":[8,10,13,20,23,29],"killed_by":"Automaton","ascension_level":0}