{"gold_per_floor":[117,117,66,138,153,183,183,258,285,16,16,36,50,66,66,66],"floor_reached":16,"playtime":414,"items_purged":["Strike_B"],"score":125,"play_id":"2b64d7e4-4612-4b77-95d1-9a25f7866493","local_time":"20190724211254","is_ascension_mode":false,"campfire_choices":[{"data":"Coolheaded","floor":7,"key":"SMITH"},{"data":"Turbo","floor":11,"key":"SMITH"},{"floor":15,"key":"RECALL"}],"neow_cost":"NONE","seed_source_timestamp":190232106061882,"circlet_count":0,"master_deck":["Strike_B","Strike_B","Strike_B","Defend_B","Defend_B","Defend_B","Defend_B","Zap","Leap","Static Discharge","Gash","Coolheaded+1","Turbo","Turbo+1","Turbo"],"relics":["Cracked Core","NeowsBlessing","The Courier","Cables","DollysMirror"],"potions_floor_usage":[13,16],"damage_taken":[{"damage":0,"enemies":"2 Louse","floor":1,"turns":1},{"damage":0,"enemies":"Cultist","floor":5,"turns":1},{"damage":0,"enemies":"Gremlin Nob","floor":6,"turns":1},{"damage":0,"enemies":"Jaw Worm","floor":12,"turns":3},{"damage":0,"enemies":"3 Louse","floor":13,"turns":4},{"damage":2,"enemies":"Exordium Wildlife","floor":14,"turns":5},{"damage":63,"enemies":"Slime Boss","floor":16,"turns":12}],"seed_played":"-6978185296848736032","potions_obtained":[{"floor":5,"key":"SpeedPotion"},{"floor":12,"key":"Block Potion"}],"is_trial":false,"path_per_floor":["M","?","$","T","M","E","R","?","T","$","R","M","M","M","R","B"],"character_chosen":"DEFECT","items_purchased":["Gash","Turbo","DollysMirror"],"campfire_rested":0,"item_purchase_floors":[3,10,10],"current_hp_per_floor":[75,75,75,75,75,75,75,64,64,64,64,64,64,62,62,0],"gold":66,"neow_bonus":"THREE_ENEMY_KILL","is_prod":false,"is_daily":false,"chose_seed":false,"campfire_upgraded":2,"win_rate":0,"timestamp":1564017174,"path_taken":["M","?","$","?","M","E","R","?","T","$","R","?","M","M","R","BOSS"],"build_version":"2019-07-17","purchased_purges":1,"victory":false,"max_hp_per_floor":[75,75,75,75,75,75,75,75,75,75,75,75,75,75,75,75],"card_choices":[{"not_picked":["Ball Lightning","Genetic Algorithm"],"picked":"Leap","floor":1},{"not_picked":["Reinforced Body","Hello World","Barrage"],"picked":"SKIP","floor":5},{"not_picked":["Stack","Leap"],"picked":"Coolheaded","floor":6},{"not_picked":["Compile Driver","Cold Snap","Biased Cognition"],"picked":"SKIP","floor":12},{"not_picked":["Ball Lightning","Leap","Lockon"],"picked":"SKIP","floor":13},{"not_picked":["Glacier","Ball Lightning"],"picked":"Turbo","floor":14}],"player_experience":124859,"relics_obtained":[{"floor":4,"key":"The Courier"},{"floor":6,"key":"Cables"}],"event_choices":[{"damage_healed":0,"gold_gain":0,"cards_transformed":["Dualcast"],"player_choice":"Transformed","damage_taken":0,"max_hp_gain":0,"max_hp_loss":0,"event_name":"Transmorgrifier","floor":2,"gold_loss":0,"cards_obtained":["Static Discharge"]},{"damage_healed":0,"gold_gain":75,"player_choice":"Gather Gold","damage_taken":11,"max_hp_gain":0,"max_hp_loss":0,"event_name":"World of Goop","floor":8,"gold_loss":0}],"is_beta":false,"boss_relics":[],"items_purged_floors":[10],"is_endless":false,"potions_floor_spawned":[5,12],"killed_by":"Slime Boss","ascension_level":0}