{"gold_per_floor":[219,219,49,68,85,101,115,115,115,115,115,115,145,159,159,257,257,267,281,13,13,32,32,32],"floor_reached":24,"playtime":1411,"items_purged":["Strike_G","Strike_G"],"score":198,"play_id":"7351d212-64ab-4db6-a8cb-39fe6a50d268","local_time":"20190716174348","is_ascension_mode":false,"campfire_choices":[{"data":"Neutralize","floor":10,"key":"SMITH"},{"data":"Poisoned Stab","floor":12,"key":"SMITH"},{"floor":15,"key":"REST"},{"data":"Sucker Punch","floor":23,"key":"SMITH"}],"neow_cost":"NONE","seed_source_timestamp":10150726577695,"circlet_count":0,"master_deck":["Strike_G","Strike_G","Strike_G+1","Defend_G","Defend_G","Defend_G","Defend_G","Survivor+1","Neutralize+1","Deflect+1","Deadly Poison","Quick Slash","Poisoned Stab+1","Bane","Finisher","Outmaneuver+1","Sucker Punch+1","Bane","A Thousand Cuts","Sucker Punch+1","Flying Knee","Heel Hook+1"],"relics":["Ring of the Serpent","Centennial Puzzle","PreservedInsect","War Paint"],"potions_floor_usage":[6,7,16,19],"damage_taken":[{"damage":0,"enemies":"2 Louse","floor":1,"turns":3},{"damage":0,"enemies":"Jaw Worm","floor":4,"turns":4},{"damage":0,"enemies":"Cultist","floor":5,"turns":3},{"damage":4,"enemies":"Blue Slaver","floor":6,"turns":3},{"damage":3,"enemies":"Exordium Thugs","floor":7,"turns":5},{"damage":12,"enemies":"Gremlin Nob","floor":13,"turns":3},{"damage":2,"enemies":"Looter","floor":14,"turns":3},{"damage":23,"enemies":"Hexaghost","floor":16,"turns":10},{"damage":23,"enemies":"2 Thieves","floor":18,"turns":4},{"damage":8,"enemies":"3 Byrds","floor":19,"turns":6},{"damage":8,"enemies":"Snake Plant","floor":22,"turns":4},{"damage":17,"enemies":"Shelled Parasite and Fungi","floor":24,"turns":4}],"seed_played":"-9182281012956562452","potions_obtained":[{"floor":1,"key":"GhostInAJar"},{"floor":4,"key":"FearPotion"},{"floor":5,"key":"AttackPotion"},{"floor":14,"key":"EssenceOfSteel"},{"floor":18,"key":"Poison Potion"}],"is_trial":false,"path_per_floor":["M","?","$","M","M","M","M","?","T","R","?","R","E","M","R","B",null,"M","M","$","?","M","R","M"],"character_chosen":"THE_SILENT","items_purchased":["Deadly Poison","Quick Slash","Flying Knee","War Paint"],"campfire_rested":1,"item_purchase_floors":[3,3,20,20],"current_hp_per_floor":[70,63,63,63,63,59,56,42,42,42,42,42,30,28,49,26,70,47,39,39,39,31,31,14],"gold":32,"neow_bonus":"HUNDRED_GOLD","is_prod":false,"is_daily":false,"chose_seed":false,"campfire_upgraded":3,"win_rate":0,"timestamp":1563317028,"path_taken":["M","?","$","M","M","M","M","?","T","R","?","R","E","M","R","BOSS","M","M","?","?","?","R","M"],"build_version":"2019-07-05","purchased_purges":2,"victory":false,"max_hp_per_floor":[70,70,70,70,70,70,70,70,70,70,70,70,70,70,70,70,70,70,70,70,70,70,70,70],"card_choices":[{"not_picked":["Endless Agony","Well Laid Plans"],"picked":"Deflect","floor":1},{"not_picked":["Reflex","Setup"],"picked":"Poisoned Stab","floor":4},{"not_picked":["Terror","Quick Slash"],"picked":"Bane","floor":5},{"not_picked":["Escape Plan","Acrobatics"],"picked":"Finisher","floor":6},{"not_picked":["Dagger Spray","Burst"],"picked":"Outmaneuver","floor":7},{"not_picked":["Cloak And Dagger","Prepared"],"picked":"Sucker Punch","floor":13},{"not_picked":["Dagger Throw","Sucker Punch"],"picked":"Bane","floor":14},{"not_picked":["Grand Finale","Night Terror"],"picked":"A Thousand Cuts","floor":16},{"not_picked":["Expertise","Poisoned Stab"],"picked":"Sucker Punch","floor":18},{"not_picked":["Distraction","Dagger Throw+1","Cloak And Dagger"],"picked":"SKIP","floor":19},{"not_picked":["Underhanded Strike+1","Dodge and Roll+1"],"picked":"Heel Hook+1","floor":22}],"player_experience":171789,"relics_obtained":[{"floor":9,"key":"Centennial Puzzle"},{"floor":13,"key":"PreservedInsect"}],"event_choices":[{"cards_removed":["Defend_G"],"damage_healed":0,"gold_gain":0,"player_choice":"Card Removal","damage_taken":7,"max_hp_gain":0,"max_hp_loss":0,"event_name":"Golden Wing","floor":2,"gold_loss":0},{"damage_healed":0,"gold_gain":0,"player_choice":"Entered Light","damage_taken":14,"max_hp_gain":0,"max_hp_loss":0,"event_name":"Shining Light","floor":8,"gold_loss":0,"cards_upgraded":["Strike_G","Deflect"]},{"damage_healed":0,"gold_gain":0,"player_choice":"Ignored","damage_taken":0,"max_hp_gain":0,"max_hp_loss":0,"event_name":"WeMeetAgain","floor":11,"gold_loss":0},{"damage_healed":0,"gold_gain":0,"player_choice":"Forge","damage_taken":0,"max_hp_gain":0,"max_hp_loss":0,"event_name":"Accursed Blacksmith","floor":21,"gold_loss":0,"cards_upgraded":["Sucker Punch"]}],"is_beta":false,"boss_relics":[{"not_picked":["Pandora\u0027s Box","Runic Dome"],"picked":"Ring of the Serpent"}],"items_purged_floors":[3,20],"is_endless":false,"potions_floor_spawned":[1,4,5,14,18],"killed_by":"Shelled Parasite and Fungi","ascension_level":0}