{"gold_per_floor":[215,62,74,48,65,65,83,101,101,117,130,155,75,90,90,192,192,209,226,226,5,5],"floor_reached":22,"playtime":1140,"items_purged":["Strike_R","Strike_R"],"score":215,"play_id":"049ef016-1913-4e7c-9323-c9ab40ee4442","local_time":"20190127152602","is_ascension_mode":false,"campfire_choices":[{"floor":15,"key":"REST"}],"neow_cost":"NONE","seed_source_timestamp":1537090458498541,"circlet_count":0,"master_deck":["Defend_R","Defend_R","Defend_R","Defend_R","Bash","Rupture","Rupture","Pummel","Shrug It Off","Blood for Blood","Bloodletting","Heavy Blade","Dual Wield","Demon Form","Limit Break","Seeing Red","Cleave","Hemokinesis","Bite","Bite","Bite","Bite","Bite","Ghostly Armor","Barricade","Metallicize"],"relics":["Burning Blood","FaceOfCleric","WingedGreaves","The Courier","Orrery"],"potions_floor_usage":[12,16,16,19,22,22],"damage_taken":[{"damage":3,"enemies":"2 Louse","floor":1,"turns":3},{"damage":8,"enemies":"Cultist","floor":3,"turns":5},{"damage":6,"enemies":"Small Slimes","floor":5,"turns":4},{"damage":6,"enemies":"2 Fungi Beasts","floor":7,"turns":4},{"damage":17,"enemies":"Exordium Thugs","floor":8,"turns":6},{"damage":7,"enemies":"Large Slime","floor":10,"turns":8},{"damage":14,"enemies":"2 Fungi Beasts","floor":11,"turns":5},{"damage":44,"enemies":"3 Sentries","floor":12,"turns":10},{"damage":23,"enemies":"Exordium Wildlife","floor":14,"turns":6},{"damage":17,"enemies":"Hexaghost","floor":16,"turns":7},{"damage":50,"enemies":"Spheric Guardian","floor":18,"turns":7},{"damage":18,"enemies":"Shell Parasite","floor":19,"turns":5},{"damage":62,"enemies":"3 Cultists","floor":22,"turns":5}],"seed_played":"-8988699979286754310","potions_obtained":[{"floor":3,"key":"Weak Potion"},{"floor":5,"key":"Strength Potion"},{"floor":7,"key":"Regen Potion"},{"floor":14,"key":"SpeedPotion"},{"floor":16,"key":"BloodPotion"},{"floor":19,"key":"Swift Potion"}],"is_trial":false,"path_per_floor":["M","$","M","$","M","?","M","M","T","M","M","E","$","M","R","B",null,"M","M","?","$","M"],"character_chosen":"IRONCLAD","items_purchased":["Rupture","Shrug It Off","Ghostly Armor","Barricade","Metallicize"],"campfire_rested":1,"item_purchase_floors":[2,4,21,21,21],"current_hp_per_floor":[80,80,78,78,78,78,79,69,69,69,62,40,40,24,49,39,87,44,33,33,33,0],"gold":5,"neow_bonus":"HUNDRED_GOLD","is_prod":false,"is_daily":false,"chose_seed":false,"campfire_upgraded":0,"win_rate":0,"timestamp":1548599162,"path_taken":["M","$","M","$","M","?","M","M","T","M","M","E","$","?","R","BOSS","M","M","?","$","M"],"build_version":"2019-01-23","purchased_purges":2,"victory":false,"max_hp_per_floor":[80,80,80,80,80,80,81,82,82,83,84,85,85,86,86,87,87,88,89,62,62,62],"card_choices":[{"not_picked":["Havoc","Hemokinesis"],"picked":"Rupture","floor":1},{"not_picked":["Ghostly Armor","Perfected Strike"],"picked":"Pummel","floor":3},{"not_picked":["Perfected Strike","Body Slam","Clothesline"],"picked":"SKIP","floor":5},{"not_picked":["Spot Weakness","Flex"],"picked":"Blood for Blood","floor":7},{"not_picked":["Metallicize","Shrug It Off","Body Slam"],"picked":"SKIP","floor":8},{"not_picked":["Sword Boomerang","Flame Barrier"],"picked":"Bloodletting","floor":10},{"not_picked":["Intimidate","Sever Soul"],"picked":"Heavy Blade","floor":11},{"not_picked":["Rage","Anger"],"picked":"Dual Wield","floor":12},{"not_picked":["Headbutt","Spot Weakness"],"picked":"Demon Form","floor":14},{"not_picked":["Immolate","Double Tap"],"picked":"Limit Break","floor":16},{"not_picked":["Feel No Pain","Evolve"],"picked":"Seeing Red","floor":17},{"not_picked":["Havoc","Wild Strike"],"picked":"Cleave","floor":17},{"not_picked":["Pommel Strike","Carnage"],"picked":"Hemokinesis","floor":17},{"not_picked":["Clash","Shrug It Off","Metallicize"],"picked":"SKIP","floor":18},{"not_picked":["Dual Wield","Twin Strike","Anger"],"picked":"SKIP","floor":19}],"player_experience":155644,"relics_obtained":[{"floor":9,"key":"WingedGreaves"},{"floor":12,"key":"The Courier"}],"event_choices":[{"damage_healed":0,"gold_gain":0,"player_choice":"Trade","damage_taken":0,"relics_obtained":["FaceOfCleric"],"max_hp_gain":0,"max_hp_loss":0,"event_name":"FaceTrader","floor":6,"gold_loss":0},{"damage_healed":0,"gold_gain":0,"player_choice":"Became a vampire","damage_taken":0,"max_hp_gain":0,"max_hp_loss":27,"event_name":"Vampires","floor":20,"gold_loss":0,"cards_obtained":["Bite","Bite","Bite","Bite","Bite"]}],"is_beta":false,"boss_relics":[{"not_picked":["Mark of Pain","Ectoplasm"],"picked":"Orrery"}],"items_purged_floors":[2,13],"is_endless":false,"potions_floor_spawned":[3,5,7,14,16,19],"killed_by":"3 Cultists","ascension_level":0}