{"gold_per_floor":[209,209,219,219,229,229,255,255,255,255,255,302,302,302,302,421,421,435,456,17,32,4,4,27,27,51,72,72,115,115],"floor_reached":30,"playtime":2397,"items_purged":["Strike_B"],"score":271,"play_id":"38f409e0-778f-4936-8ba2-4c0d0fd64305","local_time":"20190711224153","is_ascension_mode":false,"campfire_choices":[{"data":"Conserve Battery","floor":6,"key":"SMITH"},{"data":"Dualcast","floor":8,"key":"SMITH"},{"data":"Zap","floor":10,"key":"SMITH"},{"floor":13,"key":"REST"},{"data":"Gash","floor":15,"key":"SMITH"},{"floor":23,"key":"REST"},{"data":"Seek","floor":25,"key":"SMITH"},{"floor":28,"key":"REST"}],"neow_cost":"NONE","seed_source_timestamp":18926103874855,"circlet_count":0,"master_deck":["Strike_B","Strike_B+1","Strike_B","Defend_B","Defend_B","Defend_B","Defend_B","Zap+1","Dualcast+1","Conserve Battery+1","Glacier+1","Barrage","Barrage","Gash+1","Seek+1","FTL","Go for the Eyes","Dramatic Entrance","Skim","Barrage","Go for the Eyes","Gash+1","Capacitor","Go for the Eyes+1","Hologram+1","Ball Lightning","Go for the Eyes"],"relics":["Cracked Core","The Courier","Matryoshka","Lantern","Dream Catcher","Golden Idol","Inserter","Mercury Hourglass","Omamori","Potion Belt","Kunai"],"potions_floor_usage":[7,16,16,21,30],"damage_taken":[{"damage":2,"enemies":"Small Slimes","floor":1,"turns":4},{"damage":0,"enemies":"Cultist","floor":3,"turns":4},{"damage":2,"enemies":"2 Louse","floor":5,"turns":3},{"damage":14,"enemies":"3 Sentries","floor":7,"turns":9},{"damage":39,"enemies":"Hexaghost","floor":16,"turns":13},{"damage":4,"enemies":"3 Byrds","floor":18,"turns":5},{"damage":18,"enemies":"2 Thieves","floor":19,"turns":5},{"damage":32,"enemies":"Snecko","floor":21,"turns":6},{"damage":6,"enemies":"Snake Plant","floor":24,"turns":6},{"damage":16,"enemies":"Sentry and Sphere","floor":27,"turns":5},{"damage":11,"enemies":"Gremlin Leader","floor":29,"turns":6},{"damage":23,"enemies":"Masked Bandits","floor":30,"turns":3}],"seed_played":"-5217958308968909997","potions_obtained":[{"floor":1,"key":"Weak Potion"},{"floor":2,"key":"Block Potion"},{"floor":2,"key":"SkillPotion"},{"floor":19,"key":"Ancient Potion"},{"floor":24,"key":"FocusPotion"},{"floor":29,"key":"EssenceOfSteel"}],"is_trial":false,"path_per_floor":["M","?","M","?","M","R","E","R","T","R","?","T","R","?","R","B",null,"M","M","$","M","$","R","M","R","T","M","R","E","?"],"character_chosen":"DEFECT","items_purchased":["Mercury Hourglass","Dramatic Entrance","Skim","Barrage","Go for the Eyes","Capacitor"],"campfire_rested":3,"item_purchase_floors":[20,20,20,20,20,22],"current_hp_per_floor":[73,73,73,58,56,56,42,42,42,42,42,42,64,64,64,25,69,65,47,47,15,15,35,29,29,29,13,33,22,0],"gold":115,"neow_bonus":"HUNDRED_GOLD","is_prod":false,"is_daily":false,"chose_seed":false,"campfire_upgraded":5,"win_rate":0.0,"timestamp":1562902913,"path_taken":["M","?","?","?","M","R","E","R","T","R","?","?","R","?","R","BOSS","M","M","$","M","$","R","M","R","T","M","R","E","?"],"build_version":"2019-07-05","purchased_purges":1,"victory":false,"max_hp_per_floor":[75,75,75,75,75,75,75,75,75,75,75,75,75,69,69,69,69,69,69,69,69,69,69,69,69,69,69,69,69,69],"card_choices":[{"not_picked":["Ball Lightning","Beam Cell"],"picked":"Conserve Battery","floor":1},{"not_picked":["Coolheaded","Leap"],"picked":"Glacier","floor":3},{"not_picked":["Coolheaded","Go for the Eyes"],"picked":"Barrage","floor":5},{"not_picked":["Double Energy","Steam"],"picked":"Barrage","floor":7},{"not_picked":["Glacier","Steam"],"picked":"Gash","floor":13},{"not_picked":["Machine Learning","Buffer"],"picked":"Seek","floor":16},{"not_picked":["Coolheaded+1","Leap"],"picked":"FTL","floor":18},{"not_picked":["Barrage+1","Force Field"],"picked":"Go for the Eyes","floor":19},{"not_picked":["Compile Driver","Go for the Eyes"],"picked":"Gash+1","floor":21},{"not_picked":["Skim","Stack"],"picked":"Go for the Eyes+1","floor":23},{"not_picked":["Conserve Battery","Amplify"],"picked":"Hologram+1","floor":24},{"not_picked":["Static Discharge","Sweeping Beam","Stack"],"picked":"SKIP","floor":27},{"not_picked":["Gash","Force Field"],"picked":"Ball Lightning","floor":28},{"not_picked":["Redo","Chaos"],"picked":"Go for the Eyes","floor":29}],"player_experience":117827,"relics_obtained":[{"floor":7,"key":"The Courier"},{"floor":9,"key":"Matryoshka"},{"floor":12,"key":"Lantern"},{"floor":12,"key":"Dream Catcher"},{"floor":26,"key":"Omamori"},{"floor":26,"key":"Potion Belt"},{"floor":29,"key":"Kunai"}],"event_choices":[{"damage_healed":0,"gold_gain":0,"player_choice":"Got Potions","damage_taken":0,"max_hp_gain":0,"max_hp_loss":0,"event_name":"Lab","floor":2,"gold_loss":0},{"damage_healed":0,"gold_gain":0,"player_choice":"Entered Light","damage_taken":15,"max_hp_gain":0,"max_hp_loss":0,"event_name":"Shining Light","floor":4,"gold_loss":0,"cards_upgraded":["Glacier","Strike_B"]},{"damage_healed":0,"gold_gain":0,"player_choice":"Ignored","damage_taken":0,"max_hp_gain":0,"max_hp_loss":0,"event_name":"Liars Game","floor":11,"gold_loss":0},{"damage_healed":0,"gold_gain":0,"player_choice":"Lose Max HP","damage_taken":0,"relics_obtained":["Golden Idol"],"max_hp_gain":0,"max_hp_loss":6,"event_name":"Golden Idol","floor":14,"gold_loss":0},{"damage_healed":0,"gold_gain":0,"player_choice":"Fought Bandits","damage_taken":0,"max_hp_gain":0,"max_hp_loss":0,"event_name":"Masked Bandits","floor":30,"gold_loss":0}],"is_beta":false,"boss_relics":[{"not_picked":["Calling Bell","Philosopher\u0027s Stone"],"picked":"Inserter"}],"items_purged_floors":[20],"is_endless":false,"potions_floor_spawned":[1,5,19,24,29],"killed_by":"Masked Bandits","ascension_level":0}