{"gold_per_floor":[12,12,31,51,51,51,51],"floor_reached":7,"playtime":549,"items_purged":[],"score":41,"play_id":"750e84da-9596-454b-97b5-f439ed02dc57","local_time":"20190723014532","is_ascension_mode":false,"campfire_choices":[{"data":"True Grit","floor":6,"key":"SMITH"}],"neow_cost":"NO_GOLD","seed_source_timestamp":21418212633100,"circlet_count":0,"master_deck":["Strike_R","Strike_R","Strike_R","Strike_R","Strike_R+1","Defend_R+1","Defend_R","Defend_R","Defend_R","Bash","Feed","Evolve","True Grit+1","Second Wind"],"relics":["Burning Blood"],"potions_floor_usage":[7,7,7],"damage_taken":[{"damage":5,"enemies":"Small Slimes","floor":1,"turns":3},{"damage":17,"enemies":"Cultist","floor":3,"turns":7},{"damage":9,"enemies":"2 Louse","floor":4,"turns":3},{"damage":83,"enemies":"Gremlin Nob","floor":7,"turns":6}],"seed_played":"7758286944592318194","potions_obtained":[{"floor":1,"key":"SpeedPotion"},{"floor":2,"key":"Regen Potion"},{"floor":2,"key":"SmokeBomb"},{"floor":2,"key":"BloodPotion"}],"is_trial":false,"path_per_floor":["?","M","?","?"],"character_chosen":"IRONCLAD","items_purchased":[],"campfire_rested":0,"item_purchase_floors":[],"current_hp_per_floor":[83,83,72,69,52,52,0],"gold":51,"neow_bonus":"THREE_RARE_CARDS","is_prod":false,"is_daily":false,"chose_seed":false,"campfire_upgraded":1,"win_rate":0.0,"timestamp":1563860732,"path_taken":["M","?","M","?","?","R","?"],"build_version":"2019-01-23","purchased_purges":0,"victory":false,"max_hp_per_floor":[83,83,83,83,83,83,83],"card_choices":[{"not_picked":["Limit Break","Double Tap"],"picked":"Feed","floor":0},{"not_picked":["Spot Weakness","Clothesline"],"picked":"Evolve","floor":1},{"not_picked":["Clothesline","Whirlwind"],"picked":"True Grit","floor":3},{"not_picked":["Carnage","Heavy Blade"],"picked":"Second Wind","floor":4}],"player_experience":96202,"relics_obtained":[],"event_choices":[{"damage_healed":0,"gold_gain":0,"player_choice":"Got Potions","damage_taken":0,"max_hp_gain":0,"max_hp_loss":0,"event_name":"Lab","floor":2,"gold_loss":0},{"damage_healed":0,"gold_gain":0,"player_choice":"Entered Light","damage_taken":17,"max_hp_gain":0,"max_hp_loss":0,"event_name":"Shining Light","floor":5,"gold_loss":0,"cards_upgraded":["Defend_R","Strike_R"]},{"damage_healed":0,"gold_gain":0,"player_choice":"Searched \u00271\u0027 times","damage_taken":0,"max_hp_gain":0,"max_hp_loss":0,"event_name":"Dead Adventurer","floor":7,"gold_loss":0}],"is_beta":false,"boss_relics":[],"items_purged_floors":[],"is_endless":false,"potions_floor_spawned":[1,3],"killed_by":"Gremlin Nob","ascension_level":0}