{"gold_per_floor":[118,136,136,31,46,46,80,98,98,173,21,21,40,60,60,183,183,198,123,23,47,67,67,107,120,147,147,147,168,193,209,209,330,330,354,370,18,43,56,56,0,0,0,0],"floor_reached":44,"playtime":3911,"items_purged":["Strike_B","Defend_B"],"score":459,"play_id":"eae97e1d-4763-4489-85e2-4b025877b8da","local_time":"20190723132001","is_ascension_mode":false,"campfire_choices":[{"data":"Zap","floor":6,"key":"SMITH"},{"data":"Defragment","floor":15,"key":"SMITH"},{"data":"Defragment","floor":23,"key":"SMITH"},{"data":"Lockon","floor":28,"key":"SMITH"},{"data":"Loop","floor":32,"key":"SMITH"},{"data":"Dualcast","floor":40,"key":"SMITH"},{"data":"Capacitor","floor":42,"key":"SMITH"}],"neow_cost":"NONE","seed_source_timestamp":39295809116727,"circlet_count":0,"master_deck":["Defend_B","Defend_B","Defend_B","Zap+1","Dualcast+1","Go for the Eyes","Lockon+1","Turbo","Self Repair","Compile Driver","Doom and Gloom","Defragment+1","Defragment+1","Conserve Battery","Coolheaded","Coolheaded","Redo","Core Surge","Force Field","Steam+1","Fusion+1","Heatsinks+1","Compile Driver","Loop+1","Reboot","Turbo+1","Melter","Ball Lightning+1","Undo","White Noise","Creative AI","White Noise","Hologram+1","Leap+1","Capacitor+1","Creative AI","Hologram","Recycle+1","Go for the Eyes+1","All For One","Heatsinks","Defragment+1","All For One","Ball Lightning+1","Barrage+1"],"relics":["Empty Cage","Golden Idol","Bottled Tornado","Prayer Wheel","Torii","Nuclear Battery","Bronze Scales","Blood Vial","CultistMask","Orrery","DollysMirror","Red Mask","Dream Catcher"],"potions_floor_usage":[7,8,16,24,24,44,44,44],"damage_taken":[{"damage":6,"enemies":"Jaw Worm","floor":1,"turns":5},{"damage":2,"enemies":"2 Louse","floor":2,"turns":3},{"damage":1,"enemies":"Cultist","floor":5,"turns":3},{"damage":32,"enemies":"3 Sentries","floor":7,"turns":8},{"damage":1,"enemies":"2 Fungi Beasts","floor":8,"turns":4},{"damage":8,"enemies":"Red Slaver","floor":13,"turns":4},{"damage":2,"enemies":"Blue Slaver","floor":14,"turns":4},{"damage":28,"enemies":"Slime Boss","floor":16,"turns":11},{"damage":2,"enemies":"Shell Parasite","floor":18,"turns":6},{"damage":11,"enemies":"Spheric Guardian","floor":21,"turns":6},{"damage":20,"enemies":"Centurion and Healer","floor":22,"turns":7},{"damage":21,"enemies":"Slavers","floor":24,"turns":6},{"damage":12,"enemies":"Shelled Parasite and Fungi","floor":25,"turns":4},{"damage":0,"enemies":"Sentry and Sphere","floor":29,"turns":3},{"damage":2,"enemies":"Centurion and Healer","floor":30,"turns":6},{"damage":2,"enemies":"Cultist and Chosen","floor":31,"turns":5},{"damage":28,"enemies":"Collector","floor":33,"turns":7},{"damage":48,"enemies":"3 Darklings","floor":35,"turns":4},{"damage":9,"enemies":"3 Shapes","floor":36,"turns":5},{"damage":0,"enemies":"Spire Growth","floor":38,"turns":4},{"damage":0,"enemies":"Sphere and 2 Shapes","floor":39,"turns":4},{"damage":39,"enemies":"2 Orb Walkers","floor":44,"turns":5}],"seed_played":"649083206975118758","potions_obtained":[{"floor":1,"key":"Ancient Potion"},{"floor":5,"key":"FearPotion"},{"floor":7,"key":"Block Potion"},{"floor":13,"key":"Dexterity Potion"},{"floor":18,"key":"EssenceOfSteel"},{"floor":22,"key":"PowerPotion"},{"floor":30,"key":"Ancient Potion"},{"floor":33,"key":"EssenceOfSteel"},{"floor":35,"key":"FearPotion"}],"is_trial":false,"path_per_floor":["M","M","?","$","M","R","E","M","T","?","$","?","M","M","R","B",null,"M","?","$","M","M","R","E","M","T","?","R","M","M","M","R","B",null,"M","M","$","M","M","R","?","R","T","?"],"character_chosen":"DEFECT","items_purchased":["Turbo","Self Repair","Defragment","All For One","Heatsinks","DollysMirror"],"campfire_rested":0,"item_purchase_floors":[4,4,11,37,37,37],"current_hp_per_floor":[69,67,49,49,55,55,30,36,36,25,25,25,24,29,29,8,75,75,75,75,71,58,58,44,39,39,39,39,48,55,62,62,43,75,27,20,20,22,31,31,31,31,31,0],"gold":0,"neow_bonus":"BOSS_RELIC","is_prod":false,"is_daily":false,"chose_seed":false,"campfire_upgraded":7,"win_rate":0,"timestamp":1563880801,"path_taken":["M","M","?","$","M","R","E","M","T","?","$","?","M","M","R","BOSS","M","?","$","M","M","R","E","M","T","?","R","M","M","M","R","BOSS","M","M","$","M","M","R","?","R","T","?"],"build_version":"2019-07-05","purchased_purges":2,"victory":false,"max_hp_per_floor":[75,75,75,75,75,75,75,75,75,75,75,75,75,75,75,75,75,75,75,75,75,75,75,75,75,75,75,75,75,75,75,75,75,75,75,75,75,75,75,75,75,75,75,75],"card_choices":[{"not_picked":["Glacier","Gash"],"picked":"Go for the Eyes","floor":1},{"not_picked":["Consume","Compile Driver"],"picked":"Lockon","floor":2},{"not_picked":["Gash","Heatsinks"],"picked":"Compile Driver","floor":5},{"not_picked":["Steam Power","Beam Cell"],"picked":"Doom and Gloom","floor":7},{"not_picked":["Leap","Heatsinks"],"picked":"Defragment","floor":8},{"not_picked":["Beam Cell","Doom and Gloom"],"picked":"Conserve Battery","floor":13},{"not_picked":["Beam Cell","Steam Power"],"picked":"Coolheaded","floor":13},{"not_picked":["Reinforced Body","Steam"],"picked":"Coolheaded","floor":14},{"not_picked":["Coolheaded","Leap"],"picked":"Redo","floor":14},{"not_picked":["Biased Cognition","Amplify"],"picked":"Core Surge","floor":16},{"not_picked":["Sweeping Beam+1","Consume+1"],"picked":"Force Field","floor":18},{"not_picked":["Hello World","Hologram"],"picked":"Steam+1","floor":18},{"not_picked":["Reinforced Body","Ball Lightning+1"],"picked":"Fusion+1","floor":21},{"not_picked":["Sweeping Beam+1","Beam Cell+1"],"picked":"Heatsinks+1","floor":21},{"not_picked":["Go for the Eyes","Leap"],"picked":"Compile Driver","floor":22},{"not_picked":["Streamline","Blizzard"],"picked":"Loop","floor":22},{"not_picked":["Reinforced Body","Steam Power"],"picked":"Reboot","floor":24},{"not_picked":["Redo","Lockon"],"picked":"Turbo+1","floor":25},{"not_picked":["Skim","Beam Cell"],"picked":"Melter","floor":25},{"not_picked":["Chaos","Rebound"],"picked":"Ball Lightning+1","floor":29},{"not_picked":["Coolheaded","Ball Lightning","Turbo"],"picked":"SKIP","floor":29},{"not_picked":["Ball Lightning","Hello World"],"picked":"Undo","floor":30},{"not_picked":["Double Energy","BootSequence","Go for the Eyes"],"picked":"SKIP","floor":30},{"not_picked":["Barrage","Go for the Eyes"],"picked":"White Noise","floor":31},{"not_picked":["Rebound","Redo","Ball Lightning"],"picked":"SKIP","floor":31},{"not_picked":["Seek","Electrodynamics"],"picked":"Creative AI","floor":33},{"not_picked":["Turbo","Sweeping Beam"],"picked":"White Noise","floor":34},{"not_picked":["Doom and Gloom","Cold Snap"],"picked":"Hologram+1","floor":34},{"not_picked":["Barrage","Stack"],"picked":"Leap+1","floor":34},{"not_picked":["Barrage+1","Skim"],"picked":"Capacitor","floor":34},{"not_picked":["Beam Cell","Auto Shields"],"picked":"Creative AI","floor":34},{"not_picked":["Skim","Barrage+1"],"picked":"Hologram","floor":35},{"not_picked":["Sweeping Beam+1","Streamline+1","Steam"],"picked":"SKIP","floor":35},{"not_picked":["Redo","Undo+1"],"picked":"Recycle+1","floor":36},{"not_picked":["Rip and Tear+1","Reprogram"],"picked":"Go for the Eyes+1","floor":36},{"not_picked":["Stack","Streamline"],"picked":"All For One","floor":38},{"not_picked":["Hologram","Beam Cell+1","Ball Lightning+1"],"picked":"SKIP","floor":38},{"not_picked":["Heatsinks","Gash"],"picked":"Ball Lightning+1","floor":39},{"not_picked":["Streamline+1","Rebound+1"],"picked":"Barrage+1","floor":39}],"player_experience":86187,"relics_obtained":[{"floor":7,"key":"Bottled Tornado"},{"floor":9,"key":"Prayer Wheel"},{"floor":24,"key":"Bronze Scales"},{"floor":26,"key":"Blood Vial"},{"floor":43,"key":"Dream Catcher"}],"event_choices":[{"damage_healed":0,"gold_gain":0,"player_choice":"Take Damage","damage_taken":18,"relics_obtained":["Golden Idol"],"max_hp_gain":0,"max_hp_loss":0,"event_name":"Golden Idol","floor":3,"gold_loss":0},{"damage_healed":0,"gold_gain":75,"player_choice":"Gather Gold","damage_taken":11,"max_hp_gain":0,"max_hp_loss":0,"event_name":"World of Goop","floor":10,"gold_loss":0},{"damage_healed":0,"gold_gain":0,"player_choice":"Gave Potion","damage_taken":0,"relics_obtained":["Torii"],"max_hp_gain":0,"max_hp_loss":0,"event_name":"WeMeetAgain","floor":12,"gold_loss":0},{"cards_removed":["Strike_B"],"damage_healed":0,"gold_gain":0,"player_choice":"Gave Gold","damage_taken":0,"max_hp_gain":0,"max_hp_loss":0,"event_name":"Beggar","floor":19,"gold_loss":75},{"damage_healed":0,"gold_gain":0,"player_choice":"Trade","damage_taken":0,"relics_obtained":["CultistMask"],"max_hp_gain":0,"max_hp_loss":0,"event_name":"FaceTrader","floor":27,"gold_loss":0},{"damage_healed":0,"gold_gain":0,"player_choice":"Paid","damage_taken":0,"relics_obtained":["Red Mask"],"max_hp_gain":0,"max_hp_loss":0,"event_name":"Tomb of Lord Red Mask","floor":41,"gold_loss":56},{"damage_healed":0,"gold_gain":0,"player_choice":"Fight","damage_taken":0,"max_hp_gain":0,"max_hp_loss":0,"event_name":"Mysterious Sphere","floor":44,"gold_loss":0}],"is_beta":false,"boss_relics":[{"not_picked":["Sozu","White Beast Statue"],"picked":"Nuclear Battery"},{"not_picked":["Snecko Eye","Fusion Hammer"],"picked":"Orrery"}],"items_purged_floors":[11,20],"is_endless":false,"potions_floor_spawned":[1,5,7,13,18,22,30,33,35],"killed_by":"2 Orb Walkers","ascension_level":0}