{"gold_per_floor":[109,124,199,18,28,59,74,74,154,188,7,22,22,22,22,22],"floor_reached":16,"playtime":816,"items_purged":[],"score":110,"play_id":"d7dfc494-76a7-4083-bfe4-ca597a12b796","local_time":"20190722202919","is_ascension_mode":false,"campfire_choices":[{"data":"Echo Form","floor":8,"key":"SMITH"},{"floor":15,"key":"REST"}],"neow_cost":"NONE","seed_source_timestamp":14414794951700,"circlet_count":0,"master_deck":["Strike_B","Strike_B","Strike_B","Strike_B","Defend_B","Defend_B","Defend_B","Defend_B","Zap","Dualcast","Echo Form+1","Hologram","Steam","Scrape","Steam","Gash","Scrape","Madness","Hologram"],"relics":["Cracked Core","Bag of Preparation","Nunchaku","Bottled Lightning","Strawberry","PreservedInsect"],"potions_floor_usage":[7,10,12,16],"damage_taken":[{"damage":1,"enemies":"Jaw Worm","floor":1,"turns":4},{"damage":0,"enemies":"2 Louse","floor":2,"turns":3},{"damage":0,"enemies":"Cultist","floor":5,"turns":5},{"damage":15,"enemies":"3 Sentries","floor":6,"turns":11},{"damage":7,"enemies":"Exordium Wildlife","floor":7,"turns":4},{"damage":22,"enemies":"Gremlin Nob","floor":10,"turns":4},{"damage":7,"enemies":"3 Louse","floor":12,"turns":5},{"damage":59,"enemies":"Slime Boss","floor":16,"turns":11}],"seed_played":"6906788445672860432","potions_obtained":[{"floor":2,"key":"Energy Potion"},{"floor":7,"key":"LiquidBronze"},{"floor":10,"key":"Regen Potion"},{"floor":12,"key":"Explosive Potion"}],"is_trial":false,"path_per_floor":["M","M","?","$","M","E","M","R","T","E","$","M","?","?","R","B"],"character_chosen":"DEFECT","items_purchased":["Scrape","Bag of Preparation","Scrape","Madness","Hologram"],"campfire_rested":1,"item_purchase_floors":[4,4,11,11,11],"current_hp_per_floor":[74,74,63,63,63,48,41,41,41,26,26,33,33,33,57,0],"gold":22,"neow_bonus":"ONE_RANDOM_RARE_CARD","is_prod":false,"is_daily":false,"chose_seed":false,"campfire_upgraded":1,"win_rate":0.0,"timestamp":1563841759,"path_taken":["M","M","?","$","M","E","M","R","T","E","$","M","?","?","R","BOSS"],"build_version":"2019-07-17","purchased_purges":0,"victory":false,"max_hp_per_floor":[75,75,75,75,75,75,75,75,75,82,82,82,82,82,82,82],"card_choices":[{"not_picked":["Sweeping Beam","Melter"],"picked":"Hologram","floor":1},{"not_picked":["Loop","Force Field"],"picked":"Steam","floor":2},{"not_picked":["Fusion","Loop","Rip and Tear"],"picked":"SKIP","floor":5},{"not_picked":["Barrage","Stack","Melter"],"picked":"SKIP","floor":6},{"not_picked":["Chaos","Blizzard"],"picked":"Steam","floor":7},{"not_picked":["Streamline","Barrage"],"picked":"Gash","floor":10},{"not_picked":["Biased Cognition","Sweeping Beam","Rebound"],"picked":"SKIP","floor":12}],"player_experience":102726,"relics_obtained":[{"floor":6,"key":"Nunchaku"},{"floor":9,"key":"Bottled Lightning"},{"floor":10,"key":"Strawberry"},{"floor":14,"key":"PreservedInsect"}],"event_choices":[{"damage_healed":0,"gold_gain":75,"player_choice":"Gather Gold","damage_taken":11,"max_hp_gain":0,"max_hp_loss":0,"event_name":"World of Goop","floor":3,"gold_loss":0},{"damage_healed":0,"gold_gain":0,"player_choice":"Ignored","damage_taken":0,"max_hp_gain":0,"max_hp_loss":0,"event_name":"Golden Idol","floor":13,"gold_loss":0},{"damage_healed":0,"gold_gain":0,"player_choice":"Relic","damage_taken":0,"max_hp_gain":0,"max_hp_loss":0,"event_name":"Wheel of Change","floor":14,"gold_loss":0}],"is_beta":false,"boss_relics":[],"items_purged_floors":[],"is_endless":false,"potions_floor_spawned":[2,7,10,12],"killed_by":"Slime Boss","ascension_level":0}