{"gold_per_floor":[116,116,128,128,58,58,86,86,137,137,149,162,162,192,204,319,331,353,365,228,245,245,245,245,257,287,312,312,346,359,428,428,525,525,541,554,13,113,56,91,91,120,120,144,158,226,275,55,55,55,55,55,26,55,55],"floor_reached":55,"playtime":6346,"items_purged":[],"score":1114,"play_id":"082d6753-d2d3-4dd4-957e-04304296ada4","local_time":"20190702102826","is_ascension_mode":true,"campfire_choices":[{"floor":6,"key":"REST"},{"floor":8,"key":"REST"},{"floor":15,"key":"REST"},{"floor":23,"key":"REST"},{"floor":28,"key":"REST"},{"floor":32,"key":"REST"},{"floor":41,"key":"REST"},{"floor":49,"key":"RECALL"},{"floor":52,"key":"REST"}],"neow_cost":"NONE","seed_source_timestamp":228899007831400,"circlet_count":0,"master_deck":["Strike_R+1","Strike_R+1","Strike_R+1","Strike_R+1","Defend_R+1","Defend_R+1","Defend_R+1","Defend_R+1","Bash","Burning Pact+1","Dropkick","Shockwave","Inflame","Iron Wave","Second Wind+1","Havoc+1","Intimidate","Juggernaut","Whirlwind+1","Metallicize","Discovery","Flame Barrier+1","Thunderclap+1","Fiend Fire+1","Havoc+1","Sentinel","Impervious+1","Carnage+1","Twin Strike+1","Violence+1","Body Slam+1","Impervious+1","Ghostly Armor+1","Carnage+1","Inflame+1","Limit Break+1","Feel No Pain","Feel No Pain","Ghostly Armor+1"],"relics":["Burning Blood","Art of War","Vajra","Pen Nib","Champion Belt","MawBank","Runic Pyramid","Nilry\u0027s Codex","Molten Egg 2","Tiny Chest","The Courier","Letter Opener","Toxic Egg 2","Philosopher\u0027s Stone","Chemical X","Thread and Needle","StoneCalendar","Gambling Chip","Bottled Lightning","Anchor","Question Card","Du-Vu Doll","Kunai","War Paint"],"potions_floor_usage":[12,27,29,35,36,40,50,54],"damage_taken":[{"damage":2,"enemies":"2 Louse","floor":1,"turns":3},{"damage":15,"enemies":"Small Slimes","floor":3,"turns":6},{"damage":42,"enemies":"Lagavulin","floor":7,"turns":9},{"damage":5,"enemies":"Jaw Worm","floor":11,"turns":4},{"damage":7,"enemies":"Gremlin Gang","floor":12,"turns":5},{"damage":24,"enemies":"Gremlin Nob","floor":14,"turns":4},{"damage":49,"enemies":"Slime Boss","floor":16,"turns":10},{"damage":12,"enemies":"Chosen","floor":18,"turns":4},{"damage":22,"enemies":"2 Thieves","floor":21,"turns":3},{"damage":4,"enemies":"Centurion and Healer","floor":25,"turns":7},{"damage":29,"enemies":"Slavers","floor":27,"turns":3},{"damage":16,"enemies":"Book of Stabbing","floor":29,"turns":4},{"damage":12,"enemies":"Cultist and Chosen","floor":30,"turns":3},{"damage":40,"enemies":"Automaton","floor":33,"turns":7},{"damage":34,"enemies":"3 Shapes","floor":35,"turns":4},{"damage":0,"enemies":"3 Darklings","floor":36,"turns":2},{"damage":0,"enemies":"Mind Bloom Boss Battle","floor":38,"turns":2},{"damage":23,"enemies":"Reptomancer","floor":40,"turns":5},{"damage":6,"enemies":"Giant Head","floor":42,"turns":8},{"damage":0,"enemies":"4 Shapes","floor":45,"turns":3},{"damage":0,"enemies":"2 Orb Walkers","floor":47,"turns":2},{"damage":56,"enemies":"Awakened One","floor":50,"turns":10},{"damage":57,"enemies":"Shield and Spear","floor":54,"turns":6},{"damage":53,"enemies":"The Heart","floor":55,"turns":3}],"seed_played":"-2824076973819589026","potions_obtained":[{"floor":3,"key":"FearPotion"},{"floor":11,"key":"SkillPotion"},{"floor":12,"key":"FairyPotion"},{"floor":25,"key":"Explosive Potion"},{"floor":29,"key":"EssenceOfSteel"},{"floor":33,"key":"Energy Potion"},{"floor":35,"key":"Dexterity Potion"},{"floor":38,"key":"Block Potion"},{"floor":45,"key":"Weak Potion"}],"is_trial":false,"path_per_floor":["M","?","M","?","$","R","E","R","T","$","M","M","T","E","R","B",null,"M","?","$","M","?","R","T","M","T","E","R","E","M","T","R","B",null,"M","M","$","?","$","E","R","E","T","T","M","T","?","$","R","B",null,"R","$","E","B"],"character_chosen":"IRONCLAD","items_purchased":["Inflame","Metallicize","Discovery","Chemical X","Thread and Needle","Violence+1","Impervious+1","Kunai","Feel No Pain","Feel No Pain"],"campfire_rested":8,"item_purchase_floors":[5,20,20,37,37,37,39,48,48,53],"current_hp_per_floor":[76,76,67,51,51,75,39,63,63,63,64,63,63,45,69,26,67,61,61,61,45,29,53,53,55,55,32,56,46,40,40,64,30,68,40,46,46,52,52,35,59,59,59,59,65,65,71,71,71,21,65,80,80,29,0],"gold":55,"neow_bonus":"RANDOM_COMMON_RELIC","is_prod":false,"is_daily":false,"chose_seed":false,"campfire_upgraded":0,"win_rate":0,"timestamp":1562059706,"path_taken":["M","?","M","?","$","R","E","R","T","?","?","M","?","E","R","BOSS","M","?","$","M","?","R","?","?","T","E","R","E","M","?","R","BOSS","M","M","$","?","?","E","R","E","T","?","?","?","?","$","R","BOSS","R","$","E","BOSS"],"build_version":"2019-07-01","purchased_purges":0,"victory":false,"max_hp_per_floor":[80,80,80,80,80,80,80,80,80,80,80,80,80,80,80,80,80,80,80,80,80,80,80,80,80,80,80,80,80,80,80,80,80,80,80,80,80,80,80,80,80,80,80,80,80,80,80,80,80,80,80,80,80,80,80],"card_choices":[{"not_picked":["True Grit","Sword Boomerang"],"picked":"Burning Pact","floor":1},{"not_picked":["Perfected Strike","Shrug It Off"],"picked":"Shockwave","floor":3},{"not_picked":["Whirlwind","Wild Strike"],"picked":"Iron Wave","floor":7},{"not_picked":["Sword Boomerang","Burning Pact"],"picked":"Second Wind","floor":11},{"not_picked":["Clothesline","Flex"],"picked":"Havoc","floor":12},{"not_picked":["Brutality","Bloodletting"],"picked":"Intimidate","floor":14},{"not_picked":["Demon Form","Double Tap"],"picked":"Juggernaut","floor":16},{"not_picked":["Armaments","Thunderclap"],"picked":"Whirlwind+1","floor":18},{"not_picked":["Armaments","Sword Boomerang+1"],"picked":"Flame Barrier+1","floor":21},{"not_picked":["Havoc","Twin Strike+1"],"picked":"Thunderclap+1","floor":25},{"not_picked":["Shockwave","Warcry+1"],"picked":"Fiend Fire+1","floor":27},{"not_picked":["Clothesline+1","Flex"],"picked":"Havoc+1","floor":29},{"not_picked":["Cleave+1","Clothesline+1"],"picked":"Sentinel","floor":30},{"not_picked":["Limit Break+1","Feed+1"],"picked":"Impervious+1","floor":33},{"not_picked":["Havoc+1","Clash+1"],"picked":"Carnage+1","floor":35},{"not_picked":["Perfected Strike+1","Havoc+1"],"picked":"Twin Strike+1","floor":36},{"not_picked":["Cleave+1","Blood for Blood+1"],"picked":"Body Slam+1","floor":38},{"not_picked":["Barricade","Rampage+1"],"picked":"Ghostly Armor+1","floor":40},{"not_picked":["Shrug It Off+1","Warcry+1"],"picked":"Carnage+1","floor":42},{"not_picked":["Sword Boomerang+1","Flex+1"],"picked":"Inflame+1","floor":45},{"not_picked":["Body Slam+1","Havoc+1","Flex+1"],"picked":"Limit Break+1","floor":47},{"not_picked":["Flex+1","Clothesline+1","Sword Boomerang+1"],"picked":"Ghostly Armor+1","floor":54}],"player_experience":914423,"relics_obtained":[{"floor":7,"key":"Vajra"},{"floor":9,"key":"Pen Nib"},{"floor":13,"key":"Champion Belt"},{"floor":14,"key":"MawBank"},{"floor":22,"key":"Nilry\u0027s Codex"},{"floor":24,"key":"Molten Egg 2"},{"floor":26,"key":"Tiny Chest"},{"floor":27,"key":"The Courier"},{"floor":29,"key":"Letter Opener"},{"floor":31,"key":"Toxic Egg 2"},{"floor":38,"key":"StoneCalendar"},{"floor":40,"key":"Gambling Chip"},{"floor":42,"key":"Bottled Lightning"},{"floor":44,"key":"Anchor"},{"floor":46,"key":"Question Card"},{"floor":47,"key":"Du-Vu Doll"},{"floor":54,"key":"War Paint"}],"event_choices":[{"damage_healed":0,"gold_gain":0,"cards_transformed":["Strike_R"],"player_choice":"Change","damage_taken":0,"max_hp_gain":0,"max_hp_loss":0,"event_name":"Living Wall","floor":2,"gold_loss":0,"cards_obtained":["Dropkick"]},{"damage_healed":0,"gold_gain":0,"player_choice":"Entered Light","damage_taken":16,"max_hp_gain":0,"max_hp_loss":0,"event_name":"Shining Light","floor":4,"gold_loss":0,"cards_upgraded":["Defend_R","Burning Pact"]},{"damage_healed":0,"gold_gain":0,"player_choice":"Simplicity","damage_taken":0,"max_hp_gain":0,"max_hp_loss":0,"event_name":"Back to Basics","floor":19,"gold_loss":0,"cards_upgraded":["Strike_R","Strike_R","Strike_R","Strike_R","Defend_R","Defend_R","Defend_R"]},{"damage_healed":0,"gold_gain":0,"player_choice":"Obtained Book","damage_taken":16,"max_hp_gain":0,"max_hp_loss":0,"event_name":"Cursed Tome","floor":22,"gold_loss":0},{"damage_healed":0,"gold_gain":0,"player_choice":"Fight","damage_taken":0,"max_hp_gain":0,"max_hp_loss":0,"event_name":"MindBloom","floor":38,"gold_loss":0},{"damage_healed":0,"gold_gain":0,"player_choice":"Fight","damage_taken":0,"max_hp_gain":0,"max_hp_loss":0,"event_name":"Mysterious Sphere","floor":47,"gold_loss":0}],"is_beta":false,"boss_relics":[{"not_picked":["Sozu","Astrolabe"],"picked":"Runic Pyramid"},{"not_picked":["Lizard Tail","Empty Cage"],"picked":"Philosopher\u0027s Stone"}],"items_purged_floors":[],"is_endless":false,"potions_floor_spawned":[3,11,12,25,29,33,35,38,45],"killed_by":"The Heart","ascension_level":8}