{"gold_per_floor":[115,115,19,19,34,72,26,126,150,150,175,190,190,213,213,213],"floor_reached":16,"playtime":515,"items_purged":[],"score":125,"play_id":"ec3cc6bb-43c4-4580-a1be-9450dc6a1404","local_time":"20190709013144","is_ascension_mode":false,"campfire_choices":[{"data":"Anger","floor":10,"key":"SMITH"},{"data":"Thunderclap","floor":13,"key":"SMITH"},{"data":"Rampage","floor":15,"key":"SMITH"}],"neow_cost":"NONE","seed_source_timestamp":33094588470691,"circlet_count":0,"master_deck":["Strike_R","Strike_R","Strike_R","Strike_R","Strike_R","Defend_R","Defend_R","Defend_R","Defend_R","Bash","Thunderclap+1","Rampage+1","Anger+1","Iron Wave","Twin Strike","Twin Strike"],"relics":["Burning Blood","NeowsBlessing","Golden Idol","Frozen Egg 2","Anchor","Strawberry"],"potions_floor_usage":[16,16],"damage_taken":[{"damage":0,"enemies":"Cultist","floor":1,"turns":1},{"damage":0,"enemies":"Small Slimes","floor":5,"turns":1},{"damage":0,"enemies":"Lagavulin","floor":6,"turns":1},{"damage":0,"enemies":"2 Louse","floor":11,"turns":2},{"damage":3,"enemies":"Red Slaver","floor":12,"turns":3},{"damage":13,"enemies":"Exordium Thugs","floor":14,"turns":3},{"damage":89,"enemies":"The Guardian","floor":16,"turns":9}],"seed_played":"-3789070579218879489","potions_obtained":[{"floor":5,"key":"Regen Potion"},{"floor":6,"key":"PowerPotion"}],"is_trial":false,"path_per_floor":["M","?","?","$","M","E","$","?","T","R","M","M","R","M","R","B"],"character_chosen":"IRONCLAD","items_purchased":["Anger"],"campfire_rested":0,"item_purchase_floors":[7],"current_hp_per_floor":[80,74,74,74,74,74,74,74,81,81,81,81,81,74,74,0],"gold":213,"neow_bonus":"THREE_ENEMY_KILL","is_prod":false,"is_daily":false,"chose_seed":false,"campfire_upgraded":3,"win_rate":0.0,"timestamp":1562653904,"path_taken":["M","?","?","$","?","E","$","?","T","R","?","M","R","M","R","BOSS"],"build_version":"2019-07-05","purchased_purges":0,"victory":false,"max_hp_per_floor":[80,74,74,74,74,74,74,74,81,81,81,81,81,81,81,81],"card_choices":[{"not_picked":["Cleave","Intimidate","Corruption"],"picked":"SKIP","floor":1},{"not_picked":["Sword Boomerang","Clothesline"],"picked":"Thunderclap","floor":5},{"not_picked":["Battle Trance","Iron Wave"],"picked":"Rampage","floor":6},{"not_picked":["True Grit","Power Through"],"picked":"Iron Wave","floor":11},{"not_picked":["Heavy Blade","Shockwave"],"picked":"Twin Strike","floor":12},{"not_picked":["Clothesline","Entrench"],"picked":"Twin Strike","floor":14}],"player_experience":28656,"relics_obtained":[{"floor":6,"key":"Anchor"},{"floor":9,"key":"Strawberry"}],"event_choices":[{"damage_healed":0,"gold_gain":0,"player_choice":"Lose Max HP","damage_taken":0,"relics_obtained":["Golden Idol"],"max_hp_gain":0,"max_hp_loss":6,"event_name":"Golden Idol","floor":2,"gold_loss":0},{"damage_healed":0,"gold_gain":0,"player_choice":"Paid Gold","damage_taken":0,"relics_obtained":["Frozen Egg 2"],"max_hp_gain":0,"max_hp_loss":0,"event_name":"WeMeetAgain","floor":3,"gold_loss":96},{"damage_healed":0,"gold_gain":100,"player_choice":"Gold","damage_taken":0,"max_hp_gain":0,"max_hp_loss":0,"event_name":"Wheel of Change","floor":8,"gold_loss":0}],"is_beta":false,"boss_relics":[],"items_purged_floors":[],"is_endless":false,"potions_floor_spawned":[5,6],"killed_by":"The Guardian","ascension_level":0}