{"gold_per_floor":[113,113,38,38,38,38,69,84,163,179,179,197,222,246,246,366,366,387,387,387],"floor_reached":20,"playtime":963,"items_purged":["Strike_R"],"score":219,"play_id":"f3513c0a-9afe-4306-8b3e-26a45717af82","local_time":"20190725044026","is_ascension_mode":true,"campfire_choices":[{"data":"Bash","floor":6,"key":"SMITH"},{"data":"Inflame","floor":15,"key":"SMITH"}],"neow_cost":"NONE","seed_source_timestamp":49454469136127,"circlet_count":0,"master_deck":["Strike_R","Defend_R","Defend_R","Defend_R","Defend_R","Bash+1","Shrug It Off+1","Cleave","Inflame+1","Cleave+1","Pommel Strike+1","Body Slam+1","Barricade","Entrench"],"relics":["Burning Blood","NeowsBlessing","Golden Idol","Blood Vial","Molten Egg 2","Empty Cage"],"potions_floor_usage":[16,19],"damage_taken":[{"damage":0,"enemies":"Small Slimes","floor":1,"turns":1},{"damage":0,"enemies":"3 Sentries","floor":7,"turns":2},{"damage":0,"enemies":"2 Louse","floor":8,"turns":1},{"damage":1,"enemies":"Cultist","floor":10,"turns":4},{"damage":0,"enemies":"3 Louse","floor":12,"turns":2},{"damage":1,"enemies":"Exordium Thugs","floor":13,"turns":4},{"damage":0,"enemies":"Large Slime","floor":14,"turns":4},{"damage":46,"enemies":"Hexaghost","floor":16,"turns":7},{"damage":11,"enemies":"Chosen","floor":18,"turns":6},{"damage":0,"enemies":"Masked Bandits","floor":19,"turns":1},{"damage":9,"enemies":"3 Byrds","floor":20,"turns":3}],"seed_played":"-8816466232604007287","potions_obtained":[{"floor":7,"key":"PowerPotion"},{"floor":10,"key":"Swift Potion"},{"floor":14,"key":"SmokeBomb"},{"floor":16,"key":"Dexterity Potion"}],"is_trial":false,"path_per_floor":["M","?","$","?","?","R","E","M","T","M","?","M","M","M","R","B",null,"M","?","M"],"character_chosen":"IRONCLAD","items_purchased":[],"campfire_rested":0,"item_purchase_floors":[],"current_hp_per_floor":[80,85,85,85,79,79,79,79,79,79,79,79,79,79,79,39,79,74,79,70],"gold":387,"neow_bonus":"THREE_ENEMY_KILL","is_prod":false,"is_daily":false,"chose_seed":false,"campfire_upgraded":2,"win_rate":0,"timestamp":1564047626,"path_taken":["M","?","$","?","?","R","E","M","T","M","?","M","?","M","R","BOSS","M","?","M"],"build_version":"2019-07-17","purchased_purges":1,"victory":false,"max_hp_per_floor":[80,85,85,85,79,79,79,79,79,79,79,79,79,79,79,79,79,79,79,79],"card_choices":[{"not_picked":["Heavy Blade","Dual Wield"],"picked":"Shrug It Off","floor":1},{"not_picked":["True Grit","Juggernaut","Flex"],"picked":"SKIP","floor":7},{"not_picked":["Dropkick","Spot Weakness"],"picked":"Cleave","floor":8},{"not_picked":["Spot Weakness","Infernal Blade"],"picked":"Inflame","floor":10},{"not_picked":["Twin Strike+1","Heavy Blade+1"],"picked":"Cleave+1","floor":12},{"not_picked":["Seeing Red","Intimidate"],"picked":"Pommel Strike+1","floor":13},{"not_picked":["Cleave+1","Clash+1"],"picked":"Body Slam+1","floor":14},{"not_picked":["Impervious","Dark Embrace"],"picked":"Barricade","floor":16},{"not_picked":["Clash+1","Headbutt+1"],"picked":"Entrench","floor":18}],"player_experience":234395,"relics_obtained":[{"floor":7,"key":"Blood Vial"},{"floor":9,"key":"Molten Egg 2"}],"event_choices":[{"damage_healed":0,"gold_gain":0,"player_choice":"Donut","damage_taken":0,"max_hp_gain":5,"max_hp_loss":0,"event_name":"Big Fish","floor":2,"gold_loss":0},{"damage_healed":0,"gold_gain":0,"player_choice":"Grow","damage_taken":0,"max_hp_gain":0,"max_hp_loss":0,"event_name":"Living Wall","floor":4,"gold_loss":0,"cards_upgraded":["Shrug It Off"]},{"damage_healed":0,"gold_gain":0,"player_choice":"Lose Max HP","damage_taken":0,"relics_obtained":["Golden Idol"],"max_hp_gain":0,"max_hp_loss":6,"event_name":"Golden Idol","floor":5,"gold_loss":0},{"cards_removed":["Strike_R"],"damage_healed":0,"gold_gain":0,"player_choice":"Purged","damage_taken":0,"max_hp_gain":0,"max_hp_loss":0,"event_name":"Purifier","floor":11,"gold_loss":0},{"damage_healed":0,"gold_gain":0,"player_choice":"Fought Bandits","damage_taken":0,"max_hp_gain":0,"max_hp_loss":0,"event_name":"Masked Bandits","floor":19,"gold_loss":0}],"is_beta":false,"boss_relics":[{"not_picked":["Fusion Hammer","Mark of Pain"],"picked":"Empty Cage"}],"items_purged_floors":[3],"is_endless":false,"potions_floor_spawned":[7,10,14,16,18],"killed_by":"3 Byrds","ascension_level":2}