{"gold_per_floor":[117,136,136,136,13,38,38,38,63,76,90,90,90],"floor_reached":13,"playtime":325,"items_purged":[],"score":108,"play_id":"fa031301-f5a9-475d-983d-35f4311ae547","local_time":"20190716164738","is_ascension_mode":false,"campfire_choices":[{"data":"Sucker Punch","floor":7,"key":"SMITH"},{"data":"Footwork","floor":12,"key":"SMITH"}],"neow_cost":"NONE","seed_source_timestamp":7866367399067,"circlet_count":0,"master_deck":["Strike_G","Strike_G+1","Strike_G","Strike_G+1","Defend_G","Defend_G","Defend_G","Defend_G","Survivor","Neutralize","Sucker Punch+1","Crippling Poison","Slice","Blur","Sucker Punch","Footwork+1","Bane"],"relics":["Ring of the Snake","NeowsBlessing","Art of War","Snake Skull"],"potions_floor_usage":[13],"damage_taken":[{"damage":0,"enemies":"Jaw Worm","floor":1,"turns":1},{"damage":0,"enemies":"2 Louse","floor":2,"turns":1},{"damage":0,"enemies":"Gremlin Nob","floor":6,"turns":1},{"damage":0,"enemies":"Cultist","floor":10,"turns":3},{"damage":6,"enemies":"Lots of Slimes","floor":11,"turns":3},{"damage":8,"enemies":"Exordium Wildlife","floor":13,"turns":2}],"seed_played":"6849975988546679315","potions_obtained":[{"floor":6,"key":"PowerPotion"},{"floor":10,"key":"Dexterity Potion"}],"is_trial":false,"path_per_floor":["M","M","?","?","$","E","R","?","T","M","M","R","M"],"character_chosen":"THE_SILENT","items_purchased":["Slice","Blur"],"campfire_rested":0,"item_purchase_floors":[5,5],"current_hp_per_floor":[70,70,70,63,63,63,63,49,49,49,43,43,35],"gold":90,"neow_bonus":"THREE_ENEMY_KILL","is_prod":false,"is_daily":false,"chose_seed":false,"campfire_upgraded":2,"win_rate":0,"timestamp":1563313658,"path_taken":["M","M","?","?","?","E","R","?","T","?","M","R","M"],"build_version":"2019-07-05","purchased_purges":0,"victory":false,"max_hp_per_floor":[70,70,70,70,70,70,70,70,70,70,70,70,70],"card_choices":[{"not_picked":["PiercingWail","Finisher"],"picked":"Sucker Punch","floor":1},{"not_picked":["Blade Dance","Concentrate"],"picked":"Crippling Poison","floor":2},{"not_picked":["Calculated Gamble","Quick Slash"],"picked":"Sucker Punch","floor":6},{"not_picked":["All Out Attack","Eviscerate"],"picked":"Footwork","floor":10},{"not_picked":["Setup","Dodge and Roll"],"picked":"Bane","floor":11}],"player_experience":169532,"relics_obtained":[{"floor":6,"key":"Art of War"},{"floor":9,"key":"Snake Skull"}],"event_choices":[{"cards_removed":["Strike_G"],"damage_healed":0,"gold_gain":0,"player_choice":"Forget","damage_taken":0,"max_hp_gain":0,"max_hp_loss":0,"event_name":"Living Wall","floor":3,"gold_loss":0},{"cards_removed":["Defend_G"],"damage_healed":0,"gold_gain":0,"player_choice":"Card Removal","damage_taken":7,"max_hp_gain":0,"max_hp_loss":0,"event_name":"Golden Wing","floor":4,"gold_loss":0},{"damage_healed":0,"gold_gain":0,"player_choice":"Entered Light","damage_taken":14,"max_hp_gain":0,"max_hp_loss":0,"event_name":"Shining Light","floor":8,"gold_loss":0,"cards_upgraded":["Strike_G","Strike_G"]}],"is_beta":false,"boss_relics":[],"items_purged_floors":[],"is_endless":false,"potions_floor_spawned":[6,10],"killed_by":"Exordium Wildlife","ascension_level":0}