{"path_per_floor":["M","M","$","?","M","R","E","R","T","?","M","M","E","M","R","B",null,"M","?","?","$","?","R","M","T","T","E","R","M","R","M","R","B",null,"M","?","$","?","?","R","M","?","T"],"character_chosen":"IRONCLAD","items_purchased":["Pummel","Inflame","Meat on the Bone","Flex","Inflame","Seeing Red"],"gold_per_floor":[109,121,5,105,123,123,155,155,155,155,175,187,217,237,237,332,332,344,344,344,16,16,16,26,97,123,156,156,172,172,191,191,291,291,305,305,40,40,40,40,55,0,0],"floor_reached":44,"campfire_rested":4,"playtime":2605,"current_hp_per_floor":[80,77,77,77,80,80,80,80,80,80,77,71,62,55,80,45,80,69,69,69,69,69,80,78,78,78,59,59,52,80,80,80,43,80,58,58,58,58,48,48,53,53,53],"items_purged":["Strike_R","Perfected Strike"],"gold":0,"score":409,"play_id":"4b803c9e-a8a5-4f17-aa91-5d1ea982268f","is_prod":false,"is_daily":false,"is_ascension_mode":false,"campfire_upgraded":4,"path_taken":["M","?","$","?","M","R","E","R","T","?","M","?","E","M","R","BOSS","M","?","?","$","?","R","M","?","T","E","R","M","R","M","R","BOSS","M","?","$","?","?","R","M","?","T","M"],"build_version":"2018-02-22-PROD1","purchased_purges":3,"victory":false,"master_deck":["Strike_R","Strike_R","Defend_R","Defend_R+1","Defend_R","Defend_R","Bash","Cleave","Seeing Red+1","Pummel","Inflame+1","Pommel Strike+1","Bludgeon","Shockwave","Pommel Strike+1","Dropkick","Pommel Strike","Spot Weakness","Thunderclap","Demon Form","Thunderclap","Anger","Flex","Heavy Blade","Cleave+1","Twin Strike","Anger","Dropkick","Anger","Sword Boomerang","Offering","Warcry+1","Flex","Inflame","Seeing Red","Madness","Madness+1","Hemokinesis+1","Clumsy"],"max_hp_per_floor":[80,80,80,80,80,80,80,80,80,80,80,80,80,80,80,80,80,80,80,80,80,80,80,80,80,80,80,80,80,80,80,80,80,80,80,80,80,80,80,80,80,80,80],"relics":["Burning Blood","Dream Catcher","Regal Pillow","Juzu Bracelet","Orrery","Meat on the Bone","Matryoshka","Bottled Flame","Pen Nib","Gambling Chip","Cursed Key","Red Mask","War Paint","Unceasing Top"],"card_choices":[{"not_picked":["Armaments","Flame Barrier"],"picked":"Cleave"},{"not_picked":["Burning Pact","Disarm"],"picked":"Seeing Red"},{"not_picked":["Perfected Strike","Disarm"],"picked":"Pommel Strike"},{"not_picked":["Shrug It Off","Warcry"],"picked":"Bludgeon"},{"not_picked":["Power Through","Rage"],"picked":"Metallicize"},{"not_picked":["Iron Wave","Warcry"],"picked":"Pommel Strike"},{"not_picked":["Fire Breathing","Clothesline"],"picked":"Dropkick"},{"not_picked":["Shrug It Off","Clash"],"picked":"Pommel Strike"},{"not_picked":["Thunderclap","Combust"],"picked":"Spot Weakness"},{"not_picked":["Flame Barrier","Iron Wave"],"picked":"Thunderclap"},{"not_picked":["Dark Embrace","Offering"],"picked":"Demon Form"},{"not_picked":["Rampage","Cleave"],"picked":"Thunderclap"},{"not_picked":["Body Slam","Carnage"],"picked":"Anger"},{"not_picked":["Seeing Red","Combust"],"picked":"Flex"},{"not_picked":["Brutality","Blood for Blood"],"picked":"Perfected Strike"},{"not_picked":["Warcry","Perfected Strike"],"picked":"Heavy Blade"},{"not_picked":["Headbutt","Pommel Strike"],"picked":"Cleave"},{"not_picked":["Perfected Strike","True Grit"],"picked":"Twin Strike"},{"not_picked":["True Grit","Intimidate"],"picked":"Anger"},{"not_picked":["Clothesline","Clash"],"picked":"Dropkick"},{"not_picked":["Iron Wave","Body Slam"],"picked":"Anger"},{"not_picked":["Armaments","Thunderclap"],"picked":"Sword Boomerang"},{"not_picked":["Fiend Fire","Bludgeon"],"picked":"Offering"},{"not_picked":["True Grit","Perfected Strike"],"picked":"Warcry"},{"not_picked":["Twin Strike","Rage"],"picked":"Hemokinesis"}],"player_experience":29175,"potions_floor_usage":[7,27,33,44,44],"damage_taken":[{"damage":5,"enemies":"Cultist","floor":1,"turns":4},{"damage":9,"enemies":"Jaw Worm","floor":2,"turns":4},{"damage":0,"enemies":"Small Slimes","floor":5,"turns":2},{"damage":6,"enemies":"Gremlin Nob","floor":7,"turns":4},{"damage":9,"enemies":"3 Louse","floor":11,"turns":3},{"damage":12,"enemies":"Looter","floor":12,"turns":3},{"damage":15,"enemies":"Lagavulin","floor":13,"turns":5},{"damage":13,"enemies":"Red Slaver","floor":14,"turns":2},{"damage":41,"enemies":"The Guardian","floor":16,"turns":7},{"damage":17,"enemies":"Chosen","floor":18,"turns":4},{"damage":8,"enemies":"3 Byrds","floor":24,"turns":4},{"damage":25,"enemies":"Book of Stabbing","floor":27,"turns":5},{"damage":13,"enemies":"Cultist and Chosen","floor":29,"turns":3},{"damage":2,"enemies":"Chosen and Byrds","floor":31,"turns":4},{"damage":55,"enemies":"Collector","floor":33,"turns":6},{"damage":28,"enemies":"3 Shapes","floor":35,"turns":2},{"damage":13,"enemies":"Orb Walker","floor":41,"turns":3},{"damage":55,"enemies":"Sphere and 2 Shapes","floor":44,"turns":3}],"event_choices":[{"event_name":"Golden Shrine","player_choice":"Pray","floor":4,"damage_taken":0},{"event_name":"Living Wall","player_choice":"Change","floor":10,"damage_taken":0},{"event_name":"Purifier","player_choice":"One Purge","floor":19,"damage_taken":0},{"event_name":"Vampires","player_choice":"Ignored","floor":20,"damage_taken":0},{"event_name":"Drug Dealer","player_choice":"Ignored","floor":22,"damage_taken":0},{"event_name":"Mysterious Sphere","player_choice":"Ignore","floor":38,"damage_taken":0},{"event_name":"Winding Halls","player_choice":"Embrace Madness","floor":39,"damage_taken":0},{"event_name":"Tomb of Lord Red Mask","player_choice":"Paid","floor":42,"damage_taken":0}],"boss_relics":[{"not_picked":["Runic Cube","White Beast Statue"],"picked":"Orrery"},{"not_picked":["Question Card","Tiny House"],"picked":"Cursed Key"}],"potions_floor_spawned":[1,5,7,11,16,27,33,41],"seed_played":"-3873731960613027069","killed_by":"Sphere and 2 Shapes","ascension_level":0,"is_trial":false}