{"gold_per_floor":[113,132,146,160,174,174,174,17,41,60,60,79,154,168,168,168],"floor_reached":16,"playtime":776,"items_purged":[],"score":96,"play_id":"7787ec07-95cf-48b2-b550-db2031de5ea7","local_time":"20190721141339","is_ascension_mode":false,"campfire_choices":[{"data":"Coolheaded","floor":6,"key":"SMITH"},{"floor":15,"key":"REST"}],"neow_cost":"NONE","seed_source_timestamp":568500528203997,"circlet_count":0,"master_deck":["Strike_B","Strike_B","Strike_B","Defend_B","Defend_B","Defend_B","Defend_B","Zap+1","Dualcast","Coolheaded+1","Coolheaded","Defragment","Machine Learning","Steam"],"relics":["Cracked Core","NlothsMask","Juzu Bracelet"],"potions_floor_usage":[12,16,16,16],"damage_taken":[{"damage":2,"enemies":"2 Louse","floor":1,"turns":2},{"damage":0,"enemies":"Cultist","floor":2,"turns":3},{"damage":2,"enemies":"Jaw Worm","floor":3,"turns":4},{"damage":4,"enemies":"Blue Slaver","floor":4,"turns":3},{"damage":18,"enemies":"3 Louse","floor":5,"turns":5},{"damage":12,"enemies":"Lots of Slimes","floor":10,"turns":6},{"damage":4,"enemies":"Exordium Wildlife","floor":12,"turns":4},{"damage":9,"enemies":"2 Fungi Beasts","floor":14,"turns":4},{"damage":43,"enemies":"Slime Boss","floor":16,"turns":12}],"seed_played":"-4901699455538436116","potions_obtained":[{"floor":4,"key":"Regen Potion"},{"floor":5,"key":"Swift Potion"},{"floor":10,"key":"SkillPotion"},{"floor":12,"key":"Fire Potion"}],"is_trial":false,"path_per_floor":["M","M","M","M","M","R","?","$","T","M","?","M","?","M","R","B"],"character_chosen":"DEFECT","items_purchased":["Juzu Bracelet"],"campfire_rested":1,"item_purchase_floors":[8],"current_hp_per_floor":[73,73,71,67,49,49,49,49,49,37,30,35,24,15,37,0],"gold":168,"neow_bonus":"UPGRADE_CARD","is_prod":false,"is_daily":false,"chose_seed":false,"campfire_upgraded":1,"win_rate":0.0,"timestamp":1563732819,"path_taken":["M","M","M","M","M","R","?","$","T","M","?","M","?","M","R","BOSS"],"build_version":"2019-07-17","purchased_purges":0,"victory":false,"max_hp_per_floor":[75,75,75,75,75,75,75,75,75,75,75,75,75,75,75,75],"card_choices":[{"not_picked":["Barrage","Redo"],"picked":"Coolheaded","floor":1},{"not_picked":["Leap","Redo"],"picked":"Coolheaded","floor":2},{"not_picked":["Rebound","Sweeping Beam"],"picked":"Defragment","floor":3},{"not_picked":["Auto Shields","Sweeping Beam","Heatsinks"],"picked":"SKIP","floor":4},{"not_picked":["Barrage","Blizzard","Compile Driver"],"picked":"SKIP","floor":5},{"not_picked":["Redo","Streamline"],"picked":"Machine Learning","floor":10},{"not_picked":["Skim","Gash"],"picked":"Steam","floor":12},{"not_picked":["Doom and Gloom","Barrage","Compile Driver"],"picked":"SKIP","floor":14}],"player_experience":71646,"relics_obtained":[],"event_choices":[{"damage_healed":0,"gold_gain":0,"player_choice":"Trade","damage_taken":0,"relics_obtained":["NlothsMask"],"max_hp_gain":0,"max_hp_loss":0,"event_name":"FaceTrader","floor":7,"gold_loss":0},{"cards_removed":["Strike_B"],"damage_healed":0,"gold_gain":0,"player_choice":"Card Removal","damage_taken":7,"max_hp_gain":0,"max_hp_loss":0,"event_name":"Golden Wing","floor":11,"gold_loss":0},{"damage_healed":0,"gold_gain":75,"player_choice":"Gather Gold","damage_taken":11,"max_hp_gain":0,"max_hp_loss":0,"event_name":"World of Goop","floor":13,"gold_loss":0}],"is_beta":false,"boss_relics":[],"items_purged_floors":[],"is_endless":false,"potions_floor_spawned":[4,5,10,12],"killed_by":"Slime Boss","ascension_level":0}