{"gold_per_floor":[117,42,42,42,55,98,98,119,119,135,135,150,194,208,208,301,301,320,235,260,285,303,303,303,303,354,393,47,47,73,137,137,232,232,257,270,270,603,603,603,621,647,670,49,49,0,18,34,34,34,34],"floor_reached":52,"playtime":1492,"items_purged":["Clumsy","Strike_R","Defend_R"],"score":1835,"play_id":"ef849fd9-6ab2-4f32-b2b0-dbf3fd1461dc","local_time":"20190723231248","is_ascension_mode":true,"campfire_choices":[{"data":"Battle Trance","floor":7.0,"key":"SMITH"},{"data":"Demon Form","floor":11.0,"key":"SMITH"},{"data":"Sword Boomerang","floor":15.0,"key":"SMITH"},{"data":"Evolve","floor":23.0,"key":"SMITH"},{"data":"Shockwave","floor":25.0,"key":"SMITH"},{"data":"Power Through","floor":29.0,"key":"SMITH"},{"floor":32.0,"key":"REST"},{"floor":40.0,"key":"REST"},{"data":"Sword Boomerang","floor":49.0,"key":"SMITH"}],"neow_cost":"CURSE","seed_source_timestamp":1005908958904023,"circlet_count":0,"master_deck":["AscendersBane","Strike_R+1","Strike_R","Strike_R","Defend_R","Defend_R","Defend_R","Bash+1","Demon Form+1","Power Through+1","Twin Strike","Battle Trance+1","Pummel","Sword Boomerang+1","Evolve+1","Immolate","Ghostly Armor","Shrug It Off","Shockwave+1","Pummel+1","Iron Wave+1","Twin Strike","Immolate","Sword Boomerang+1","Second Wind","Sword Boomerang+1"],"special_seed":0,"relics":["Burning Blood","Singing Bowl","Gremlin Horn","Red Skull","Philosopher\u0027s Stone","Boot","Dream Catcher","Paper Frog","Potion Belt","Oddly Smooth Stone","Tiny Chest","Snecko Eye","Meat on the Bone","Whetstone","Juzu Bracelet","Mummified Hand","Strawberry","Red Mask"],"potions_floor_usage":[51,51,51],"damage_taken":[{"damage":6.0,"enemies":"Cultist","floor":1.0,"turns":4.0},{"damage":12.0,"enemies":"Jaw Worm","floor":5.0,"turns":4.0},{"damage":22.0,"enemies":"Lagavulin","floor":6.0,"turns":8.0},{"damage":0.0,"enemies":"2 Louse","floor":8.0,"turns":4.0},{"damage":14.0,"enemies":"Blue Slaver","floor":10.0,"turns":7.0},{"damage":6.0,"enemies":"Looter","floor":12.0,"turns":3.0},{"damage":8.0,"enemies":"Gremlin Nob","floor":13.0,"turns":3.0},{"damage":10.0,"enemies":"3 Louse","floor":14.0,"turns":2.0},{"damage":18.0,"enemies":"Slime Boss","floor":16.0,"turns":6.0},{"damage":0.0,"enemies":"Chosen","floor":18.0,"turns":3.0},{"damage":10.0,"enemies":"Spheric Guardian","floor":20.0,"turns":4.0},{"damage":19.0,"enemies":"Centurion and Healer","floor":21.0,"turns":4.0},{"damage":6.0,"enemies":"3 Cultists","floor":22.0,"turns":4.0},{"damage":3.0,"enemies":"Gremlin Leader","floor":27.0,"turns":6.0},{"damage":34.0,"enemies":"Book of Stabbing","floor":31.0,"turns":4.0},{"damage":37.0,"enemies":"Champ","floor":33.0,"turns":7.0},{"damage":14.0,"enemies":"3 Shapes","floor":35.0,"turns":4.0},{"damage":21.0,"enemies":"3 Darklings","floor":36.0,"turns":4.0},{"damage":0.0,"enemies":"Writhing Mass","floor":41.0,"turns":5.0},{"damage":13.0,"enemies":"Nemesis","floor":42.0,"turns":3.0},{"damage":0.0,"enemies":"Transient","floor":47.0,"turns":6.0},{"damage":0.0,"enemies":"3 Darklings","floor":48.0,"turns":3.0},{"damage":41.0,"enemies":"Donu and Deca","floor":50.0,"turns":6.0},{"damage":65,"enemies":"Awakened One","floor":51,"turns":8}],"seed_played":"-8904298727559727879","potions_obtained":[{"floor":5.0,"key":"Block Potion"},{"floor":10.0,"key":"SmokeBomb"},{"floor":12.0,"key":"Explosive Potion"},{"floor":16.0,"key":"EssenceOfSteel"},{"floor":18.0,"key":"BloodPotion"},{"floor":33.0,"key":"SteroidPotion"},{"floor":36.0,"key":"AttackPotion"},{"floor":41.0,"key":"SneckoOil"},{"floor":48.0,"key":"FearPotion"}],"is_trial":false,"path_per_floor":["M","$","?","?","M","E","R","M","T","M","R","M","E","M","R","B",null,"M","?","M","M","M","R","?","R","T","E","$","R","T","E","R","B",null,"M","M","?","?","T","R","M","E","T","$","?","?","M","M","R","B","B",null],"character_chosen":"IRONCLAD","items_purchased":["Potion Belt","Regen Potion","Mummified Hand","Strawberry","Energy Potion"],"campfire_rested":2,"item_purchase_floors":[28,28,44,44,44],"current_hp_per_floor":[68,68,68,68,62,46,46,52,52,46,46,46,46,42,42,30,62,68,68,64,53,53,53,53,53,53,56,56,56,56,28,50,31,63,57,42,42,42,42,66,74,67,67,74,74,74,82,85,85,50,24],"gold":34,"neow_bonus":"THREE_RARE_CARDS","is_prod":false,"is_daily":false,"chose_seed":false,"campfire_upgraded":7,"win_rate":0,"timestamp":1563891168,"path_taken":["M","$","?","?","M","E","R","M","T","M","R","M","E","M","R","BOSS","M","?","M","M","M","R","?","R","T","E","$","R","?","E","R","BOSS","M","M","?","?","?","R","M","E","T","$","?","?","M","M","R","BOSS","BOSS"],"build_version":"2019-07-17","purchased_purges":3,"victory":true,"max_hp_per_floor":[75,75,68,68,68,68,68,68,68,70,70,70,72,72,72,72,72,72,72,72,74,74,74,74,74,74,74,74,74,74,74,74,74,74,76,76,76,76,76,78,80,80,80,87,83,83,85,85,85,85,85],"card_choices":[{"not_picked":["Dark Embrace","Fiend Fire"],"picked":"Demon Form","floor":0.0},{"not_picked":["Clothesline","Wild Strike"],"picked":"Power Through","floor":1.0},{"not_picked":["Clash","Barricade"],"picked":"Twin Strike","floor":5.0},{"not_picked":["Metallicize","Flex"],"picked":"Battle Trance","floor":6.0},{"not_picked":["Blood for Blood","Combust"],"picked":"Pummel","floor":8.0},{"not_picked":["Blood for Blood","Thunderclap","Havoc"],"picked":"Singing Bowl","floor":10.0},{"not_picked":["Pommel Strike","Clothesline"],"picked":"Sword Boomerang","floor":12.0},{"not_picked":["Anger","Dropkick","Double Tap"],"picked":"Singing Bowl","floor":13.0},{"not_picked":["Power Through","Feel No Pain"],"picked":"Evolve","floor":14.0},{"not_picked":["Bludgeon","Double Tap"],"picked":"Immolate","floor":16.0},{"not_picked":["Cleave","Rage","Feel No Pain"],"picked":"SKIP","floor":18.0},{"not_picked":["Thunderclap","Havoc"],"picked":"Ghostly Armor","floor":20.0},{"not_picked":["Pommel Strike","Cleave","Perfected Strike"],"picked":"Singing Bowl","floor":21.0},{"not_picked":["Cleave","Flex"],"picked":"Shrug It Off","floor":22.0},{"not_picked":["Rampage","Battle Trance+1"],"picked":"Pummel+1","floor":27.0},{"not_picked":["Feel No Pain","Dual Wield"],"picked":"Iron Wave+1","floor":31.0},{"not_picked":["Rupture","Blood for Blood"],"picked":"Twin Strike","floor":32.0},{"not_picked":["Berserk","Juggernaut"],"picked":"Immolate","floor":33.0},{"not_picked":["Pommel Strike+1","Thunderclap+1","Cleave"],"picked":"Singing Bowl","floor":35.0},{"not_picked":["Twin Strike","Armaments"],"picked":"Sword Boomerang","floor":36.0},{"not_picked":["Pommel Strike+1","Clothesline+1","Clash+1"],"picked":"Singing Bowl","floor":40.0},{"not_picked":["Hemokinesis","Flex","Juggernaut"],"picked":"Singing Bowl","floor":41.0},{"not_picked":["Reaper","Twin Strike"],"picked":"Second Wind","floor":42.0},{"not_picked":["True Grit","Warcry","Havoc"],"picked":"Singing Bowl","floor":47.0},{"not_picked":["Feel No Pain","Inflame"],"picked":"Sword Boomerang+1","floor":48.0}],"player_experience":811086,"relics_obtained":[{"floor":6.0,"key":"Singing Bowl"},{"floor":9.0,"key":"Gremlin Horn"},{"floor":13.0,"key":"Red Skull"},{"floor":26.0,"key":"Dream Catcher"},{"floor":27.0,"key":"Paper Frog"},{"floor":30.0,"key":"Oddly Smooth Stone"},{"floor":31.0,"key":"Tiny Chest"},{"floor":39.0,"key":"Meat on the Bone"},{"floor":42.0,"key":"Whetstone"},{"floor":43.0,"key":"Juzu Bracelet"}],"event_choices":[{"damage_healed":0.0,"max_hp_gain":0.0,"max_hp_loss":7.0,"gold_gain":0.0,"event_name":"Golden Idol","player_choice":"Lose Max HP","floor":3.0,"gold_loss":0.0,"damage_taken":0.0,"relics_obtained":["Golden Idol"]},{"cards_removed":["Strike_R"],"damage_healed":0.0,"max_hp_gain":0.0,"max_hp_loss":0.0,"gold_gain":0.0,"event_name":"Bonfire Elementals","player_choice":"Offered Basic","floor":4.0,"gold_loss":0.0,"damage_taken":0.0},{"damage_healed":0.0,"max_hp_gain":0.0,"max_hp_loss":0.0,"gold_gain":0.0,"event_name":"Addict","player_choice":"Obtained Relic","floor":19.0,"gold_loss":85.0,"damage_taken":0.0,"relics_obtained":["Boot"]},{"damage_healed":0.0,"max_hp_gain":0.0,"max_hp_loss":0.0,"gold_gain":0.0,"event_name":"The Library","player_choice":"Read","floor":24.0,"gold_loss":0.0,"damage_taken":0.0,"cards_obtained":["Shockwave"]},{"damage_healed":0.0,"max_hp_gain":0.0,"max_hp_loss":0.0,"gold_gain":0.0,"event_name":"Mysterious Sphere","player_choice":"Ignored","floor":37.0,"gold_loss":0.0,"damage_taken":0.0},{"damage_healed":0.0,"max_hp_gain":0.0,"max_hp_loss":0.0,"gold_gain":333.0,"event_name":"The Moai Head","player_choice":"Gave Idol","floor":38.0,"relics_lost":["Golden Idol"],"gold_loss":0.0,"damage_taken":0.0},{"damage_healed":0.0,"max_hp_gain":0.0,"max_hp_loss":4.0,"gold_gain":0.0,"event_name":"Winding Halls","player_choice":"Max HP","floor":45.0,"gold_loss":0.0,"damage_taken":0.0},{"damage_healed":0.0,"max_hp_gain":0.0,"max_hp_loss":0.0,"gold_gain":0.0,"event_name":"Tomb of Lord Red Mask","player_choice":"Paid","floor":46.0,"gold_loss":49.0,"damage_taken":0.0,"relics_obtained":["Red Mask"]}],"is_beta":false,"boss_relics":[{"not_picked":["Astrolabe","Tiny House"],"picked":"Philosopher\u0027s Stone"},{"not_picked":["Black Blood","Black Star"],"picked":"Snecko Eye"}],"items_purged_floors":[2,28,44],"is_endless":false,"potions_floor_spawned":[5,10,12,16,18,33,36,41,48],"ascension_level":20}