{"gold_per_floor":[113,124,24,41,51,51,78,78,78,96,96,106,118,135,135,135],"floor_reached":16,"playtime":1086,"items_purged":[],"score":106,"play_id":"5774f1ef-3309-4273-bb3d-f4c53e80a463","local_time":"20190722194438","is_ascension_mode":false,"campfire_choices":[{"data":"Caltrops","floor":6,"key":"SMITH"},{"data":"Prepared","floor":11,"key":"SMITH"},{"floor":15,"key":"REST"}],"neow_cost":"NONE","seed_source_timestamp":0,"circlet_count":0,"master_deck":["Strike_G","Strike_G","Strike_G","Strike_G","Strike_G","Defend_G","Defend_G","Defend_G","Defend_G","Defend_G","Survivor","Neutralize","Quick Slash","Caltrops+1","Prepared+1","Accuracy","Quick Slash","Night Terror","Flying Knee","Deadly Poison+1","Terror+1","Poisoned Stab","Cloak And Dagger+1"],"special_seed":0,"relics":["Philosopher\u0027s Stone","Toxic Egg 2","Unceasing Top"],"potions_floor_usage":[10,13,16,16],"damage_taken":[{"damage":0.0,"enemies":"Cultist","floor":1.0,"turns":4.0},{"damage":1,"enemies":"Small Slimes","floor":2,"turns":3},{"damage":0,"enemies":"Jaw Worm","floor":4,"turns":3},{"damage":11,"enemies":"Lots of Slimes","floor":5,"turns":4},{"damage":32,"enemies":"Lagavulin","floor":7,"turns":8},{"damage":12,"enemies":"Large Slime","floor":10,"turns":5},{"damage":8,"enemies":"Blue Slaver","floor":12,"turns":3},{"damage":8,"enemies":"Lots of Slimes","floor":13,"turns":3},{"damage":6,"enemies":"Red Slaver","floor":14,"turns":3},{"damage":36,"enemies":"Hexaghost","floor":16,"turns":4}],"seed_played":"1200033590424124853","potions_obtained":[{"floor":7,"key":"Explosive Potion"},{"floor":12,"key":"Energy Potion"},{"floor":13,"key":"PowerPotion"},{"floor":14,"key":"SteroidPotion"}],"is_trial":false,"path_per_floor":["M","M","$","M","M","R","E","?","T","M","R","M","M","M","R","B"],"character_chosen":"THE_SILENT","items_purchased":["Prepared","Accuracy"],"campfire_rested":1,"item_purchase_floors":[3,3],"current_hp_per_floor":[70,69,69,69,58,58,26,49,49,37,37,29,21,15,36,0],"gold":135,"neow_bonus":"BOSS_RELIC","is_prod":false,"is_daily":false,"chose_seed":false,"campfire_upgraded":2,"win_rate":0,"timestamp":1563817478,"path_taken":["M","M","?","M","M","R","E","?","T","M","R","M","?","M","R","BOSS"],"build_version":"2019-07-05","purchased_purges":0,"victory":false,"max_hp_per_floor":[70,70,70,70,70,70,70,70,70,70,70,70,70,70,70,70],"card_choices":[{"not_picked":["Blade Dance","Underhanded Strike"],"picked":"Quick Slash","floor":1},{"not_picked":["PiercingWail","Underhanded Strike"],"picked":"Caltrops","floor":2},{"not_picked":["Slice","Deadly Poison"],"picked":"Quick Slash","floor":4},{"not_picked":["Sucker Punch","Quick Slash"],"picked":"Night Terror","floor":5},{"not_picked":["Predator","Finisher"],"picked":"Flying Knee","floor":7},{"not_picked":["Underhanded Strike","Well Laid Plans"],"picked":"Deadly Poison+1","floor":10},{"not_picked":["Dagger Throw","Underhanded Strike"],"picked":"Terror+1","floor":12},{"not_picked":["Underhanded Strike","Slice"],"picked":"Poisoned Stab","floor":13},{"not_picked":["Predator","Bane"],"picked":"Cloak And Dagger+1","floor":14}],"player_experience":70393,"relics_obtained":[{"floor":7,"key":"Toxic Egg 2"},{"floor":9,"key":"Unceasing Top"}],"event_choices":[{"damage_healed":23,"gold_gain":0,"player_choice":"Banana","damage_taken":0,"max_hp_gain":0,"max_hp_loss":0,"event_name":"Big Fish","floor":8,"gold_loss":0}],"is_beta":false,"boss_relics":[],"items_purged_floors":[],"is_endless":false,"potions_floor_spawned":[7,12,13,14],"killed_by":"Hexaghost","ascension_level":0}