{"gold_per_floor":[15,32,32,53,53,86,45,59,131,51,51,51,1,15,15,145,145,169,169,169,200,200],"floor_reached":22,"playtime":1292,"items_purged":[],"score":207,"play_id":"084088c4-022d-400e-9719-04e126f3a3de","local_time":"20190718113547","is_ascension_mode":false,"campfire_choices":[{"floor":12,"key":"REST"},{"floor":15,"key":"REST"}],"neow_cost":"NO_GOLD","seed_source_timestamp":299311333880149,"circlet_count":0,"master_deck":["Defend_R","Defend_R","Defend_R","Defend_R","Bash","Bloodletting","Pommel Strike","Spot Weakness","Bloodletting+1","Spot Weakness+1","Brutality+1","Spot Weakness+1","Demon Form","Bite","Bite","Bite","Bite","Bite"],"relics":["Burning Blood","Calipers","Bloody Idol","Toxic Egg 2","Mercury Hourglass","Pantograph","Busted Crown","Red Mask"],"potions_floor_usage":[6,16,21,21],"damage_taken":[{"damage":12,"enemies":"2 Louse","floor":1,"turns":3},{"damage":4,"enemies":"Jaw Worm","floor":2,"turns":3},{"damage":5,"enemies":"Small Slimes","floor":4,"turns":4},{"damage":42,"enemies":"3 Sentries","floor":6,"turns":10},{"damage":9,"enemies":"2 Fungi Beasts","floor":8,"turns":3},{"damage":18,"enemies":"Large Slime","floor":14,"turns":6},{"damage":40,"enemies":"Slime Boss","floor":16,"turns":10},{"damage":55,"enemies":"3 Byrds","floor":18,"turns":5},{"damage":41,"enemies":"Masked Bandits","floor":21,"turns":5},{"damage":29,"enemies":"Chosen","floor":22,"turns":5}],"seed_played":"-8292008351812514139","potions_obtained":[{"floor":1,"key":"SpeedPotion"},{"floor":8,"key":"Ancient Potion"},{"floor":16,"key":"Swift Potion"},{"floor":18,"key":"LiquidBronze"}],"is_trial":false,"path_per_floor":["M","M","?","M","T","E","?","M","T","$","?","R","?","M","R","B",null,"M","?","?","?","M"],"character_chosen":"IRONCLAD","items_purchased":["Brutality"],"campfire_rested":2,"item_purchase_floors":[10],"current_hp_per_floor":[74,76,56,57,57,21,21,18,18,18,18,42,42,30,54,45,80,31,31,31,17,0],"gold":200,"neow_bonus":"ONE_RARE_RELIC","is_prod":false,"is_daily":false,"chose_seed":false,"campfire_upgraded":0,"win_rate":0,"timestamp":1563464147,"path_taken":["M","M","?","M","?","E","?","M","T","?","?","R","?","M","R","BOSS","M","?","?","?","?"],"build_version":"2019-07-17","purchased_purges":0,"victory":false,"max_hp_per_floor":[80,80,80,80,80,80,80,80,80,80,80,80,80,80,80,80,80,80,80,56,56,56],"card_choices":[{"not_picked":["Intimidate","Pommel Strike"],"picked":"Bloodletting","floor":1},{"not_picked":["True Grit","Anger"],"picked":"Pommel Strike","floor":2},{"not_picked":["Havoc","Heavy Blade"],"picked":"Spot Weakness","floor":4},{"not_picked":["Sentinel+1","Anger"],"picked":"Bloodletting+1","floor":6},{"not_picked":["Thunderclap","Clash"],"picked":"Spot Weakness+1","floor":8},{"not_picked":["Second Wind+1","Sever Soul"],"picked":"Spot Weakness+1","floor":14},{"not_picked":["Exhume+1","Barricade"],"picked":"Demon Form","floor":16},{"not_picked":["Burning Pact+1"],"picked":"SKIP","floor":18}],"player_experience":27882,"relics_obtained":[{"floor":5,"key":"Toxic Egg 2"},{"floor":6,"key":"Mercury Hourglass"},{"floor":9,"key":"Pantograph"},{"floor":21,"key":"Red Mask"}],"event_choices":[{"damage_healed":0,"gold_gain":0,"player_choice":"Take Damage","damage_taken":20,"relics_obtained":["Golden Idol"],"max_hp_gain":0,"max_hp_loss":0,"event_name":"Golden Idol","floor":3,"gold_loss":0},{"damage_healed":0,"gold_gain":0,"player_choice":"Left Gold","damage_taken":0,"max_hp_gain":0,"max_hp_loss":0,"event_name":"World of Goop","floor":7,"gold_loss":41},{"damage_healed":0,"gold_gain":0,"player_choice":"Grow","damage_taken":0,"max_hp_gain":0,"max_hp_loss":0,"event_name":"Living Wall","floor":11,"gold_loss":0,"cards_upgraded":["Brutality"]},{"cards_removed":["Strike_R"],"damage_healed":0,"gold_gain":0,"player_choice":"Card Removal","damage_taken":0,"max_hp_gain":0,"max_hp_loss":0,"event_name":"The Cleric","floor":13,"gold_loss":50},{"damage_healed":0,"gold_gain":0,"player_choice":"Gave Idol","damage_taken":0,"relics_obtained":["Bloody Idol"],"max_hp_gain":0,"max_hp_loss":0,"event_name":"Forgotten Altar","floor":19,"relics_lost":["Golden Idol"],"gold_loss":0},{"damage_healed":0,"gold_gain":0,"player_choice":"Became a vampire","damage_taken":0,"max_hp_gain":0,"max_hp_loss":24,"event_name":"Vampires","floor":20,"gold_loss":0,"cards_obtained":["Bite","Bite","Bite","Bite","Bite"]},{"damage_healed":0,"gold_gain":0,"player_choice":"Fought Bandits","damage_taken":0,"max_hp_gain":0,"max_hp_loss":0,"event_name":"Masked Bandits","floor":21,"gold_loss":0}],"is_beta":false,"boss_relics":[{"not_picked":["Calling Bell","Philosopher\u0027s Stone"],"picked":"Busted Crown"}],"items_purged_floors":[],"is_endless":false,"potions_floor_spawned":[1,8,16,18],"killed_by":"Chosen","ascension_level":0}