{"gold_per_floor":[118,132,142,154,170,204,267,297,297,297,39,71,87,87,87,187,187,207,8,25,45,45,74,84,114,159,173,191,206,231,231,231,330,330,345,356,370,19,38,65,77,89,112,147,164,164,264,298,298,298],"floor_reached":51,"playtime":3176,"items_purged":["Strike_R","Strike_R","Writhe"],"score":966,"play_id":"fbb441d3-b3ce-4449-bea2-60921c5a6de1","local_time":"20190725122800","is_ascension_mode":true,"campfire_choices":[{"data":"Bash","floor":10,"key":"SMITH"},{"data":"Heavy Blade","floor":15,"key":"SMITH"},{"data":"Immolate","floor":32,"key":"SMITH"},{"data":"Uppercut","floor":46,"key":"SMITH"},{"floor":49,"key":"REST"}],"neow_cost":"NONE","seed_source_timestamp":123618888395798,"circlet_count":0,"master_deck":["Strike_R+1","Strike_R+1","Strike_R+1","Defend_R+1","Defend_R+1","Defend_R+1","Defend_R","Bash+1","Pommel Strike","Headbutt","Spot Weakness","Blood for Blood","Thunderclap","Impervious","Inflame+1","Flex+1","Heavy Blade+1","Immolate+1","Clothesline","Perfected Strike+1","Demon Form+1","Flame Barrier+1","Heavy Blade+1","Dropkick+1","Spot Weakness+1","Evolve+1","Armaments+1","Limit Break+1","Fiend Fire","Double Tap+1","Impervious+1","Uppercut+1","Ghostly Armor+1","Flame Barrier+1","Perfected Strike+1","Mayhem+1","Corruption+1","Metallicize+1","Dark Embrace+1","Perfected Strike","Entrench+1","Whirlwind+1","Carnage","Clothesline+1","Bludgeon","Perfected Strike+1"],"relics":["Burning Blood","Red Skull","PreservedInsect","The Courier","Frozen Egg 2","Gremlin Horn","Toxic Egg 2","Whetstone","Snecko Eye","Lantern","Prayer Wheel","Charon\u0027s Ashes","Pantograph","Pen Nib","Bottled Flame","Lizard Tail","Paper Frog","Ancient Tea Set","War Paint","Pocketwatch","Boot"],"potions_floor_usage":[7,16,16,33,36,47,50,50],"damage_taken":[{"damage":5,"enemies":"Cultist","floor":1,"turns":4},{"damage":9,"enemies":"Small Slimes","floor":2,"turns":4},{"damage":9,"enemies":"2 Louse","floor":3,"turns":3},{"damage":11,"enemies":"Large Slime","floor":4,"turns":4},{"damage":13,"enemies":"2 Fungi Beasts","floor":5,"turns":3},{"damage":36,"enemies":"Lagavulin","floor":6,"turns":5},{"damage":1,"enemies":"Gremlin Nob","floor":7,"turns":3},{"damage":0,"enemies":"Gremlin Nob","floor":8,"turns":2},{"damage":9,"enemies":"3 Sentries","floor":12,"turns":2},{"damage":0,"enemies":"Exordium Thugs","floor":13,"turns":2},{"damage":18,"enemies":"Hexaghost","floor":16,"turns":3},{"damage":5,"enemies":"Chosen","floor":18,"turns":3},{"damage":0,"enemies":"Shell Parasite","floor":20,"turns":1},{"damage":0,"enemies":"3 Cultists","floor":21,"turns":2},{"damage":7,"enemies":"Gremlin Leader","floor":23,"turns":3},{"damage":13,"enemies":"Snake Plant","floor":24,"turns":3},{"damage":12,"enemies":"Book of Stabbing","floor":25,"turns":4},{"damage":0,"enemies":"Centurion and Healer","floor":27,"turns":3},{"damage":0,"enemies":"Sentry and Sphere","floor":28,"turns":2},{"damage":5,"enemies":"Cultist and Chosen","floor":29,"turns":3},{"damage":19,"enemies":"Slavers","floor":30,"turns":2},{"damage":30,"enemies":"Collector","floor":33,"turns":6},{"damage":8,"enemies":"3 Darklings","floor":35,"turns":2},{"damage":6,"enemies":"3 Shapes","floor":36,"turns":1},{"damage":0,"enemies":"Transient","floor":37,"turns":5},{"damage":0,"enemies":"3 Darklings","floor":39,"turns":2},{"damage":5,"enemies":"Nemesis","floor":40,"turns":3},{"damage":0,"enemies":"Jaw Worm Horde","floor":41,"turns":1},{"damage":0,"enemies":"Transient","floor":42,"turns":5},{"damage":4,"enemies":"Giant Head","floor":44,"turns":4},{"damage":3,"enemies":"3 Darklings","floor":45,"turns":2},{"damage":30,"enemies":"Mind Bloom Boss Battle","floor":47,"turns":3},{"damage":32,"enemies":"Nemesis","floor":48,"turns":5},{"damage":56,"enemies":"Time Eater","floor":50,"turns":8}],"seed_played":"2381501452727736448","potions_obtained":[{"floor":2,"key":"SkillPotion"},{"floor":3,"key":"GamblersBrew"},{"floor":4,"key":"FearPotion"},{"floor":13,"key":"BloodPotion"},{"floor":21,"key":"EssenceOfSteel"},{"floor":23,"key":"Poison Potion"},{"floor":24,"key":"Regen Potion"},{"floor":29,"key":"Regen Potion"},{"floor":31,"key":"Energy Potion"},{"floor":33,"key":"PowerPotion"},{"floor":37,"key":"Fire Potion"},{"floor":47,"key":"Dexterity Potion"},{"floor":48,"key":"Ancient Potion"}],"is_trial":false,"path_per_floor":["M","M","M","M","M","E","?","E","T","R","$","E","M","?","R","B",null,"M","$","M","M","?","E","M","E","T","M","M","M","E","?","R","B",null,"M","M","M","$","M","E","M","M","T","E","M","R","?","E","R","B",null],"character_chosen":"IRONCLAD","items_purchased":["Toxic Egg 2","Lantern","Mayhem+1","Corruption+1","Metallicize+1"],"campfire_rested":1,"item_purchase_floors":[11,19,38,38,38],"current_hp_per_floor":[80,77,74,69,62,32,37,43,43,43,43,40,46,30,30,18,80,80,80,80,80,80,79,72,66,66,72,78,79,66,66,66,56,80,78,78,80,80,80,80,80,80,80,80,80,80,56,30,54,49],"gold":298,"neow_bonus":"RANDOM_COMMON_RELIC","is_prod":false,"is_daily":false,"chose_seed":false,"campfire_upgraded":4,"win_rate":0,"timestamp":1564050480,"path_taken":["M","M","?","M","M","E","?","E","T","R","$","E","M","?","R","BOSS","M","$","M","M","?","E","M","E","T","M","M","M","E","?","R","BOSS","M","M","M","$","M","E","M","M","T","E","M","R","?","E","R","BOSS"],"build_version":"2019-07-05","purchased_purges":3,"victory":true,"max_hp_per_floor":[80,80,80,80,80,80,80,80,80,80,80,80,80,80,80,80,80,80,80,80,80,80,80,80,80,80,80,80,80,80,80,80,80,80,80,80,80,80,80,80,80,80,80,80,80,80,80,80,80,80],"card_choices":[{"not_picked":["Cleave","True Grit"],"picked":"Pommel Strike","floor":1},{"not_picked":["Wild Strike","True Grit"],"picked":"Headbutt","floor":2},{"not_picked":["Pummel","Cleave"],"picked":"Spot Weakness","floor":3},{"not_picked":["Seeing Red","Warcry"],"picked":"Blood for Blood","floor":4},{"not_picked":["Perfected Strike","Warcry","Havoc"],"picked":"SKIP","floor":5},{"not_picked":["Flame Barrier","Cleave"],"picked":"Thunderclap","floor":6},{"not_picked":["Rampage","Twin Strike"],"picked":"Impervious","floor":7},{"not_picked":["Searing Blow","Spot Weakness"],"picked":"Inflame","floor":8},{"not_picked":["Spot Weakness+1","Warcry+1"],"picked":"Flex+1","floor":12},{"not_picked":["Twin Strike","Clothesline"],"picked":"Heavy Blade","floor":13},{"not_picked":["Fiend Fire","Offering+1"],"picked":"Immolate","floor":16},{"not_picked":["Thunderclap","Pummel+1"],"picked":"Clothesline","floor":18},{"not_picked":["Clash","Havoc+1"],"picked":"Perfected Strike+1","floor":20},{"not_picked":["Seeing Red+1","True Grit+1"],"picked":"Demon Form+1","floor":21},{"not_picked":["Pummel+1","Dual Wield+1"],"picked":"Flame Barrier+1","floor":23},{"not_picked":["Flex+1","Sword Boomerang"],"picked":"Heavy Blade+1","floor":24},{"not_picked":["Disarm+1","Pommel Strike"],"picked":"Dropkick+1","floor":24},{"not_picked":["Flex+1","Combust+1"],"picked":"Spot Weakness+1","floor":25},{"not_picked":["Disarm+1","Bloodletting+1"],"picked":"Evolve+1","floor":27},{"not_picked":["Seeing Red+1","Cleave"],"picked":"Armaments+1","floor":27},{"not_picked":["Corruption+1","Clothesline"],"picked":"Limit Break+1","floor":28},{"not_picked":["Sword Boomerang","Armaments+1","Flex+1"],"picked":"SKIP","floor":28},{"not_picked":["Shrug It Off+1","Anger"],"picked":"Fiend Fire","floor":29},{"not_picked":["Battle Trance+1","Sword Boomerang+1","Combust+1"],"picked":"SKIP","floor":29},{"not_picked":["Perfected Strike","Body Slam+1"],"picked":"Double Tap+1","floor":30},{"not_picked":["Dark Embrace+1","Exhume+1"],"picked":"Impervious+1","floor":33},{"not_picked":["Clash+1","Warcry+1","Flex+1"],"picked":"SKIP","floor":35},{"not_picked":["Reckless Charge+1","Warcry+1","Hemokinesis+1"],"picked":"SKIP","floor":35},{"not_picked":["Bloodletting+1","Havoc+1"],"picked":"Uppercut","floor":36},{"not_picked":["Reckless Charge+1","Warcry+1"],"picked":"Ghostly Armor+1","floor":36},{"not_picked":["Headbutt","Flex+1"],"picked":"Flame Barrier+1","floor":37},{"not_picked":["Anger+1","Clash+1"],"picked":"Perfected Strike+1","floor":37},{"not_picked":["Reckless Charge","Power Through+1"],"picked":"Dark Embrace+1","floor":39},{"not_picked":["Warcry+1","Rupture+1"],"picked":"Perfected Strike","floor":39},{"not_picked":["Sword Boomerang+1","Shrug It Off+1"],"picked":"Entrench+1","floor":40},{"not_picked":["Warcry+1","Searing Blow+1"],"picked":"Whirlwind+1","floor":41},{"not_picked":["Wild Strike","Flex+1","Body Slam"],"picked":"SKIP","floor":41},{"not_picked":["Sword Boomerang+1","Shrug It Off+1","Body Slam+1"],"picked":"SKIP","floor":42},{"not_picked":["Whirlwind","Cleave+1","Thunderclap"],"picked":"SKIP","floor":42},{"not_picked":["Entrench+1","Rupture+1"],"picked":"Carnage","floor":44},{"not_picked":["Twin Strike","Body Slam"],"picked":"Clothesline+1","floor":45},{"not_picked":["Clash","Wild Strike+1","Twin Strike"],"picked":"SKIP","floor":45},{"not_picked":["Combust+1","Reckless Charge"],"picked":"Bludgeon","floor":47},{"not_picked":["Disarm+1","Body Slam"],"picked":"Perfected Strike+1","floor":48}],"player_experience":147985,"relics_obtained":[{"floor":6,"key":"PreservedInsect"},{"floor":7,"key":"The Courier"},{"floor":8,"key":"Frozen Egg 2"},{"floor":9,"key":"Gremlin Horn"},{"floor":12,"key":"Whetstone"},{"floor":23,"key":"Charon\u0027s Ashes"},{"floor":25,"key":"Pantograph"},{"floor":26,"key":"Pen Nib"},{"floor":30,"key":"Bottled Flame"},{"floor":40,"key":"Paper Frog"},{"floor":43,"key":"Ancient Tea Set"},{"floor":44,"key":"War Paint"},{"floor":47,"key":"Pocketwatch"},{"floor":48,"key":"Boot"}],"event_choices":[{"damage_healed":0,"gold_gain":0,"player_choice":"Searched \u00272\u0027 times","damage_taken":0,"max_hp_gain":0,"max_hp_loss":0,"event_name":"Dead Adventurer","floor":7,"gold_loss":0},{"damage_healed":0,"gold_gain":0,"player_choice":"Entered Light","damage_taken":16,"max_hp_gain":0,"max_hp_loss":0,"event_name":"Shining Light","floor":14,"gold_loss":0,"cards_upgraded":["Defend_R","Strike_R"]},{"damage_healed":0,"gold_gain":0,"player_choice":"Opened","damage_taken":0,"relics_obtained":["Prayer Wheel"],"max_hp_gain":0,"max_hp_loss":0,"event_name":"The Mausoleum","floor":22,"gold_loss":0,"cards_obtained":["Writhe"]},{"damage_healed":0,"gold_gain":0,"player_choice":"Got Potions","damage_taken":0,"max_hp_gain":0,"max_hp_loss":0,"event_name":"Lab","floor":31,"gold_loss":0},{"damage_healed":0,"gold_gain":0,"player_choice":"Fight","damage_taken":0,"max_hp_gain":0,"max_hp_loss":0,"event_name":"MindBloom","floor":47,"gold_loss":0}],"is_beta":false,"boss_relics":[{"not_picked":["Busted Crown","Runic Cube"],"picked":"Snecko Eye"},{"not_picked":["White Beast Statue","Tiny House"],"picked":"Lizard Tail"}],"items_purged_floors":[11,19,38],"is_endless":false,"potions_floor_spawned":[2,3,4,13,21,23,24,29,33,37,39,47,48],"ascension_level":1}