{"gold_per_floor":[113,163,179,198,198,226,226,261,284,297,330,330,348,376,376,376],"floor_reached":16,"playtime":795,"items_purged":[],"score":271,"play_id":"b4080411-07e8-4f4e-8a55-c09b77ac8406","local_time":"20190615233210","is_ascension_mode":true,"campfire_choices":[{"data":"Armaments","floor":7,"key":"SMITH"},{"floor":12,"key":"REST"},{"data":"Intimidate","floor":15,"key":"SMITH"}],"neow_cost":"NONE","seed_source_timestamp":197532574297600,"circlet_count":0,"master_deck":["AscendersBane","Strike_R","Strike_R","Strike_R","Strike_R","Strike_R","Defend_R","Defend_R","Defend_R","Defend_R","Bash","Battle Trance","Fire Breathing","Armaments+1","Metallicize","Clash","Power Through","Whirlwind","Intimidate+1","True Grit"],"relics":["Burning Blood","NeowsBlessing","Red Skull","Happy Flower","Vajra","Frozen Egg 2","Dead Branch"],"potions_floor_usage":[6,6,11,14],"damage_taken":[{"damage":0,"enemies":"Jaw Worm","floor":1,"turns":1},{"damage":0,"enemies":"Cultist","floor":3,"turns":1},{"damage":0,"enemies":"Small Slimes","floor":4,"turns":1},{"damage":46,"enemies":"Lagavulin","floor":6,"turns":6},{"damage":28,"enemies":"Gremlin Nob","floor":8,"turns":5},{"damage":5,"enemies":"Blue Slaver","floor":10,"turns":3},{"damage":0,"enemies":"Lagavulin","floor":11,"turns":7},{"damage":0,"enemies":"Lots of Slimes","floor":13,"turns":1},{"damage":12,"enemies":"Gremlin Nob","floor":14,"turns":3},{"damage":41,"enemies":"Hexaghost","floor":16,"turns":9}],"seed_played":"-1397511487886656516","potions_obtained":[{"floor":1,"key":"PowerPotion"},{"floor":3,"key":"SteroidPotion"},{"floor":10,"key":"EssenceOfSteel"},{"floor":11,"key":"Poison Potion"}],"is_trial":false,"path_per_floor":["M","?","M","M","?","E","R","E","T","M","E","R","M","E","R","B"],"character_chosen":"IRONCLAD","items_purchased":[],"campfire_rested":1,"item_purchase_floors":[],"current_hp_per_floor":[74,74,75,75,71,31,31,9,9,10,16,38,44,38,38,0],"gold":376,"neow_bonus":"THREE_ENEMY_KILL","is_prod":false,"is_daily":false,"chose_seed":false,"campfire_upgraded":2,"win_rate":0,"timestamp":1560634330,"path_taken":["M","?","M","?","?","E","R","E","T","M","E","R","?","E","R","BOSS"],"build_version":"2019-01-23","purchased_purges":0,"victory":false,"max_hp_per_floor":[75,75,75,75,75,75,75,75,75,75,75,75,75,75,75,75],"card_choices":[{"not_picked":["Havoc","Entrench"],"picked":"Battle Trance","floor":1},{"not_picked":["Perfected Strike","Havoc"],"picked":"Fire Breathing","floor":3},{"not_picked":["Cleave","Havoc"],"picked":"Armaments","floor":4},{"not_picked":["Offering","Armaments"],"picked":"Metallicize","floor":6},{"not_picked":["Body Slam","Fire Breathing"],"picked":"Clash","floor":8},{"not_picked":["Pommel Strike","Flex"],"picked":"Power Through","floor":10},{"not_picked":["Heavy Blade","Headbutt"],"picked":"Whirlwind","floor":11},{"not_picked":["Flex","Rage"],"picked":"Intimidate","floor":13},{"not_picked":["Shockwave","Searing Blow"],"picked":"True Grit","floor":14}],"player_experience":814195,"relics_obtained":[{"floor":6,"key":"Red Skull"},{"floor":8,"key":"Happy Flower"},{"floor":9,"key":"Vajra"},{"floor":11,"key":"Frozen Egg 2"},{"floor":14,"key":"Dead Branch"}],"event_choices":[{"damage_healed":0,"gold_gain":50,"player_choice":"Pray","damage_taken":0,"max_hp_gain":0,"max_hp_loss":0,"event_name":"Golden Shrine","floor":2,"gold_loss":0},{"damage_healed":0,"gold_gain":0,"player_choice":"Bought 0 Potions","damage_taken":0,"max_hp_gain":0,"max_hp_loss":0,"event_name":"The Woman in Blue","floor":5,"gold_loss":0}],"is_beta":false,"boss_relics":[],"items_purged_floors":[],"is_endless":false,"potions_floor_spawned":[1,3,10,11],"killed_by":"Hexaghost","ascension_level":15}