{"gold_per_floor":[118,118,136,136,61,94,94,105,131,131,158,158,173,185,185,284,284,301,64,83,83,113,113,31,31,31,31,31,31,64,80,80,184,184,195,195,212,43,265,265,292,79,79,79,79,79,89,100,100,100],"floor_reached":51,"playtime":4344,"items_purged":["Strike_G","Defend_G+1"],"score":689,"play_id":"6f3488f8-95a8-4835-ba8d-e303dfec9d45","local_time":"20190711062510","is_ascension_mode":false,"campfire_choices":[{"data":"Blur","floor":7,"key":"SMITH"},{"data":"Sucker Punch","floor":10,"key":"SMITH"},{"data":"Sucker Punch","floor":12,"key":"SMITH"},{"data":"Dagger Spray","floor":15,"key":"SMITH"},{"data":"After Image","floor":23,"key":"SMITH"},{"data":"Footwork","floor":25,"key":"SMITH"},{"data":"Adrenaline","floor":27,"key":"SMITH"},{"data":"Dagger Spray","floor":29,"key":"SMITH"},{"data":"Noxious Fumes","floor":32,"key":"SMITH"},{"data":"All Out Attack","floor":40,"key":"SMITH"},{"data":"Bouncing Flask","floor":49,"key":"SMITH"}],"neow_cost":"NONE","seed_source_timestamp":50391502388154,"circlet_count":0,"master_deck":["Strike_G+1","Strike_G+1","Strike_G+1","Strike_G+1","Defend_G+1","Defend_G+1","Defend_G+1","Defend_G+1","Neutralize+1","Sucker Punch+1","Footwork+1","Blur+1","Outmaneuver+1","Sucker Punch+1","Slice+1","PiercingWail+1","Dagger Spray+1","Deflect+1","After Image+1","Dagger Spray+1","Adrenaline+1","Distraction+1","Deflect+1","Footwork+1","Heel Hook+1","Noxious Fumes+1","Die Die Die+1","Blur+1","Well Laid Plans+1","All Out Attack+1","Caltrops+1","Footwork+1","Dramatic Entrance+1","Poisoned Stab+1","Backflip+1","Normality","Parasite","Bane","Parasite","Bouncing Flask+1"],"relics":["Ring of the Serpent","Blood Vial","PreservedInsect","Boot","Cursed Key","Red Mask","Whetstone","Centennial Puzzle","Pear","Mark of the Bloom","Happy Flower"],"potions_floor_usage":[8,16,33,33,47,50],"damage_taken":[{"damage":0,"enemies":"2 Louse","floor":1,"turns":3},{"damage":4,"enemies":"Cultist","floor":3,"turns":3},{"damage":25,"enemies":"Lagavulin","floor":6,"turns":14},{"damage":0,"enemies":"Jaw Worm","floor":8,"turns":4},{"damage":3,"enemies":"2 Fungi Beasts","floor":13,"turns":4},{"damage":0,"enemies":"Looter","floor":14,"turns":3},{"damage":38,"enemies":"The Guardian","floor":16,"turns":17},{"damage":0,"enemies":"3 Byrds","floor":18,"turns":5},{"damage":8,"enemies":"Spheric Guardian","floor":20,"turns":8},{"damage":6,"enemies":"Masked Bandits","floor":22,"turns":4},{"damage":11,"enemies":"Book of Stabbing","floor":30,"turns":8},{"damage":0,"enemies":"Snake Plant","floor":31,"turns":5},{"damage":10,"enemies":"Automaton","floor":33,"turns":12},{"damage":0,"enemies":"Orb Walker","floor":35,"turns":4},{"damage":0,"enemies":"3 Darklings","floor":37,"turns":6},{"damage":0,"enemies":"Nemesis","floor":41,"turns":7},{"damage":20,"enemies":"Spire Growth","floor":47,"turns":6},{"damage":0,"enemies":"Writhing Mass","floor":48,"turns":7},{"damage":41,"enemies":"Time Eater","floor":50,"turns":15}],"seed_played":"-7668698413914394429","potions_obtained":[{"floor":1,"key":"GamblersBrew"},{"floor":3,"key":"Energy Potion"},{"floor":20,"key":"SteroidPotion"},{"floor":31,"key":"LiquidBronze"},{"floor":35,"key":"Ancient Potion"},{"floor":47,"key":"SkillPotion"}],"is_trial":false,"path_per_floor":["M","?","M","?","$","E","R","M","T","R","T","R","M","M","R","B",null,"M","$","M","?","?","R","$","R","T","R","$","R","E","M","R","B",null,"M","?","M","$","?","R","E","$","T","?","?","T","M","M","R","B",null],"character_chosen":"THE_SILENT","items_purchased":["Outmaneuver","Sucker Punch","Adrenaline","Footwork","All Out Attack","Footwork","Dramatic Entrance","Poisoned Stab","Backflip"],"campfire_rested":0,"item_purchase_floors":[5,5,19,24,38,42,42,42,42],"current_hp_per_floor":[70,70,66,66,66,41,41,43,43,43,43,43,42,44,44,8,70,70,70,62,62,58,58,58,58,58,58,58,58,49,51,51,43,70,70,70,70,70,70,70,70,70,80,80,76,76,56,56,56,15],"gold":100,"neow_bonus":"THREE_CARDS","is_prod":false,"is_daily":false,"chose_seed":false,"campfire_upgraded":11,"win_rate":0.0,"timestamp":1562844310,"path_taken":["M","?","?","?","$","E","R","M","T","R","?","R","M","M","R","BOSS","M","$","M","?","?","R","$","R","T","R","$","R","E","M","R","BOSS","M","?","M","$","?","R","E","$","T","?","?","?","M","M","R","BOSS"],"build_version":"2019-07-05","purchased_purges":2,"victory":true,"max_hp_per_floor":[70,70,70,70,70,70,70,70,70,70,70,70,70,70,70,70,70,70,70,70,70,70,70,70,70,70,70,70,70,70,70,70,70,70,70,70,70,70,70,70,70,70,80,80,76,76,76,76,76,76],"card_choices":[{"not_picked":["Cloak And Dagger","Poisoned Stab"],"picked":"Sucker Punch","floor":0},{"not_picked":["Cloak And Dagger","PiercingWail"],"picked":"Footwork","floor":1},{"not_picked":["Poisoned Stab","Tactician"],"picked":"Blur","floor":3},{"not_picked":["Masterful Stab","Acrobatics"],"picked":"Slice","floor":6},{"not_picked":["Endless Agony","Leg Sweep"],"picked":"PiercingWail","floor":8},{"not_picked":["Distraction","Catalyst"],"picked":"Dagger Spray","floor":13},{"not_picked":["Dodge and Roll","Deadly Poison"],"picked":"Deflect","floor":14},{"not_picked":["Unload","Malaise"],"picked":"After Image","floor":16},{"not_picked":["Skewer","Blade Dance"],"picked":"Dagger Spray","floor":18},{"not_picked":["PiercingWail","Cloak And Dagger"],"picked":"Distraction+1","floor":20},{"not_picked":["Dagger Throw+1","Underhanded Strike"],"picked":"Deflect","floor":22},{"not_picked":["Blade Dance","Bane"],"picked":"Heel Hook","floor":30},{"not_picked":["Leg Sweep","Flechettes"],"picked":"Noxious Fumes","floor":31},{"not_picked":["Corpse Explosion","Unload"],"picked":"Die Die Die","floor":33},{"not_picked":["Bane","Dagger Throw"],"picked":"Blur+1","floor":35},{"not_picked":["Dodge and Roll+1","Sucker Punch"],"picked":"Well Laid Plans+1","floor":37},{"not_picked":["Terror","Dagger Spray"],"picked":"Caltrops+1","floor":41},{"not_picked":["Prepared+1","Accuracy+1"],"picked":"Bane","floor":47},{"not_picked":["Well Laid Plans","Acrobatics+1"],"picked":"Bouncing Flask","floor":48}],"player_experience":106009,"relics_obtained":[{"floor":6,"key":"Blood Vial"},{"floor":9,"key":"PreservedInsect"},{"floor":11,"key":"Boot"},{"floor":22,"key":"Red Mask"},{"floor":30,"key":"Whetstone"},{"floor":41,"key":"Centennial Puzzle"},{"floor":43,"key":"Pear"},{"floor":46,"key":"Happy Flower"}],"event_choices":[{"damage_healed":0,"gold_gain":0,"player_choice":"Forge","damage_taken":0,"max_hp_gain":0,"max_hp_loss":0,"event_name":"Accursed Blacksmith","floor":2,"gold_loss":0,"cards_upgraded":["Footwork"]},{"damage_healed":0,"gold_gain":0,"player_choice":"Ignored","damage_taken":0,"max_hp_gain":0,"max_hp_loss":0,"event_name":"Liars Game","floor":4,"gold_loss":0},{"damage_healed":0,"gold_gain":0,"player_choice":"Simplicity","damage_taken":0,"max_hp_gain":0,"max_hp_loss":0,"event_name":"Back to Basics","floor":21,"gold_loss":0,"cards_upgraded":["Strike_G","Strike_G","Strike_G","Strike_G","Defend_G","Defend_G","Defend_G","Defend_G","Defend_G"]},{"damage_healed":0,"gold_gain":0,"player_choice":"Fought Bandits","damage_taken":0,"max_hp_gain":0,"max_hp_loss":0,"event_name":"Masked Bandits","floor":22,"gold_loss":0},{"cards_removed":["Survivor"],"damage_healed":0,"gold_gain":0,"player_choice":"Removed Skill","damage_taken":0,"max_hp_gain":0,"max_hp_loss":0,"event_name":"Falling","floor":36,"gold_loss":0},{"damage_healed":0,"gold_gain":222,"player_choice":"Wore Mask","damage_taken":0,"max_hp_gain":0,"max_hp_loss":0,"event_name":"Tomb of Lord Red Mask","floor":39,"gold_loss":0},{"damage_healed":0,"gold_gain":0,"player_choice":"Upgrade","damage_taken":0,"relics_obtained":["Mark of the Bloom"],"max_hp_gain":0,"max_hp_loss":0,"event_name":"MindBloom","floor":44,"gold_loss":0,"cards_upgraded":["Outmaneuver","PiercingWail","Deflect","Deflect","Heel Hook","Die Die Die","Footwork","Dramatic Entrance","Poisoned Stab","Backflip"]},{"damage_healed":0,"gold_gain":0,"player_choice":"Max HP","damage_taken":0,"max_hp_gain":0,"max_hp_loss":4,"event_name":"Winding Halls","floor":45,"gold_loss":0}],"is_beta":false,"boss_relics":[{"not_picked":["Runic Pyramid","Fusion Hammer"],"picked":"Cursed Key"},{"not_picked":["WristBlade","Runic Dome"],"picked":"Ring of the Serpent"}],"items_purged_floors":[19,38],"is_endless":false,"potions_floor_spawned":[1,3,20,31,35,47],"ascension_level":0}