{"gold_per_floor":[20,20,33,44,59,124,124,155,237,272,272,288,288,238,238,339,339,354,354,367,383,26,53,72,72,72,87,115,115,15,49,49,144,144,157,157,257,52,67,98,98,98,123,123,123,123,123,143,143,143],"floor_reached":51,"playtime":3255,"items_purged":["Writhe","Strike_R","Defend_R"],"score":787,"play_id":"1a41b9ae-ffe4-4c2c-bbe2-d1206dbc8645","local_time":"20190725011243","is_ascension_mode":true,"campfire_choices":[{"data":"Rampage","floor":7,"key":"SMITH"},{"data":"Wild Strike","floor":11,"key":"SMITH"},{"data":"Evolve","floor":13,"key":"SMITH"},{"data":"Bash","floor":15,"key":"SMITH"},{"data":"True Grit","floor":25,"key":"SMITH"},{"data":"Armaments","floor":32,"key":"SMITH"},{"data":"Limit Break","floor":41,"key":"SMITH"},{"floor":49,"key":"REST"}],"neow_cost":"NO_GOLD","seed_source_timestamp":83022385603150,"circlet_count":0,"master_deck":["Defend_R","Bash+1","Anger","Flex","Spot Weakness","Evolve+1","Thunderclap","Carnage","Rampage+1","Wild Strike+1","Flame Barrier","Brutality","Ghostly Armor","Shockwave+1","Burning Pact","Shrug It Off","True Grit+1","Twin Strike+1","Shrug It Off+1","Dropkick","Armaments+1","Limit Break+1","Ghostly Armor+1","Impervious+1","Flex+1","Inflame+1","Apotheosis","Bandage Up","Rage","Double Tap","Burning Pact+1","Heavy Blade+1"],"relics":["Burning Blood","Tiny Chest","Thread and Needle","Mercury Hourglass","Ancient Tea Set","Mark of Pain","Pear","Vajra","Bottled Lightning","Blood Vial","Juzu Bracelet","Strawberry","Astrolabe","Du-Vu Doll","Happy Flower","Dream Catcher"],"potions_floor_usage":[16,16,16,33,33,50,50],"damage_taken":[{"damage":6,"enemies":"2 Louse","floor":1,"turns":3},{"damage":0,"enemies":"Small Slimes","floor":3,"turns":3},{"damage":9,"enemies":"Jaw Worm","floor":4,"turns":4},{"damage":6,"enemies":"Exordium Wildlife","floor":5,"turns":5},{"damage":30,"enemies":"3 Sentries","floor":6,"turns":6},{"damage":14,"enemies":"Gremlin Nob","floor":8,"turns":3},{"damage":5,"enemies":"3 Sentries","floor":10,"turns":4},{"damage":0,"enemies":"Lots of Slimes","floor":12,"turns":2},{"damage":20,"enemies":"Hexaghost","floor":16,"turns":6},{"damage":12,"enemies":"Spheric Guardian","floor":18,"turns":4},{"damage":3,"enemies":"3 Byrds","floor":20,"turns":3},{"damage":29,"enemies":"Sentry and Sphere","floor":21,"turns":5},{"damage":29,"enemies":"Book of Stabbing","floor":23,"turns":6},{"damage":7,"enemies":"Snake Plant","floor":24,"turns":4},{"damage":4,"enemies":"Snecko","floor":27,"turns":5},{"damage":8,"enemies":"Gremlin Leader","floor":28,"turns":5},{"damage":5,"enemies":"Book of Stabbing","floor":31,"turns":4},{"damage":40,"enemies":"Champ","floor":33,"turns":7},{"damage":33,"enemies":"3 Darklings","floor":35,"turns":6},{"damage":30,"enemies":"Mind Bloom Boss Battle","floor":37,"turns":6},{"damage":13,"enemies":"3 Shapes","floor":39,"turns":4},{"damage":23,"enemies":"Nemesis","floor":40,"turns":7},{"damage":41,"enemies":"Maw","floor":48,"turns":6},{"damage":63,"enemies":"Time Eater","floor":50,"turns":6}],"seed_played":"8302652545185806617","potions_obtained":[{"floor":4,"key":"SteroidPotion"},{"floor":5,"key":"PowerPotion"},{"floor":8,"key":"AttackPotion"},{"floor":18,"key":"FairyPotion"},{"floor":20,"key":"PowerPotion"},{"floor":24,"key":"SpeedPotion"},{"floor":27,"key":"Ancient Potion"},{"floor":33,"key":"Dexterity Potion"},{"floor":37,"key":"Explosive Potion"}],"is_trial":false,"path_per_floor":["M","$","M","M","M","E","R","E","T","E","R","M","R","?","R","B",null,"M","?","M","M","$","E","M","R","T","M","E","?","$","E","R","B",null,"M","?","?","$","M","E","R","?","T","?","$","?","?","M","R","B",null],"character_chosen":"IRONCLAD","items_purchased":["Inflame","Shrug It Off","Vajra","Double Tap"],"campfire_rested":1,"item_purchase_floors":[22,22,22,38],"current_hp_per_floor":[80,80,80,77,77,53,53,45,45,46,46,52,52,52,52,38,80,74,84,87,64,64,41,40,40,40,44,44,44,44,54,54,22,97,70,60,42,42,41,30,30,30,30,30,30,30,80,51,75,23],"gold":143,"neow_bonus":"TRANSFORM_TWO_CARDS","is_prod":false,"is_daily":false,"chose_seed":false,"campfire_upgraded":7,"win_rate":0,"timestamp":1564009963,"path_taken":["M","$","M","M","M","E","R","E","T","E","R","M","R","?","R","BOSS","M","?","M","M","$","E","M","R","T","M","E","?","?","E","R","BOSS","M","?","?","?","M","E","R","?","T","?","$","?","?","M","R","BOSS"],"build_version":"2019-07-05","purchased_purges":3,"victory":true,"max_hp_per_floor":[80,80,80,80,80,80,80,80,80,80,80,80,80,80,80,80,80,80,90,90,90,90,90,90,90,90,90,90,90,90,97,97,97,97,97,97,97,97,97,97,97,97,97,97,97,92,80,80,80,80],"card_choices":[{"not_picked":["Havoc","Rage"],"picked":"Spot Weakness","floor":1},{"not_picked":["Body Slam","True Grit"],"picked":"Evolve","floor":3},{"not_picked":["Clash","Body Slam"],"picked":"Thunderclap","floor":4},{"not_picked":["Rupture","Whirlwind"],"picked":"Carnage","floor":5},{"not_picked":["Berserk","Rage"],"picked":"Rampage","floor":6},{"not_picked":["Cleave","Sever Soul","Whirlwind"],"picked":"SKIP","floor":8},{"not_picked":["Cleave","Sever Soul"],"picked":"Wild Strike","floor":10},{"not_picked":["Power Through","Twin Strike"],"picked":"Flame Barrier","floor":12},{"not_picked":["Impervious","Berserk"],"picked":"Brutality","floor":16},{"not_picked":["Wild Strike","Sword Boomerang"],"picked":"Ghostly Armor","floor":18},{"not_picked":["Cleave","Iron Wave"],"picked":"Shockwave+1","floor":20},{"not_picked":["Battle Trance","Twin Strike"],"picked":"Burning Pact","floor":21},{"not_picked":["Sentinel","Sword Boomerang"],"picked":"True Grit","floor":23},{"not_picked":["Carnage+1","Brutality"],"picked":"Twin Strike+1","floor":24},{"not_picked":["Headbutt","Flex+1","Cleave"],"picked":"SKIP","floor":27},{"not_picked":["Whirlwind","Armaments"],"picked":"Shrug It Off+1","floor":28},{"not_picked":["Clothesline+1","Flame Barrier"],"picked":"Armaments","floor":31},{"not_picked":["Feed","Double Tap"],"picked":"Limit Break","floor":33},{"not_picked":["Clash","Shrug It Off"],"picked":"Inflame+1","floor":35},{"not_picked":["Finesse","Flash of Steel"],"picked":"Apotheosis","floor":36},{"not_picked":["Transmutation","Good Instincts"],"picked":"Bandage Up","floor":36},{"not_picked":["Thunderclap","Spot Weakness"],"picked":"Rage","floor":37},{"not_picked":["Searing Blow","Fire Breathing+1","True Grit+1"],"picked":"SKIP","floor":39},{"not_picked":["Seeing Red+1","Body Slam+1"],"picked":"Burning Pact+1","floor":40},{"not_picked":["Cleave+1","Power Through","Thunderclap+1"],"picked":"SKIP","floor":48},{"not_picked":["Pommel Strike","Armaments"],"picked":"Heavy Blade+1","floor":49}],"player_experience":141884,"relics_obtained":[{"floor":6,"key":"Tiny Chest"},{"floor":8,"key":"Thread and Needle"},{"floor":9,"key":"Mercury Hourglass"},{"floor":10,"key":"Ancient Tea Set"},{"floor":23,"key":"Bottled Lightning"},{"floor":26,"key":"Blood Vial"},{"floor":28,"key":"Juzu Bracelet"},{"floor":31,"key":"Strawberry"},{"floor":37,"key":"Du-Vu Doll"},{"floor":40,"key":"Happy Flower"},{"floor":43,"key":"Dream Catcher"}],"event_choices":[{"cards_removed":["Strike_R"],"damage_healed":0,"gold_gain":0,"player_choice":"Card Removal","damage_taken":0,"max_hp_gain":0,"max_hp_loss":0,"event_name":"The Cleric","floor":14,"gold_loss":50},{"damage_healed":0,"gold_gain":0,"player_choice":"Opened","damage_taken":0,"relics_obtained":["Pear"],"max_hp_gain":0,"max_hp_loss":0,"event_name":"The Mausoleum","floor":19,"gold_loss":0,"cards_obtained":["Writhe"]},{"damage_healed":0,"gold_gain":0,"player_choice":"Read","damage_taken":0,"max_hp_gain":0,"max_hp_loss":0,"event_name":"The Library","floor":29,"gold_loss":0,"cards_obtained":["Dropkick"]},{"damage_healed":0,"gold_gain":0,"player_choice":"Memory 3","damage_taken":10,"max_hp_gain":0,"max_hp_loss":0,"event_name":"SensoryStone","floor":36,"gold_loss":0},{"damage_healed":0,"gold_gain":0,"player_choice":"Fight","damage_taken":0,"max_hp_gain":0,"max_hp_loss":0,"event_name":"MindBloom","floor":37,"gold_loss":0},{"damage_healed":0,"gold_gain":0,"player_choice":"Ignored","damage_taken":0,"max_hp_gain":0,"max_hp_loss":0,"event_name":"Mysterious Sphere","floor":42,"gold_loss":0},{"cards_removed":["Inflame"],"damage_healed":0,"gold_gain":0,"player_choice":"Removed Power","damage_taken":0,"max_hp_gain":0,"max_hp_loss":0,"event_name":"Falling","floor":44,"gold_loss":0},{"damage_healed":0,"gold_gain":0,"player_choice":"Max HP","damage_taken":0,"max_hp_gain":0,"max_hp_loss":5,"event_name":"Winding Halls","floor":46,"gold_loss":0},{"damage_healed":80,"gold_gain":0,"player_choice":"Heal","damage_taken":0,"max_hp_gain":0,"max_hp_loss":12,"event_name":"The Moai Head","floor":47,"gold_loss":0}],"is_beta":false,"boss_relics":[{"not_picked":["Snecko Eye","Eternal Feather"],"picked":"Mark of Pain"},{"not_picked":["Busted Crown","Black Star"],"picked":"Astrolabe"}],"items_purged_floors":[22,30,38],"is_endless":false,"potions_floor_spawned":[4,5,8,10,18,20,24,27,33,37],"ascension_level":1}