{"gold_per_floor":[113,113,130,2,2,2,13,26,73,102,115,135,135,160,160,255,255,270,75,91,91,91,91,104,115,115,115,129,143,143,160,160,257,257,272,372,114,132,132,132,144,144,144,19,71,90,90,104,104,104],"floor_reached":50,"playtime":4347,"items_purged":["Defend_B","Strike_B","Strike_B"],"score":471,"play_id":"db87c512-f9b2-4781-9685-30f33455fd58","local_time":"20190722012224","is_ascension_mode":false,"campfire_choices":[{"data":"Zap","floor":6.0,"key":"SMITH"},{"data":"Dualcast","floor":13.0,"key":"SMITH"},{"floor":15.0,"key":"REST"},{"data":"Defragment","floor":23.0,"key":"SMITH"},{"data":"Go for the Eyes","floor":27.0,"key":"SMITH"},{"data":"Go for the Eyes","floor":30.0,"key":"SMITH"},{"data":"Go for the Eyes","floor":32.0,"key":"SMITH"},{"data":"Seek","floor":40.0,"key":"SMITH"},{"data":"Streamline","floor":42.0,"key":"SMITH"},{"floor":47.0,"key":"REST"},{"floor":49.0,"key":"REST"}],"neow_cost":"NONE","seed_source_timestamp":0,"circlet_count":0,"master_deck":["Strike_B","Defend_B","Defend_B","Defend_B","Zap+1","Dualcast+1","Ball Lightning","Conserve Battery","Coolheaded","Go for the Eyes+1","Streamline+1","Go for the Eyes+1","Cold Snap","Seek+1","Defragment+1","Conserve Battery","Go for the Eyes+1","Cold Snap","Barrage","Streamline+1","Gash+1","Apotheosis+1","Finesse","Gash+1","Barrage+1","Leap+1","Go for the Eyes+1","FTL+1"],"special_seed":0,"relics":["Cracked Core","Vajra","Odd Mushroom","Juzu Bracelet","Nuclear Battery","Nilry\u0027s Codex","Molten Egg 2","Philosopher\u0027s Stone","Gremlin Horn","Peace Pipe"],"potions_floor_usage":[],"damage_taken":[{"damage":1.0,"enemies":"Cultist","floor":1.0,"turns":3.0},{"damage":0.0,"enemies":"Small Slimes","floor":3.0,"turns":2.0},{"damage":0.0,"enemies":"Jaw Worm","floor":7.0,"turns":3.0},{"damage":0.0,"enemies":"2 Fungi Beasts","floor":8.0,"turns":3.0},{"damage":18.0,"enemies":"The Mushroom Lair","floor":10.0,"turns":3.0},{"damage":1.0,"enemies":"3 Louse","floor":11.0,"turns":3.0},{"damage":8.0,"enemies":"Exordium Wildlife","floor":12.0,"turns":3.0},{"damage":9.0,"enemies":"Lagavulin","floor":14.0,"turns":4.0},{"damage":17.0,"enemies":"The Guardian","floor":16.0,"turns":10.0},{"damage":0.0,"enemies":"Spheric Guardian","floor":18.0,"turns":3.0},{"damage":12.0,"enemies":"2 Thieves","floor":20.0,"turns":4.0},{"damage":11.0,"enemies":"Snake Plant","floor":24.0,"turns":4.0},{"damage":0.0,"enemies":"Centurion and Healer","floor":25.0,"turns":7.0},{"damage":0.0,"enemies":"3 Cultists","floor":28.0,"turns":5.0},{"damage":7.0,"enemies":"Snecko","floor":29.0,"turns":5.0},{"damage":6.0,"enemies":"Centurion and Healer","floor":31.0,"turns":5.0},{"damage":17.0,"enemies":"Champ","floor":33.0,"turns":11.0},{"damage":11.0,"enemies":"3 Shapes","floor":35.0,"turns":4.0},{"damage":6.0,"enemies":"Orb Walker","floor":38.0,"turns":3.0},{"damage":15.0,"enemies":"3 Darklings","floor":41.0,"turns":7.0},{"damage":27.0,"enemies":"2 Orb Walkers","floor":45.0,"turns":5.0},{"damage":16.0,"enemies":"Sphere and 2 Shapes","floor":46.0,"turns":4.0},{"damage":11.0,"enemies":"Spire Growth","floor":48.0,"turns":4.0},{"damage":47,"enemies":"Time Eater","floor":50,"turns":9}],"seed_played":"-5489251842948818477","potions_obtained":[{"floor":1.0,"key":"FocusPotion"},{"floor":3.0,"key":"LiquidBronze"},{"floor":12.0,"key":"Dexterity Potion"},{"floor":16.0,"key":"GamblersBrew"},{"floor":24.0,"key":"Dexterity Potion"},{"floor":25.0,"key":"SkillPotion"},{"floor":28.0,"key":"Poison Potion"},{"floor":45.0,"key":"FearPotion"}],"is_trial":false,"path_per_floor":["M","?","M","$","?","R","M","M","T","?","M","M","R","E","R","B",null,"M","$","M","?","?","R","M","M","T","R","M","M","R","M","R","B",null,"M","?","$","M","?","R","M","R","T","$","?","M","R","M","R","B"],"character_chosen":"DEFECT","items_purchased":["Go for the Eyes","Conserve Battery","Go for the Eyes","Apotheosis","Finesse"],"campfire_rested":3,"item_purchase_floors":[4,19,19,37,37],"current_hp_per_floor":[74,67,67,67,72,72,72,72,72,54,53,45,45,36,60,43,80,80,80,68,52,57,57,46,46,46,46,46,39,39,33,33,16,80,69,69,69,63,63,63,48,48,48,48,21,5,29,18,42,0],"gold":104,"neow_bonus":"THREE_CARDS","is_prod":false,"is_daily":false,"chose_seed":false,"campfire_upgraded":8,"win_rate":0,"timestamp":1563776544,"path_taken":["M","?","M","$","?","R","M","?","T","?","M","M","R","E","R","BOSS","M","$","M","?","?","R","M","M","T","R","M","M","R","M","R","BOSS","M","?","$","M","?","R","M","R","T","?","?","M","R","M","R","BOSS"],"build_version":"2019-07-17","purchased_purges":3,"victory":false,"max_hp_per_floor":[75,75,75,75,80,80,80,80,80,80,80,80,80,80,80,80,80,80,80,80,80,80,80,80,80,80,80,80,80,80,80,80,80,80,80,80,80,80,80,80,80,80,80,80,80,80,80,80,80,80],"card_choices":[{"not_picked":["BootSequence","Steam Power"],"picked":"Ball Lightning","floor":0.0},{"not_picked":["Chill","Stack"],"picked":"Conserve Battery","floor":1.0},{"not_picked":["Genetic Algorithm","Rebound"],"picked":"Coolheaded","floor":3.0},{"not_picked":["Chill","Hologram"],"picked":"Streamline","floor":7.0},{"not_picked":["Coolheaded","Stack","Aggregate"],"picked":"SKIP","floor":8.0},{"not_picked":["Compile Driver","Rebound","Redo"],"picked":"SKIP","floor":11.0},{"not_picked":["Compile Driver","Gash"],"picked":"Go for the Eyes","floor":12.0},{"not_picked":["Echo Form","Hello World"],"picked":"Cold Snap","floor":14.0},{"not_picked":["Biased Cognition","Core Surge"],"picked":"Seek","floor":16.0},{"not_picked":["Compile Driver","Rebound"],"picked":"Defragment","floor":18.0},{"not_picked":["Reprogram","Stack"],"picked":"Ball Lightning","floor":20.0},{"not_picked":["Ball Lightning","Turbo"],"picked":"Cold Snap","floor":24.0},{"not_picked":["Scrape","Fission"],"picked":"Barrage","floor":25.0},{"not_picked":["Tempest","Hello World","Fusion"],"picked":"SKIP","floor":28.0},{"not_picked":["Hologram+1","Heatsinks"],"picked":"Streamline+1","floor":29.0},{"not_picked":["Hologram","Hyperbeam+1","Cold Snap+1"],"picked":"SKIP","floor":31.0},{"not_picked":["Beam Cell+1","BootSequence"],"picked":"Gash+1","floor":35.0},{"not_picked":["Redo+1","Aggregate+1"],"picked":"Gash+1","floor":38.0},{"not_picked":["Recycle","Streamline+1"],"picked":"Barrage+1","floor":41.0},{"not_picked":["Rebound+1","Ball Lightning+1"],"picked":"Leap+1","floor":45.0},{"not_picked":["Hologram+1","White Noise+1"],"picked":"Go for the Eyes+1","floor":46.0},{"not_picked":["Gash+1","Doom and Gloom+1"],"picked":"FTL+1","floor":48.0}],"player_experience":182813,"relics_obtained":[{"floor":9.0,"key":"Vajra"},{"floor":10.0,"key":"Odd Mushroom"},{"floor":14.0,"key":"Juzu Bracelet"},{"floor":21.0,"key":"Nilry\u0027s Codex"},{"floor":26.0,"key":"Molten Egg 2"},{"floor":43.0,"key":"Gremlin Horn"},{"floor":45.0,"key":"Peace Pipe"}],"event_choices":[{"cards_removed":["Strike_B"],"damage_healed":0.0,"max_hp_gain":0.0,"max_hp_loss":0.0,"gold_gain":0.0,"event_name":"Golden Wing","player_choice":"Card Removal","floor":2.0,"gold_loss":0.0,"damage_taken":7.0},{"damage_healed":0.0,"max_hp_gain":5.0,"max_hp_loss":0.0,"gold_gain":0.0,"event_name":"Big Fish","player_choice":"Donut","floor":5.0,"gold_loss":0.0,"damage_taken":0.0},{"damage_healed":0.0,"max_hp_gain":0.0,"max_hp_loss":0.0,"gold_gain":0.0,"event_name":"Mushrooms","player_choice":"Fought Mushrooms","floor":10.0,"gold_loss":0.0,"damage_taken":0.0},{"damage_healed":0.0,"max_hp_gain":0.0,"max_hp_loss":0.0,"gold_gain":0.0,"event_name":"Cursed Tome","player_choice":"Obtained Book","floor":21.0,"gold_loss":0.0,"damage_taken":16.0},{"cards_removed":["Ball Lightning"],"damage_healed":5.0,"max_hp_gain":0.0,"max_hp_loss":0.0,"gold_gain":0.0,"event_name":"Bonfire Elementals","player_choice":"Offered Common","floor":22.0,"gold_loss":0.0,"damage_taken":0.0},{"cards_removed":["Ball Lightning"],"damage_healed":5.0,"max_hp_gain":0.0,"max_hp_loss":0.0,"gold_gain":0.0,"event_name":"Bonfire Elementals","player_choice":"Offered Special","floor":22.0,"gold_loss":0.0,"damage_taken":0.0},{"damage_healed":0.0,"max_hp_gain":0.0,"max_hp_loss":0.0,"gold_gain":100.0,"event_name":"Golden Shrine","player_choice":"Pray","floor":36.0,"gold_loss":0.0,"damage_taken":0.0},{"damage_healed":0.0,"max_hp_gain":0.0,"max_hp_loss":0.0,"gold_gain":0.0,"event_name":"Upgrade Shrine","player_choice":"Upgraded","floor":39.0,"gold_loss":0.0,"damage_taken":0.0,"cards_upgraded":["Apotheosis"]},{"damage_healed":0.0,"max_hp_gain":0.0,"max_hp_loss":0.0,"gold_gain":0.0,"event_name":"Mysterious Sphere","player_choice":"Fight","floor":45.0,"gold_loss":0.0,"damage_taken":0.0}],"is_beta":false,"boss_relics":[{"not_picked":["Lizard Tail","Runic Dome"],"picked":"Nuclear Battery"},{"not_picked":["Pandora\u0027s Box","Runic Pyramid"],"picked":"Philosopher\u0027s Stone"}],"items_purged_floors":[4,19,44],"is_endless":false,"potions_floor_spawned":[1,3,12,16,24,25,28,45],"killed_by":"Time Eater","ascension_level":0}