{"gold_per_floor":[217,15,15,26,45,71,146,146,146,21,38,38,52,64,64,167,167,178,198,48,48,67,67,95,95,95,395,427,439,459,477,477,576,576,588,688,688,698,709,725,745,745,796,796,96,115,115,127,127,127],"floor_reached":51,"playtime":3668,"items_purged":["Strike_R","Defend_R"],"score":693,"play_id":"56a063c8-e8d5-47ac-bfb4-8c0929e1c9cf","local_time":"20190718221038","is_ascension_mode":false,"campfire_choices":[{"floor":8,"key":"REST"},{"floor":12,"key":"DIG"},{"floor":15,"key":"REST"},{"floor":23,"key":"DIG"},{"floor":27,"key":"DIG"},{"floor":32,"key":"DIG"},{"floor":42,"key":"DIG"},{"floor":44,"key":"DIG"},{"floor":49,"key":"DIG"}],"neow_cost":"NONE","seed_source_timestamp":334997866683825,"circlet_count":0,"master_deck":["Strike_R","Strike_R+1","Strike_R","Defend_R","Defend_R","Bash","Offering","Demon Form","Corruption","Ghostly Armor","Clothesline","Whirlwind+1","Infernal Blade","Impervious","Impervious","Pommel Strike+1","Ghostly","Ghostly","Ghostly","Ghostly","Ghostly","Infernal Blade","Feel No Pain","Flame Barrier+1","Carnage","Offering","Madness","Whirlwind","Madness","Madness"],"relics":["Burning Blood","HandDrill","Shovel","Prayer Wheel","Champion Belt","Fusion Hammer","Happy Flower","Bronze Scales","Mummified Hand","Old Coin","Ancient Tea Set","Shuriken","White Beast Statue","Ice Cream","Boot","Whetstone","Vajra","Toy Ornithopter","Ornamental Fan","Omamori","Mango"],"potions_floor_usage":[11,13,16,16,18,30,31,33,33,35,38,39,41,46,50],"damage_taken":[{"damage":6,"enemies":"Cultist","floor":1,"turns":3},{"damage":0,"enemies":"2 Louse","floor":4,"turns":3},{"damage":3,"enemies":"Small Slimes","floor":5,"turns":5},{"damage":60,"enemies":"Lagavulin","floor":6,"turns":7},{"damage":7,"enemies":"3 Louse","floor":11,"turns":3},{"damage":21,"enemies":"Exordium Thugs","floor":13,"turns":6},{"damage":6,"enemies":"Looter","floor":14,"turns":4},{"damage":22,"enemies":"Hexaghost","floor":16,"turns":8},{"damage":6,"enemies":"3 Byrds","floor":18,"turns":5},{"damage":10,"enemies":"Chosen","floor":19,"turns":6},{"damage":6,"enemies":"Snake Plant","floor":22,"turns":6},{"damage":4,"enemies":"Gremlin Leader","floor":24,"turns":5},{"damage":8,"enemies":"Book of Stabbing","floor":28,"turns":5},{"damage":4,"enemies":"Centurion and Healer","floor":29,"turns":5},{"damage":0,"enemies":"Sentry and Sphere","floor":30,"turns":5},{"damage":6,"enemies":"Snecko","floor":31,"turns":5},{"damage":26,"enemies":"Collector","floor":33,"turns":9},{"damage":17,"enemies":"3 Darklings","floor":35,"turns":5},{"damage":7,"enemies":"Mind Bloom Boss Battle","floor":36,"turns":6},{"damage":1,"enemies":"Orb Walker","floor":38,"turns":5},{"damage":0,"enemies":"Maw","floor":39,"turns":8},{"damage":12,"enemies":"3 Darklings","floor":40,"turns":4},{"damage":1,"enemies":"Sphere and 2 Shapes","floor":41,"turns":5},{"damage":1,"enemies":"Spire Growth","floor":46,"turns":6},{"damage":12,"enemies":"Jaw Worm Horde","floor":48,"turns":5},{"damage":34,"enemies":"Donu and Deca","floor":50,"turns":8}],"seed_played":"-3796234280086126880","potions_obtained":[{"floor":6,"key":"AttackPotion"},{"floor":13,"key":"SkillPotion"},{"floor":14,"key":"FearPotion"},{"floor":16,"key":"PowerPotion"},{"floor":19,"key":"BloodPotion"},{"floor":29,"key":"AttackPotion"},{"floor":30,"key":"GamblersBrew"},{"floor":33,"key":"Explosive Potion"},{"floor":35,"key":"LiquidBronze"},{"floor":36,"key":"Poison Potion"},{"floor":38,"key":"Weak Potion"},{"floor":39,"key":"Weak Potion"},{"floor":40,"key":"SkillPotion"},{"floor":41,"key":"FearPotion"},{"floor":46,"key":"FearPotion"},{"floor":48,"key":"SpeedPotion"}],"is_trial":false,"path_per_floor":["M","$","?","M","M","E","?","R","T","$","M","R","M","M","R","B",null,"M","M","$","?","M","R","E","?","T","R","E","M","M","M","R","B",null,"M","?","?","M","M","M","M","R","T","R","$","M","?","M","R","B",null],"character_chosen":"IRONCLAD","items_purchased":["HandDrill","Corruption","Fire Potion","BloodPotion","Toy Ornithopter","Ornamental Fan","Omamori"],"campfire_rested":2,"item_purchase_floors":[2,10,10,20,45,45,45],"current_hp_per_floor":[80,80,73,79,80,26,15,39,39,39,38,38,23,23,47,31,80,80,76,76,40,40,40,40,40,40,40,38,40,40,40,40,40,40,29,28,28,33,39,33,38,38,38,38,38,40,35,29,43,20],"gold":127,"neow_bonus":"HUNDRED_GOLD","is_prod":false,"is_daily":false,"chose_seed":false,"campfire_upgraded":0,"win_rate":0,"timestamp":1563502238,"path_taken":["M","$","?","M","M","E","?","R","T","$","M","R","M","M","R","BOSS","M","M","$","?","M","R","E","?","T","R","E","M","?","M","R","BOSS","M","?","?","M","M","M","M","R","T","R","$","M","?","M","R","BOSS"],"build_version":"2019-07-17","purchased_purges":2,"victory":true,"max_hp_per_floor":[80,80,80,80,80,80,80,80,80,80,80,80,80,80,80,80,80,80,80,80,40,40,40,40,40,40,40,40,40,40,40,40,40,40,40,40,40,40,40,40,40,40,40,40,40,40,40,40,54,54],"card_choices":[{"not_picked":["Thunderclap","Rupture","Sword Boomerang"],"picked":"SKIP","floor":1},{"not_picked":["Wild Strike","Headbutt","Uppercut"],"picked":"SKIP","floor":4},{"not_picked":["Dual Wield","Pommel Strike"],"picked":"Offering","floor":5},{"not_picked":["Dual Wield","Infernal Blade"],"picked":"Demon Form","floor":6},{"not_picked":["Thunderclap","Anger"],"picked":"Ghostly Armor","floor":11},{"not_picked":["Wild Strike","Thunderclap","Hemokinesis"],"picked":"SKIP","floor":11},{"not_picked":["Entrench","Evolve"],"picked":"Clothesline","floor":13},{"not_picked":["Shrug It Off","Headbutt"],"picked":"Whirlwind","floor":13},{"not_picked":["Anger","Rampage"],"picked":"Infernal Blade","floor":14},{"not_picked":["Armaments","Thunderclap"],"picked":"Impervious","floor":14},{"not_picked":["Exhume","Limit Break"],"picked":"Impervious","floor":16},{"not_picked":["Searing Blow","Pommel Strike","Bloodletting"],"picked":"SKIP","floor":18},{"not_picked":["Sword Boomerang","Iron Wave","Rage"],"picked":"SKIP","floor":18},{"not_picked":["Armaments","Reckless Charge"],"picked":"Pommel Strike+1","floor":19},{"not_picked":["True Grit","Thunderclap","Iron Wave"],"picked":"SKIP","floor":19},{"not_picked":["Headbutt+1","Ghostly Armor"],"picked":"Infernal Blade","floor":22},{"not_picked":["Headbutt+1","Dark Embrace","True Grit"],"picked":"SKIP","floor":22},{"not_picked":["Warcry","Flex","Perfected Strike"],"picked":"SKIP","floor":24},{"not_picked":["Wild Strike","Shockwave"],"picked":"Flame Barrier+1","floor":28},{"not_picked":["Cleave","Havoc"],"picked":"Carnage","floor":29},{"not_picked":["Perfected Strike","Thunderclap","Wild Strike"],"picked":"SKIP","floor":29},{"not_picked":["Sword Boomerang","Anger+1","Perfected Strike+1"],"picked":"SKIP","floor":30},{"not_picked":["Clothesline","Infernal Blade","Wild Strike+1"],"picked":"SKIP","floor":30},{"not_picked":["Fire Breathing","Rage","Cleave"],"picked":"SKIP","floor":31},{"not_picked":["Evolve","Twin Strike+1","Perfected Strike"],"picked":"SKIP","floor":31},{"not_picked":["Juggernaut","Bludgeon"],"picked":"Offering","floor":33},{"not_picked":["Shockwave+1","Body Slam+1","Dropkick"],"picked":"SKIP","floor":35},{"not_picked":["Wild Strike+1","Havoc","Flex"],"picked":"SKIP","floor":35},{"not_picked":["Blind","Purity"],"picked":"Madness","floor":37},{"not_picked":["Body Slam+1","Havoc","Thunderclap+1"],"picked":"SKIP","floor":38},{"not_picked":["Metallicize","Clash+1","Combust"],"picked":"SKIP","floor":38},{"not_picked":["Pommel Strike","Entrench+1","Hemokinesis"],"picked":"SKIP","floor":39},{"not_picked":["Pommel Strike+1","Power Through","Combust+1"],"picked":"SKIP","floor":39},{"not_picked":["Carnage","Cleave","Juggernaut"],"picked":"SKIP","floor":40},{"not_picked":["True Grit","Anger+1","Infernal Blade"],"picked":"SKIP","floor":40},{"not_picked":["Clash","Hemokinesis"],"picked":"Whirlwind","floor":41},{"not_picked":["Armaments+1","Wild Strike+1","Feel No Pain"],"picked":"SKIP","floor":41},{"not_picked":["Clash+1","Pommel Strike","Rupture+1"],"picked":"SKIP","floor":46},{"not_picked":["Clothesline","Blood for Blood","True Grit"],"picked":"SKIP","floor":46},{"not_picked":["Iron Wave+1","Power Through+1","Spot Weakness"],"picked":"SKIP","floor":48},{"not_picked":["Carnage+1","Pommel Strike","Fire Breathing"],"picked":"SKIP","floor":48}],"player_experience":37986,"relics_obtained":[{"floor":6,"key":"Shovel"},{"floor":9,"key":"Prayer Wheel"},{"floor":12,"key":"Champion Belt"},{"floor":23,"key":"Happy Flower"},{"floor":24,"key":"Bronze Scales"},{"floor":26,"key":"Mummified Hand"},{"floor":27,"key":"Old Coin"},{"floor":28,"key":"Ancient Tea Set"},{"floor":32,"key":"Shuriken"},{"floor":36,"key":"Ice Cream"},{"floor":42,"key":"Boot"},{"floor":43,"key":"Whetstone"},{"floor":44,"key":"Vajra"},{"floor":49,"key":"Mango"}],"event_choices":[{"cards_removed":["Strike_R"],"damage_healed":0,"gold_gain":0,"player_choice":"Card Removal","damage_taken":7,"max_hp_gain":0,"max_hp_loss":0,"event_name":"Golden Wing","floor":3,"gold_loss":0},{"damage_healed":0,"gold_gain":75,"player_choice":"Gather Gold","damage_taken":11,"max_hp_gain":0,"max_hp_loss":0,"event_name":"World of Goop","floor":7,"gold_loss":0},{"damage_healed":0,"gold_gain":0,"player_choice":"Became a Ghost","damage_taken":0,"max_hp_gain":0,"max_hp_loss":40,"event_name":"Ghosts","floor":21,"gold_loss":0,"cards_obtained":["Ghostly","Ghostly","Ghostly","Ghostly","Ghostly"]},{"damage_healed":0,"gold_gain":0,"cards_transformed":["Defend_R"],"player_choice":"Transformed","damage_taken":0,"max_hp_gain":0,"max_hp_loss":0,"event_name":"Transmorgrifier","floor":25,"gold_loss":0,"cards_obtained":["Feel No Pain"]},{"damage_healed":0,"gold_gain":0,"player_choice":"Fight","damage_taken":0,"max_hp_gain":0,"max_hp_loss":0,"event_name":"MindBloom","floor":36,"gold_loss":0},{"damage_healed":0,"gold_gain":0,"player_choice":"Memory 1","damage_taken":0,"max_hp_gain":0,"max_hp_loss":0,"event_name":"SensoryStone","floor":37,"gold_loss":0},{"damage_healed":0,"gold_gain":0,"player_choice":"Embrace Madness","damage_taken":5,"max_hp_gain":0,"max_hp_loss":0,"event_name":"Winding Halls","floor":47,"gold_loss":0,"cards_obtained":["Madness","Madness"]}],"is_beta":false,"boss_relics":[{"not_picked":["Black Blood","Astrolabe"],"picked":"Fusion Hammer"},{"not_picked":["Tiny House","Orrery"],"picked":"White Beast Statue"}],"items_purged_floors":[20,45],"is_endless":false,"potions_floor_spawned":[6,13,14,16,19,29,30,33,35,36,38,39,40,41,46,48],"ascension_level":0}