{"gold_per_floor":[117,133,133,144,155,155,180,191,217,217,235,247,51,65,65,65],"floor_reached":16,"playtime":1223,"items_purged":[],"score":127,"play_id":"3221ab4f-f579-4172-830b-3035e1974921","local_time":"20190617083123","is_ascension_mode":true,"campfire_choices":[{"floor":6,"key":"RECALL"},{"floor":10,"key":"REST"},{"data":"Berserk","floor":15,"key":"SMITH"}],"neow_cost":"NONE","seed_source_timestamp":1102259984596200,"circlet_count":0,"master_deck":["Strike_R","Strike_R","Strike_R","Strike_R","Strike_R","Defend_R","Defend_R","Defend_R","Defend_R","Bash","Berserk+1","Armaments","Inflame","Combust","Infernal Blade","Anger","Thunderclap","Clash","Wild Strike","Inflame","Dramatic Entrance","Anger","Heavy Blade"],"relics":["Burning Blood","Blood Vial","Vajra","Bronze Scales"],"potions_floor_usage":[7,11,11,16,16],"damage_taken":[{"damage":16,"enemies":"Small Slimes","floor":1,"turns":3},{"damage":13,"enemies":"Jaw Worm","floor":2,"turns":3},{"damage":13,"enemies":"2 Louse","floor":4,"turns":2},{"damage":10,"enemies":"Large Slime","floor":5,"turns":5},{"damage":38,"enemies":"Gremlin Nob","floor":7,"turns":4},{"damage":0,"enemies":"2 Fungi Beasts","floor":8,"turns":2},{"damage":1,"enemies":"Looter","floor":11,"turns":2},{"damage":14,"enemies":"Exordium Thugs","floor":12,"turns":3},{"damage":0,"enemies":"2 Fungi Beasts","floor":14,"turns":2},{"damage":71,"enemies":"The Guardian","floor":16,"turns":5}],"seed_played":"6510004116977371802","potions_obtained":[{"floor":5,"key":"Explosive Potion"},{"floor":7,"key":"SkillPotion"},{"floor":8,"key":"Energy Potion"},{"floor":11,"key":"Ancient Potion"},{"floor":12,"key":"FearPotion"}],"is_trial":false,"path_per_floor":["M","M","?","M","M","R","E","M","T","R","M","M","$","M","R","B"],"character_chosen":"IRONCLAD","items_purchased":["Inflame","Dramatic Entrance","Anger"],"campfire_rested":1,"item_purchase_floors":[13,13,13],"current_hp_per_floor":[70,63,60,55,53,53,23,31,31,55,62,56,56,64,64,0],"gold":65,"neow_bonus":"ONE_RANDOM_RARE_CARD","is_prod":false,"is_daily":false,"chose_seed":false,"campfire_upgraded":1,"win_rate":0,"timestamp":1560756683,"path_taken":["M","M","?","M","M","R","E","M","T","R","M","M","$","M","R","BOSS"],"build_version":"2019-01-23","purchased_purges":0,"victory":false,"max_hp_per_floor":[80,80,80,80,80,80,80,80,80,80,80,80,80,80,80,80],"card_choices":[{"not_picked":["True Grit","Flex"],"picked":"Armaments","floor":1},{"not_picked":["Flex","Dropkick"],"picked":"Inflame","floor":2},{"not_picked":["Infernal Blade","Shrug It Off"],"picked":"Combust","floor":4},{"not_picked":["Flex","Power Through"],"picked":"Infernal Blade","floor":5},{"not_picked":["Infernal Blade","Impervious"],"picked":"Anger","floor":7},{"not_picked":["Evolve","Body Slam"],"picked":"Thunderclap","floor":8},{"not_picked":["Clothesline","Body Slam"],"picked":"Clash","floor":11},{"not_picked":["True Grit","Thunderclap"],"picked":"Wild Strike","floor":12},{"not_picked":["Wild Strike","Sever Soul"],"picked":"Heavy Blade","floor":14}],"player_experience":740159,"relics_obtained":[{"floor":7,"key":"Vajra"},{"floor":9,"key":"Bronze Scales"}],"event_choices":[{"damage_healed":0,"gold_gain":0,"player_choice":"Success","damage_taken":3,"relics_obtained":["Blood Vial"],"max_hp_gain":0,"max_hp_loss":0,"event_name":"Scrap Ooze","floor":3,"gold_loss":0}],"is_beta":false,"boss_relics":[],"items_purged_floors":[],"is_endless":false,"potions_floor_spawned":[5,7,8,11,12],"killed_by":"The Guardian","ascension_level":4}