{"gold_per_floor":[115,115,115,115,26,26,26,59,59,90,102,102,113,178,178,281,281,291,291,306,306,341,341,179,179,203,259,272,63,63,75,75,171,171,191,191,207,207,223,223,258,268,292,319,541,541,8,24,24,24],"floor_reached":51,"playtime":3934,"items_purged":["Defragment"],"score":893,"play_id":"ab591bc6-c856-4342-821c-7365cce36207","local_time":"20190724052412","is_ascension_mode":true,"campfire_choices":[{"data":"Defragment","floor":6,"key":"SMITH"},{"data":"Go for the Eyes","floor":12,"key":"SMITH"},{"data":"Dualcast","floor":15,"key":"SMITH"},{"data":"Double Energy","floor":23,"key":"SMITH"},{"data":"Apotheosis","floor":30,"key":"SMITH"},{"data":"Enlightenment","floor":32,"key":"SMITH"},{"data":"Rainbow","floor":40,"key":"SMITH"},{"floor":46,"key":"REST"},{"floor":49,"key":"REST"}],"neow_cost":"NONE","seed_source_timestamp":49424268835397,"circlet_count":0,"master_deck":["Strike_B+1","Strike_B+1","Strike_B+1","Defend_B+1","Defend_B+1","Defend_B+1","Defend_B+1","Zap+1","Dualcast+1","Defragment+1","Glacier+1","Gash","Go for the Eyes+1","Coolheaded","Gash","Sweeping Beam","Sweeping Beam","Gash","Double Energy+1","Glacier+1","Enlightenment+1","Conserve Battery","Beam Cell","Beam Cell","Apotheosis+1","Cold Snap","Rainbow+1","FTL+1","Melter+1","BootSequence","Conserve Battery+1","FTL","Electrodynamics","Beam Cell","Go for the Eyes","Gash+1"],"relics":["Cracked Core","NeowsBlessing","Matryoshka","Boot","Strawberry","Bag of Preparation","Bottled Lightning","Nuclear Battery","Red Mask","Singing Bowl","Omamori","Tiny Chest","Philosopher\u0027s Stone","Anchor","War Paint","Bronze Scales","Vajra","Art of War"],"potions_floor_usage":[14,22,27,28,31,33,33,33,41,41,50],"damage_taken":[{"damage":0,"enemies":"Small Slimes","floor":1,"turns":1},{"damage":0,"enemies":"3 Sentries","floor":8,"turns":1},{"damage":0,"enemies":"Lagavulin","floor":10,"turns":1},{"damage":2,"enemies":"Jaw Worm","floor":11,"turns":2},{"damage":0,"enemies":"2 Louse","floor":13,"turns":2},{"damage":0,"enemies":"Gremlin Nob","floor":14,"turns":4},{"damage":13,"enemies":"The Guardian","floor":16,"turns":13},{"damage":0,"enemies":"3 Byrds","floor":18,"turns":4},{"damage":1,"enemies":"Shell Parasite","floor":20,"turns":5},{"damage":3,"enemies":"Masked Bandits","floor":22,"turns":4},{"damage":0,"enemies":"Book of Stabbing","floor":27,"turns":4},{"damage":0,"enemies":"Snecko","floor":28,"turns":12},{"damage":2,"enemies":"3 Cultists","floor":31,"turns":6},{"damage":2,"enemies":"Champ","floor":33,"turns":13},{"damage":0,"enemies":"Orb Walker","floor":35,"turns":4},{"damage":7,"enemies":"3 Darklings","floor":37,"turns":6},{"damage":7,"enemies":"Maw","floor":39,"turns":10},{"damage":0,"enemies":"Reptomancer","floor":41,"turns":11},{"damage":0,"enemies":"Jaw Worm Horde","floor":42,"turns":5},{"damage":72,"enemies":"Giant Head","floor":44,"turns":11},{"damage":0,"enemies":"3 Darklings","floor":48,"turns":4},{"damage":50,"enemies":"Awakened One","floor":50,"turns":15}],"seed_played":"7643297016225800804","potions_obtained":[{"floor":1,"key":"FocusPotion"},{"floor":8,"key":"Energy Potion"},{"floor":11,"key":"Block Potion"},{"floor":14,"key":"Block Potion"},{"floor":16,"key":"Dexterity Potion"},{"floor":22,"key":"FearPotion"},{"floor":27,"key":"Block Potion"},{"floor":28,"key":"Weak Potion"},{"floor":31,"key":"Block Potion"},{"floor":38,"key":"Block Potion"},{"floor":38,"key":"SneckoOil"},{"floor":38,"key":"EssenceOfSteel"},{"floor":42,"key":"FairyPotion"},{"floor":48,"key":"Ancient Potion"}],"is_trial":false,"path_per_floor":["M","?","?","?","$","R","$","E","T","E","M","R","M","?","R","B",null,"M","?","M","?","?","R","$","?","T","E","M","$","R","M","R","B",null,"M","?","M","?","M","R","E","M","T","E","?","R","$","M","R","B",null],"character_chosen":"DEFECT","items_purchased":["Glacier","Gash","Glacier","Enlightenment","Beam Cell","Apotheosis","Defragment","Beam Cell","Go for the Eyes","Vajra","Art of War"],"campfire_rested":2,"item_purchase_floors":[5,5,24,24,29,29,47,47,47,47,47],"current_hp_per_floor":[75,75,75,68,68,68,68,68,75,75,73,73,73,73,73,60,82,82,82,81,81,78,78,78,78,78,78,78,78,78,76,76,74,82,82,82,75,75,68,68,68,68,68,8,8,32,32,32,56,6],"gold":24,"neow_bonus":"THREE_ENEMY_KILL","is_prod":false,"is_daily":false,"chose_seed":false,"campfire_upgraded":7,"win_rate":0,"timestamp":1563963852,"path_taken":["M","?","?","?","?","R","$","E","T","E","M","R","M","?","R","BOSS","M","?","M","?","?","R","?","?","T","E","?","$","R","M","R","BOSS","M","?","M","?","M","R","E","?","T","E","?","R","$","M","R","BOSS"],"build_version":"2019-07-17","purchased_purges":1,"victory":true,"max_hp_per_floor":[75,75,75,75,75,75,75,75,82,82,82,82,82,82,82,82,82,82,82,82,82,82,82,82,82,82,82,82,82,82,82,82,82,82,82,82,82,82,82,82,82,82,82,82,82,82,82,82,82,82],"card_choices":[{"not_picked":["Tempest","Blizzard"],"picked":"Defragment","floor":1},{"not_picked":["Ball Lightning","Machine Learning"],"picked":"Go for the Eyes","floor":8},{"not_picked":["White Noise","Fusion"],"picked":"Coolheaded","floor":10},{"not_picked":["Glacier","FTL"],"picked":"Gash","floor":11},{"not_picked":["Stack","Turbo"],"picked":"Sweeping Beam","floor":13},{"not_picked":["Auto Shields","Recycle"],"picked":"Sweeping Beam","floor":14},{"not_picked":["Rebound","Force Field","Steam"],"picked":"SKIP","floor":18},{"not_picked":["Coolheaded+1","Heatsinks"],"picked":"Gash","floor":20},{"not_picked":["Scrape","Sweeping Beam"],"picked":"Double Energy","floor":22},{"not_picked":["Hello World+1","Streamline+1"],"picked":"Conserve Battery","floor":27},{"not_picked":["Streamline","Redo"],"picked":"Beam Cell","floor":28},{"not_picked":["Recycle+1","Redo+1"],"picked":"Cold Snap","floor":31},{"not_picked":["Core Surge","Seek"],"picked":"Rainbow","floor":33},{"not_picked":["Cold Snap","Chaos+1"],"picked":"FTL+1","floor":35},{"not_picked":["Barrage","Self Repair"],"picked":"Melter+1","floor":37},{"not_picked":["Heatsinks","Scrape"],"picked":"BootSequence","floor":39},{"not_picked":["Undo","Skim+1"],"picked":"Conserve Battery+1","floor":41},{"not_picked":["Steam","Glacier"],"picked":"FTL","floor":42},{"not_picked":["Gash+1","Compile Driver"],"picked":"Electrodynamics","floor":44},{"not_picked":["Hello World","Stack"],"picked":"Gash+1","floor":48}],"player_experience":223226,"relics_obtained":[{"floor":8,"key":"Matryoshka"},{"floor":9,"key":"Boot"},{"floor":9,"key":"Strawberry"},{"floor":10,"key":"Bag of Preparation"},{"floor":14,"key":"Bottled Lightning"},{"floor":22,"key":"Red Mask"},{"floor":26,"key":"Singing Bowl"},{"floor":26,"key":"Omamori"},{"floor":27,"key":"Tiny Chest"},{"floor":41,"key":"Anchor"},{"floor":43,"key":"War Paint"},{"floor":44,"key":"Bronze Scales"}],"event_choices":[{"damage_healed":0,"gold_gain":0,"player_choice":"Ignored","damage_taken":0,"max_hp_gain":0,"max_hp_loss":0,"event_name":"Liars Game","floor":2,"gold_loss":0},{"damage_healed":0,"gold_gain":0,"player_choice":"Grow","damage_taken":0,"max_hp_gain":0,"max_hp_loss":0,"event_name":"Living Wall","floor":3,"gold_loss":0,"cards_upgraded":["Zap"]},{"cards_removed":["Strike_B"],"damage_healed":0,"gold_gain":0,"player_choice":"Card Removal","damage_taken":7,"max_hp_gain":0,"max_hp_loss":0,"event_name":"Golden Wing","floor":4,"gold_loss":0},{"damage_healed":0,"gold_gain":0,"player_choice":"Searched \u00271\u0027 times","damage_taken":0,"max_hp_gain":0,"max_hp_loss":0,"event_name":"Dead Adventurer","floor":14,"gold_loss":0},{"damage_healed":0,"gold_gain":0,"player_choice":"Simplicity","damage_taken":0,"max_hp_gain":0,"max_hp_loss":0,"event_name":"Back to Basics","floor":19,"gold_loss":0,"cards_upgraded":["Strike_B","Strike_B","Strike_B","Defend_B","Defend_B","Defend_B","Defend_B"]},{"damage_healed":0,"gold_gain":0,"player_choice":"Ignored","damage_taken":0,"max_hp_gain":0,"max_hp_loss":0,"event_name":"Ghosts","floor":21,"gold_loss":0},{"damage_healed":0,"gold_gain":0,"player_choice":"Fought Bandits","damage_taken":0,"max_hp_gain":0,"max_hp_loss":0,"event_name":"Masked Bandits","floor":22,"gold_loss":0},{"damage_healed":0,"gold_gain":0,"player_choice":"Ignored","damage_taken":0,"max_hp_gain":0,"max_hp_loss":0,"event_name":"Cursed Tome","floor":25,"gold_loss":0},{"damage_healed":0,"gold_gain":0,"player_choice":"Ignored","damage_taken":0,"max_hp_gain":0,"max_hp_loss":0,"event_name":"Mysterious Sphere","floor":36,"gold_loss":0},{"damage_healed":0,"gold_gain":0,"player_choice":"Got Potions","damage_taken":0,"max_hp_gain":0,"max_hp_loss":0,"event_name":"Lab","floor":38,"gold_loss":0},{"damage_healed":0,"gold_gain":222,"player_choice":"Wore Mask","damage_taken":0,"max_hp_gain":0,"max_hp_loss":0,"event_name":"Tomb of Lord Red Mask","floor":45,"gold_loss":0}],"is_beta":false,"boss_relics":[{"not_picked":["White Beast Statue","Ectoplasm"],"picked":"Nuclear Battery"},{"not_picked":["FrozenCore","Fusion Hammer"],"picked":"Philosopher\u0027s Stone"}],"items_purged_floors":[47],"is_endless":false,"potions_floor_spawned":[1,8,11,14,16,22,27,28,31,42,48],"ascension_level":1}