{"gold_per_floor":[119,44,44,44,119,119,147,147,173,123,139,158,158,190,190,290,290,309,327,36,48,61,61,91,91,118,118,118,130,130,145,145,145],"floor_reached":33,"playtime":3051,"items_purged":["Strike_G","Strike_G"],"score":298,"play_id":"5567cfed-1745-46ff-8d24-d7896f7f977d","local_time":"20190710013350","is_ascension_mode":false,"campfire_choices":[{"data":"Neutralize","floor":6,"key":"SMITH"},{"data":"Footwork","floor":13,"key":"SMITH"},{"data":"Backflip","floor":15,"key":"SMITH"},{"data":"Footwork","floor":23,"key":"SMITH"},{"data":"Terror","floor":25,"key":"SMITH"},{"data":"Dramatic Entrance","floor":27,"key":"SMITH"},{"data":"Die Die Die","floor":30,"key":"SMITH"},{"floor":32,"key":"REST"}],"neow_cost":"NONE","seed_source_timestamp":27040051538827,"circlet_count":0,"master_deck":["Strike_G","Strike_G","Strike_G","Defend_G","Defend_G","Defend_G","Defend_G","Survivor","Neutralize+1","Dash","Footwork+1","Dagger Throw","Flying Knee","Backflip+1","Die Die Die+1","Dagger Throw","Finisher","Terror+1","Footwork+1","Dramatic Entrance+1","Sucker Punch+1"],"relics":["Ring of the Snake","NeowsBlessing","Mummified Hand","Bag of Marbles","Regal Pillow","Blood Vial","Busted Crown","Pocketwatch","Anchor"],"potions_floor_usage":[16,22,31,33],"damage_taken":[{"damage":0,"enemies":"2 Louse","floor":1,"turns":1},{"damage":0,"enemies":"Lagavulin","floor":7,"turns":1},{"damage":0,"enemies":"Small Slimes","floor":11,"turns":1},{"damage":1,"enemies":"Jaw Worm","floor":12,"turns":3},{"damage":2,"enemies":"Gremlin Nob","floor":14,"turns":5},{"damage":21,"enemies":"The Guardian","floor":16,"turns":14},{"damage":6,"enemies":"Spheric Guardian","floor":18,"turns":4},{"damage":12,"enemies":"2 Thieves","floor":19,"turns":3},{"damage":0,"enemies":"Chosen and Byrds","floor":21,"turns":4},{"damage":5,"enemies":"Cultist and Chosen","floor":22,"turns":6},{"damage":10,"enemies":"Slavers","floor":24,"turns":4},{"damage":0,"enemies":"Snake Plant","floor":29,"turns":3},{"damage":0,"enemies":"3 Cultists","floor":31,"turns":3},{"damage":66,"enemies":"Collector","floor":33,"turns":8}],"seed_played":"-8249968589981834165","potions_obtained":[{"floor":1,"key":"Block Potion"},{"floor":7,"key":"Block Potion"},{"floor":12,"key":"Strength Potion"},{"floor":19,"key":"EssenceOfSteel"},{"floor":24,"key":"PowerPotion"}],"is_trial":false,"path_per_floor":["M","$","?","?","?","R","E","?","T","?","M","M","R","E","R","B",null,"M","M","$","M","M","R","E","R","T","R","?","M","R","M","R","B"],"character_chosen":"THE_SILENT","items_purchased":["Terror","Footwork","Dramatic Entrance"],"campfire_rested":1,"item_purchase_floors":[20,20,20],"current_hp_per_floor":[70,70,58,58,47,47,47,70,70,70,70,69,69,67,67,48,70,64,54,54,56,53,53,45,45,45,45,45,47,47,49,70,4],"gold":145,"neow_bonus":"THREE_ENEMY_KILL","is_prod":false,"is_daily":false,"chose_seed":false,"campfire_upgraded":7,"win_rate":0.0,"timestamp":1562740430,"path_taken":["M","$","?","?","?","R","E","?","T","?","M","M","R","E","R","BOSS","M","M","$","M","M","R","E","R","T","R","?","M","R","M","R","BOSS"],"build_version":"2019-07-05","purchased_purges":2,"victory":false,"max_hp_per_floor":[70,70,70,70,70,70,70,70,70,70,70,70,70,70,70,70,70,70,70,70,70,70,70,70,70,70,70,70,70,70,70,70,70],"card_choices":[{"not_picked":["Expertise","Flying Knee"],"picked":"Dash","floor":1},{"not_picked":["Underhanded Strike","Envenom"],"picked":"Footwork","floor":7},{"not_picked":["Riddle With Holes","Quick Slash"],"picked":"Dagger Throw","floor":11},{"not_picked":["Outmaneuver","Dodge and Roll"],"picked":"Flying Knee","floor":12},{"not_picked":["Reflex","Deflect"],"picked":"Backflip","floor":14},{"not_picked":["Wraith Form v2","A Thousand Cuts"],"picked":"Die Die Die","floor":16},{"not_picked":[],"picked":"Dagger Throw","floor":18},{"not_picked":[],"picked":"Finisher","floor":19},{"not_picked":["Eviscerate"],"picked":"SKIP","floor":21},{"not_picked":[],"picked":"Sucker Punch+1","floor":22},{"not_picked":["Prepared"],"picked":"SKIP","floor":24},{"not_picked":["Riddle With Holes+1"],"picked":"SKIP","floor":29},{"not_picked":["Blade Dance"],"picked":"SKIP","floor":31}],"player_experience":67622,"relics_obtained":[{"floor":7,"key":"Bag of Marbles"},{"floor":9,"key":"Regal Pillow"},{"floor":14,"key":"Blood Vial"},{"floor":24,"key":"Pocketwatch"},{"floor":26,"key":"Anchor"}],"event_choices":[{"damage_healed":0,"gold_gain":0,"player_choice":"Success","damage_taken":12,"relics_obtained":["Mummified Hand"],"max_hp_gain":0,"max_hp_loss":0,"event_name":"Scrap Ooze","floor":3,"gold_loss":0},{"damage_healed":0,"gold_gain":0,"player_choice":"Ignored","damage_taken":0,"max_hp_gain":0,"max_hp_loss":0,"event_name":"Liars Game","floor":4,"gold_loss":0},{"damage_healed":0,"gold_gain":75,"player_choice":"Gather Gold","damage_taken":11,"max_hp_gain":0,"max_hp_loss":0,"event_name":"World of Goop","floor":5,"gold_loss":0},{"damage_healed":23,"gold_gain":0,"player_choice":"Banana","damage_taken":0,"max_hp_gain":0,"max_hp_loss":0,"event_name":"Big Fish","floor":8,"gold_loss":0},{"cards_removed":["Defend_G"],"damage_healed":0,"gold_gain":0,"player_choice":"Card Removal","damage_taken":0,"max_hp_gain":0,"max_hp_loss":0,"event_name":"The Cleric","floor":10,"gold_loss":50},{"damage_healed":0,"gold_gain":0,"player_choice":"Ignored","damage_taken":0,"max_hp_gain":0,"max_hp_loss":0,"event_name":"Vampires","floor":28,"gold_loss":0}],"is_beta":false,"boss_relics":[{"not_picked":["Lizard Tail","White Beast Statue"],"picked":"Busted Crown"}],"items_purged_floors":[2,20],"is_endless":false,"potions_floor_spawned":[1,7,12,19,24],"killed_by":"Collector","ascension_level":0}