{"gold_per_floor":[117,136,61,136,151,151,151,151,151,151,151,25,25,53,53,152,152,152],"floor_reached":18,"playtime":637,"items_purged":["Strike_R"],"score":172,"play_id":"989fa131-50e5-4aa3-938d-2c9951c7c204","local_time":"20190725045114","is_ascension_mode":true,"campfire_choices":[{"data":"Cleave","floor":6,"key":"SMITH"},{"data":"Pommel Strike","floor":8,"key":"SMITH"},{"data":"Bash","floor":10,"key":"SMITH"},{"data":"Rampage","floor":13,"key":"SMITH"},{"data":"Cleave","floor":15,"key":"SMITH"}],"neow_cost":"NONE","seed_source_timestamp":50429337219992,"circlet_count":0,"master_deck":["Strike_R","Strike_R","Strike_R","Strike_R","Defend_R","Defend_R","Defend_R","Defend_R","Bash+1","Cleave+1","Pommel Strike+1","Thunderclap","Cleave+1","Rampage+1","Evolve","Impervious"],"relics":["Black Blood","Boot","Darkstone Periapt","Vajra","Pen Nib"],"potions_floor_usage":[],"damage_taken":[{"damage":7,"enemies":"Jaw Worm","floor":1,"turns":3},{"damage":10,"enemies":"Small Slimes","floor":2,"turns":4},{"damage":3,"enemies":"2 Louse","floor":5,"turns":2},{"damage":6,"enemies":"Gremlin Nob","floor":14,"turns":3},{"damage":46,"enemies":"Slime Boss","floor":16,"turns":8},{"damage":32,"enemies":"Shell Parasite","floor":18,"turns":5}],"seed_played":"4310301514132046120","potions_obtained":[{"floor":2,"key":"Poison Potion"},{"floor":14,"key":"Ancient Potion"}],"is_trial":false,"path_per_floor":["M","M","$","?","M","R","?","R","T","R","?","$","R","E","R","B",null,"M"],"character_chosen":"IRONCLAD","items_purchased":["Cleave","Rampage"],"campfire_rested":0,"item_purchase_floors":[12,12],"current_hp_per_floor":[79,75,75,64,67,67,72,72,72,72,65,65,65,65,65,25,85,53],"gold":152,"neow_bonus":"RANDOM_COMMON_RELIC","is_prod":false,"is_daily":false,"chose_seed":false,"campfire_upgraded":5,"win_rate":0,"timestamp":1564048274,"path_taken":["M","M","$","?","M","R","?","R","T","R","?","$","R","E","R","BOSS","M"],"build_version":"2019-07-17","purchased_purges":1,"victory":false,"max_hp_per_floor":[80,80,80,80,80,80,85,85,85,85,85,85,85,85,85,85,85,85],"card_choices":[{"not_picked":["Spot Weakness","Wild Strike"],"picked":"Cleave","floor":1},{"not_picked":["Dropkick","Headbutt"],"picked":"Pommel Strike","floor":2},{"not_picked":["Flex","Sword Boomerang"],"picked":"Thunderclap","floor":5},{"not_picked":["Clash","Heavy Blade"],"picked":"Evolve","floor":14},{"not_picked":["Berserk","Exhume"],"picked":"Impervious","floor":16}],"player_experience":235358,"relics_obtained":[{"floor":9,"key":"Darkstone Periapt"},{"floor":14,"key":"Pen Nib"}],"event_choices":[{"damage_healed":0,"gold_gain":75,"player_choice":"Gather Gold","damage_taken":11,"max_hp_gain":0,"max_hp_loss":0,"event_name":"World of Goop","floor":4,"gold_loss":0},{"damage_healed":0,"gold_gain":0,"player_choice":"Donut","damage_taken":0,"max_hp_gain":5,"max_hp_loss":0,"event_name":"Big Fish","floor":7,"gold_loss":0},{"damage_healed":0,"gold_gain":0,"player_choice":"Success","damage_taken":7,"relics_obtained":["Vajra"],"max_hp_gain":0,"max_hp_loss":0,"event_name":"Scrap Ooze","floor":11,"gold_loss":0}],"is_beta":false,"boss_relics":[{"not_picked":["Pandora\u0027s Box","Snecko Eye"],"picked":"Black Blood"}],"items_purged_floors":[3],"is_endless":false,"potions_floor_spawned":[2,14],"killed_by":"Shell Parasite","ascension_level":2}