{"gold_per_floor":[211,86,101,51,67,67,77,77,101,176,210,210,210,222,222,326,326,339,339,351,97,97,97,116,131,199,215,215,233,233,247,247,345,395,415,415,103,103,103,103,123,139,217,217,231,266,266,285,285,285],"floor_reached":50,"playtime":3293,"items_purged":["Strike_G","Strike_G","Strike_G"],"score":499,"play_id":"ce3f78cc-6985-4823-834f-1b028ed6917a","local_time":"20190715212615","is_ascension_mode":false,"campfire_choices":[{"floor":6.0,"key":"RECALL"},{"data":"Neutralize","floor":8.0,"key":"SMITH"},{"data":"Sucker Punch","floor":13.0,"key":"SMITH"},{"data":"Crippling Poison","floor":15.0,"key":"SMITH"},{"data":"Blur","floor":23.0,"key":"SMITH"},{"data":"Footwork","floor":30.0,"key":"SMITH"},{"data":"Leg Sweep","floor":32.0,"key":"SMITH"},{"data":"Enlightenment","floor":40.0,"key":"SMITH"},{"data":"Envenom","floor":44.0,"key":"SMITH"},{"data":"Adrenaline","floor":47.0,"key":"SMITH"},{"floor":49.0,"key":"REST"}],"neow_cost":"NONE","seed_source_timestamp":0,"circlet_count":0,"master_deck":["Strike_G","Strike_G","Defend_G","Defend_G","Defend_G","Defend_G","Survivor","Neutralize+1","Crippling Poison+1","Deadly Poison","Dash","Deflect+1","Sucker Punch+1","Slice","Deadly Poison","Blur+1","Backflip","Bouncing Flask","Footwork+1","Slice","Footwork+1","Leg Sweep+1","Envenom+1","Flying Knee+1","Deflect+1","Enlightenment+1","Caltrops","Dagger Spray","Finesse","Neutralize","Bouncing Flask+1","Deadly Poison+1","Deadly Poison+1","Adrenaline+1"],"special_seed":0,"relics":["Ring of the Serpent","Omamori","MutagenicStrength","Bronze Scales","Singing Bowl","Meat on the Bone","Tiny House","Bottled Lightning","The Specimen"],"potions_floor_usage":[50,50],"damage_taken":[{"damage":0.0,"enemies":"Jaw Worm","floor":1.0,"turns":6.0},{"damage":0.0,"enemies":"Small Slimes","floor":3.0,"turns":3.0},{"damage":0.0,"enemies":"2 Louse","floor":5.0,"turns":2.0},{"damage":0.0,"enemies":"Large Slime","floor":7.0,"turns":6.0},{"damage":21.0,"enemies":"Gremlin Nob","floor":11.0,"turns":5.0},{"damage":0.0,"enemies":"2 Fungi Beasts","floor":14.0,"turns":3.0},{"damage":8.0,"enemies":"Hexaghost","floor":16.0,"turns":9.0},{"damage":4.0,"enemies":"Shell Parasite","floor":18.0,"turns":5.0},{"damage":5.0,"enemies":"Chosen","floor":20.0,"turns":5.0},{"damage":6.0,"enemies":"Centurion and Healer","floor":24.0,"turns":7.0},{"damage":7.0,"enemies":"Snecko","floor":25.0,"turns":5.0},{"damage":1.0,"enemies":"Snake Plant","floor":27.0,"turns":4.0},{"damage":7.0,"enemies":"Chosen and Byrds","floor":29.0,"turns":4.0},{"damage":0.0,"enemies":"Shelled Parasite and Fungi","floor":31.0,"turns":5.0},{"damage":19.0,"enemies":"Champ","floor":33.0,"turns":18.0},{"damage":36.0,"enemies":"3 Shapes","floor":35.0,"turns":4.0},{"damage":25.0,"enemies":"3 Darklings","floor":41.0,"turns":5.0},{"damage":0.0,"enemies":"Maw","floor":42.0,"turns":8.0},{"damage":12.0,"enemies":"Spire Growth","floor":45.0,"turns":7.0},{"damage":23.0,"enemies":"Giant Head","floor":46.0,"turns":11.0},{"damage":11.0,"enemies":"4 Shapes","floor":48.0,"turns":4.0},{"damage":50,"enemies":"Time Eater","floor":50,"turns":14}],"seed_played":"-4630192788893240731","potions_obtained":[{"floor":3.0,"key":"LiquidBronze"},{"floor":7.0,"key":"Fire Potion"},{"floor":11.0,"key":"Block Potion"},{"floor":14.0,"key":"Regen Potion"},{"floor":16.0,"key":"AttackPotion"},{"floor":20.0,"key":"EssenceOfSteel"},{"floor":24.0,"key":"EssenceOfSteel"},{"floor":29.0,"key":"Energy Potion"},{"floor":31.0,"key":"Fire Potion"},{"floor":33.0,"key":"Swift Potion"},{"floor":34.0,"key":"FearPotion"},{"floor":42.0,"key":"Block Potion"},{"floor":48.0,"key":"PowerPotion"}],"is_trial":false,"path_per_floor":["M","$","M","?","M","R","M","R","T","?","E","?","R","M","R","B",null,"M","?","M","$","?","R","M","M","T","M","?","M","R","M","R","B",null,"M","?","$","?","?","R","M","M","T","R","M","E","R","M","R","B"],"character_chosen":"THE_SILENT","items_purchased":["Deadly Poison","Bronze Scales","Caltrops","Dagger Spray","Finesse"],"campfire_rested":1,"item_purchase_floors":[2,21,37,37,37],"current_hp_per_floor":[70,70,70,70,70,70,70,70,70,59,38,61,61,61,61,68,70,66,66,61,61,61,61,55,48,48,47,47,40,40,40,40,33,75,39,36,36,36,36,36,23,35,35,35,35,24,24,27,49,0],"gold":285,"neow_bonus":"HUNDRED_GOLD","is_prod":false,"is_daily":false,"chose_seed":false,"campfire_upgraded":9,"win_rate":0,"timestamp":1563243975,"path_taken":["M","$","M","?","M","R","M","R","T","?","E","?","R","M","R","BOSS","M","?","M","$","?","R","M","M","T","M","?","?","R","M","R","BOSS","M","?","$","?","?","R","?","M","T","R","M","E","R","M","R","BOSS"],"build_version":"2019-07-05","purchased_purges":3,"victory":false,"max_hp_per_floor":[70,70,70,70,70,70,70,70,70,70,70,70,70,70,70,70,70,70,70,70,70,70,70,70,70,70,70,70,70,70,70,70,70,75,75,77,77,73,73,73,73,73,73,73,73,73,73,75,75,75],"card_choices":[{"not_picked":["Dagger Throw","Leg Sweep"],"picked":"Crippling Poison","floor":1.0},{"not_picked":["Riddle With Holes","Predator"],"picked":"Dash","floor":3.0},{"not_picked":["Tactician","Bouncing Flask"],"picked":"Deflect","floor":5.0},{"not_picked":["Crippling Poison","All Out Attack"],"picked":"Sucker Punch","floor":7.0},{"not_picked":["Backstab","Backflip"],"picked":"Slice","floor":11.0},{"not_picked":["Acrobatics","Flechettes"],"picked":"Deadly Poison","floor":14.0},{"not_picked":["Dagger Throw+1","Infinite Blades"],"picked":"Blur","floor":18.0},{"not_picked":["Dagger Throw","Sucker Punch"],"picked":"Backflip","floor":20.0},{"not_picked":["Acrobatics+1","Dagger Spray"],"picked":"Bouncing Flask","floor":24.0},{"not_picked":["Deadly Poison","Bouncing Flask"],"picked":"Footwork","floor":25.0},{"not_picked":["Quick Slash","All Out Attack"],"picked":"Slice","floor":27.0},{"not_picked":["Outmaneuver","Backflip"],"picked":"Footwork+1","floor":29.0},{"not_picked":["Malaise","Acrobatics"],"picked":"Leg Sweep","floor":31.0},{"not_picked":["Die Die Die","Storm of Steel"],"picked":"Envenom","floor":33.0},{"not_picked":["Bouncing Flask","Poisoned Stab"],"picked":"Flying Knee+1","floor":34.0},{"not_picked":["Quick Slash+1","Cloak And Dagger"],"picked":"Deflect+1","floor":35.0},{"not_picked":["PanicButton","Panache"],"picked":"Enlightenment","floor":36.0},{"not_picked":["Panacea","Jack Of All Trades","Impatience"],"picked":"Singing Bowl","floor":36.0},{"not_picked":["Escape Plan","Blade Dance"],"picked":"Bouncing Flask+1","floor":41.0},{"not_picked":["Flying Knee","Cloak And Dagger+1"],"picked":"Deadly Poison+1","floor":42.0},{"not_picked":["Finisher+1","Acrobatics"],"picked":"Deadly Poison+1","floor":45.0},{"not_picked":["Quick Slash+1","Tools of the Trade"],"picked":"Adrenaline","floor":46.0},{"not_picked":["All Out Attack","Dodge and Roll+1","Dagger Spray+1"],"picked":"Singing Bowl","floor":48.0}],"player_experience":166232,"relics_obtained":[{"floor":11.0,"key":"Omamori"},{"floor":26.0,"key":"Singing Bowl"},{"floor":43.0,"key":"Bottled Lightning"},{"floor":46.0,"key":"The Specimen"}],"event_choices":[{"cards_removed":["Defend_G"],"damage_healed":0.0,"max_hp_gain":0.0,"max_hp_loss":0.0,"gold_gain":0.0,"event_name":"The Cleric","player_choice":"Card Removal","floor":4.0,"gold_loss":50.0,"damage_taken":0.0},{"damage_healed":0.0,"max_hp_gain":0.0,"max_hp_loss":0.0,"gold_gain":75.0,"event_name":"World of Goop","player_choice":"Gather Gold","floor":10.0,"gold_loss":0.0,"damage_taken":11.0},{"damage_healed":23.0,"max_hp_gain":0.0,"max_hp_loss":0.0,"gold_gain":0.0,"event_name":"Big Fish","player_choice":"Banana","floor":12.0,"gold_loss":0.0,"damage_taken":0.0},{"damage_healed":0.0,"max_hp_gain":0.0,"max_hp_loss":0.0,"gold_gain":0.0,"event_name":"Drug Dealer","player_choice":"Inject Mutagens","floor":19.0,"gold_loss":0.0,"damage_taken":0.0,"relics_obtained":["MutagenicStrength"]},{"damage_healed":0.0,"max_hp_gain":0.0,"max_hp_loss":0.0,"gold_gain":0.0,"event_name":"Ghosts","player_choice":"Ignored","floor":22.0,"gold_loss":0.0,"damage_taken":0.0},{"damage_healed":0.0,"max_hp_gain":0.0,"max_hp_loss":0.0,"gold_gain":0.0,"event_name":"The Mausoleum","player_choice":"Opened","floor":28.0,"gold_loss":0.0,"damage_taken":0.0,"relics_obtained":["Meat on the Bone"]},{"damage_healed":0.0,"max_hp_gain":0.0,"max_hp_loss":0.0,"gold_gain":0.0,"event_name":"SensoryStone","player_choice":"Memory 2","floor":36.0,"gold_loss":0.0,"damage_taken":5.0},{"damage_healed":0.0,"max_hp_gain":0.0,"max_hp_loss":4.0,"gold_gain":0.0,"event_name":"Winding Halls","player_choice":"Max HP","floor":38.0,"gold_loss":0.0,"damage_taken":0.0},{"damage_healed":0.0,"max_hp_gain":0.0,"max_hp_loss":0.0,"gold_gain":0.0,"event_name":"Match and Keep!","player_choice":"1 cards matched","floor":39.0,"gold_loss":0.0,"damage_taken":0.0,"cards_obtained":["Neutralize"]}],"is_beta":false,"boss_relics":[{"not_picked":["Coffee Dripper","Orrery"],"picked":"Ring of the Serpent"},{"not_picked":["Astrolabe","Runic Dome"],"picked":"Tiny House"}],"items_purged_floors":[2,21,37],"is_endless":false,"potions_floor_spawned":[3,7,11,14,16,20,24,29,31,33,42,48],"killed_by":"Time Eater","ascension_level":0}