{"gold_per_floor":[117,192,204,284,4,38,56,387,387,402,402,460,490,91,91,193,193,213,213,19,34,45,45,70,70,125,159,171,183,211,254,266,374,386,417,429,492,504,527,565,577,689,701,725,772,784,813,852,864,876],"floor_reached":50,"playtime":5301,"items_purged":[],"score":1094,"play_id":"16f531f3-a11b-4366-b324-04afccb9814e","local_time":"20190717160404","is_ascension_mode":true,"campfire_choices":[{"floor":15,"key":"REST"},{"floor":23,"key":"REST"},{"floor":28,"key":"REST"},{"data":"Spot Weakness","floor":32,"key":"SMITH"},{"floor":41,"key":"REST"},{"floor":49,"key":"RECALL"}],"neow_cost":"NONE","seed_source_timestamp":538060568370900,"circlet_count":0,"master_deck":["AscendersBane","Strike_R","Strike_R+1","Strike_R","Strike_R","Defend_R","Defend_R+1","Defend_R+1","Bash","Second Wind+1","Clash","Clash+1","Spot Weakness+1","Body Slam","Thunderclap","Cleave","Dual Wield","Fire Breathing","Dark Shackles","Immolate","Flex+1","Sword Boomerang","Sword Boomerang+1","Iron Wave+1","Twin Strike","Burning Pact","Armaments+1","Battle Trance+1","Feed","Juggernaut","Disarm+1","Heavy Blade+1","Dramatic Entrance+1","Dark Shackles","Dark Shackles","Corruption+1","Rage+1","Sword Boomerang+1","Limit Break","Havoc+1","Madness+1","Madness+1","Ghostly Armor+1","Juggernaut"],"relics":["Burning Blood","NeowsBlessing","Ornamental Fan","Self Forming Clay","Old Coin","Mango","War Paint","Gremlin Horn","Ginger","White Beast Statue","Enchiridion","Brimstone","Bottled Lightning","Boot","MawBank","Letter Opener","Fusion Hammer","Magic Flower","Happy Flower","Bird Faced Urn","Toxic Egg 2","Whetstone"],"potions_floor_usage":[8,8,16,16,24,24,24,27,30,37,37,39,42,44,44,45,48,50],"damage_taken":[{"damage":0,"enemies":"Small Slimes","floor":1,"turns":1},{"damage":0,"enemies":"2 Louse","floor":3,"turns":1},{"damage":0,"enemies":"Lagavulin","floor":6,"turns":2},{"damage":19,"enemies":"Jaw Worm","floor":7,"turns":4},{"damage":30,"enemies":"Gremlin Nob","floor":8,"turns":4},{"damage":0,"enemies":"3 Louse","floor":10,"turns":4},{"damage":9,"enemies":"3 Sentries","floor":12,"turns":4},{"damage":16,"enemies":"3 Sentries","floor":13,"turns":7},{"damage":35,"enemies":"Hexaghost","floor":16,"turns":9},{"damage":12,"enemies":"3 Byrds","floor":18,"turns":5},{"damage":22,"enemies":"Spheric Guardian","floor":21,"turns":4},{"damage":0,"enemies":"3 Cultists","floor":22,"turns":2},{"damage":25,"enemies":"Slavers","floor":24,"turns":2},{"damage":25,"enemies":"Book of Stabbing","floor":27,"turns":4},{"damage":13,"enemies":"Centurion and Healer","floor":30,"turns":4},{"damage":0,"enemies":"Gremlin Leader","floor":31,"turns":5},{"damage":21,"enemies":"Champ","floor":33,"turns":6},{"damage":12,"enemies":"Orb Walker","floor":35,"turns":2},{"damage":27,"enemies":"2 Orb Walkers","floor":37,"turns":4},{"damage":0,"enemies":"3 Darklings","floor":39,"turns":3},{"damage":39,"enemies":"Nemesis","floor":40,"turns":4},{"damage":34,"enemies":"Mind Bloom Boss Battle","floor":42,"turns":5},{"damage":0,"enemies":"Spire Growth","floor":44,"turns":2},{"damage":19,"enemies":"Reptomancer","floor":45,"turns":4},{"damage":0,"enemies":"Transient","floor":47,"turns":5},{"damage":26,"enemies":"Giant Head","floor":48,"turns":6},{"damage":112,"enemies":"Awakened One","floor":50,"turns":6}],"seed_played":"2280840238231403262","potions_obtained":[{"floor":3,"key":"Strength Potion"},{"floor":7,"key":"LiquidBronze"},{"floor":12,"key":"Energy Potion"},{"floor":13,"key":"Explosive Potion"},{"floor":18,"key":"Weak Potion"},{"floor":21,"key":"PowerPotion"},{"floor":22,"key":"Energy Potion"},{"floor":24,"key":"Weak Potion"},{"floor":27,"key":"Regen Potion"},{"floor":30,"key":"SpeedPotion"},{"floor":31,"key":"GamblersBrew"},{"floor":33,"key":"EssenceOfSteel"},{"floor":35,"key":"Dexterity Potion"},{"floor":37,"key":"EssenceOfSteel"},{"floor":39,"key":"Explosive Potion"},{"floor":40,"key":"PowerPotion"},{"floor":42,"key":"Dexterity Potion"},{"floor":44,"key":"BloodPotion"},{"floor":45,"key":"Energy Potion"},{"floor":47,"key":"GamblersBrew"},{"floor":48,"key":"SteroidPotion"}],"is_trial":false,"path_per_floor":["M","?","M","?","$","E","M","E","T","M","?","?","E","$","R","B",null,"M","?","$","M","M","R","E","?","T","E","R","$","M","E","R","B",null,"M","?","?","?","M","E","R","?","T","M","E","?","M","E","R","B"],"character_chosen":"IRONCLAD","items_purchased":["Ornamental Fan","Clash","Ginger","Dark Shackles","Brimstone"],"campfire_rested":4,"item_purchase_floors":[5,5,14,14,20],"current_hp_per_floor":[78,67,73,73,73,79,66,42,56,62,43,40,30,30,58,29,78,72,56,56,40,46,74,55,55,55,36,64,64,69,75,75,63,89,83,83,62,52,61,31,60,35,35,47,79,67,88,80,80,0],"gold":876,"neow_bonus":"THREE_ENEMY_KILL","is_prod":false,"is_daily":false,"chose_seed":false,"campfire_upgraded":1,"win_rate":0,"timestamp":1563375844,"path_taken":["M","?","M","?","$","E","M","E","T","M","?","?","E","?","R","BOSS","M","?","$","M","M","R","E","?","T","E","R","?","M","E","R","BOSS","M","?","?","?","?","E","R","?","T","M","E","?","M","E","R","BOSS"],"build_version":"2019-07-05","purchased_purges":0,"victory":false,"max_hp_per_floor":[80,80,80,80,80,80,80,80,94,94,94,94,94,94,94,94,94,94,94,94,94,94,94,94,94,94,94,94,94,94,94,94,97,97,97,97,97,97,97,97,97,97,97,97,97,97,97,97,97,97],"card_choices":[{"not_picked":["Clothesline","Warcry"],"picked":"Second Wind","floor":1},{"not_picked":["Warcry","Disarm"],"picked":"Clash","floor":3},{"not_picked":["Bloodletting","Uppercut"],"picked":"Spot Weakness","floor":6},{"not_picked":["Twin Strike","Dropkick"],"picked":"Body Slam","floor":7},{"not_picked":["Evolve","Exhume"],"picked":"Thunderclap","floor":8},{"not_picked":["Blood for Blood","Headbutt"],"picked":"Cleave","floor":10},{"not_picked":["Shrug It Off","Reckless Charge"],"picked":"Dual Wield","floor":12},{"not_picked":["Spot Weakness","Havoc"],"picked":"Fire Breathing","floor":13},{"not_picked":["Bludgeon","Fiend Fire"],"picked":"Immolate","floor":16},{"not_picked":["Thunderclap","True Grit"],"picked":"Flex+1","floor":18},{"not_picked":["Perfected Strike","Hemokinesis"],"picked":"Sword Boomerang","floor":21},{"not_picked":["Anger","Reckless Charge"],"picked":"Sword Boomerang+1","floor":22},{"not_picked":["Twin Strike","Bloodletting"],"picked":"Iron Wave+1","floor":24},{"not_picked":["Pommel Strike","Juggernaut"],"picked":"Armaments+1","floor":27},{"not_picked":["Carnage","Pommel Strike"],"picked":"Battle Trance+1","floor":30},{"not_picked":["Body Slam+1","Thunderclap"],"picked":"Feed","floor":31},{"not_picked":["Berserk","Brutality"],"picked":"Juggernaut","floor":33},{"not_picked":["Havoc","Anger+1"],"picked":"Disarm+1","floor":35},{"not_picked":["Iron Wave+1","Thunderclap"],"picked":"Heavy Blade+1","floor":37},{"not_picked":["Mind Blast","Deep Breath"],"picked":"Dramatic Entrance","floor":38},{"not_picked":["Mind Blast","Madness"],"picked":"Dark Shackles","floor":38},{"not_picked":["Sadistic Nature","Panacea"],"picked":"Dark Shackles","floor":38},{"not_picked":["Clothesline","Armaments+1"],"picked":"Corruption+1","floor":39},{"not_picked":["Fiend Fire","Anger"],"picked":"Rage+1","floor":40},{"not_picked":["Fire Breathing","True Grit"],"picked":"Sword Boomerang+1","floor":42},{"not_picked":["Body Slam+1","Disarm"],"picked":"Limit Break","floor":44},{"not_picked":["Pommel Strike+1","Sword Boomerang+1"],"picked":"Havoc","floor":45},{"not_picked":["Reckless Charge+1","Warcry+1"],"picked":"Ghostly Armor+1","floor":47},{"not_picked":["Perfected Strike","Armaments+1"],"picked":"Juggernaut","floor":48}],"player_experience":1013634,"relics_obtained":[{"floor":6,"key":"Self Forming Clay"},{"floor":8,"key":"Old Coin"},{"floor":9,"key":"Mango"},{"floor":13,"key":"Gremlin Horn"},{"floor":19,"key":"Enchiridion"},{"floor":24,"key":"Bottled Lightning"},{"floor":26,"key":"Boot"},{"floor":27,"key":"MawBank"},{"floor":31,"key":"Letter Opener"},{"floor":37,"key":"Magic Flower"},{"floor":40,"key":"Happy Flower"},{"floor":42,"key":"Bird Faced Urn"},{"floor":45,"key":"Toxic Egg 2"},{"floor":48,"key":"Whetstone"}],"event_choices":[{"damage_healed":0,"gold_gain":75,"player_choice":"Gather Gold","damage_taken":11,"max_hp_gain":0,"max_hp_loss":0,"event_name":"World of Goop","floor":2,"gold_loss":0},{"damage_healed":0,"gold_gain":80,"player_choice":"Gained Gold","damage_taken":0,"max_hp_gain":0,"max_hp_loss":0,"event_name":"Golden Wing","floor":4,"gold_loss":0},{"damage_healed":0,"gold_gain":0,"player_choice":"Entered Light","damage_taken":19,"max_hp_gain":0,"max_hp_loss":0,"event_name":"Shining Light","floor":11,"gold_loss":0,"cards_upgraded":["Defend_R","Strike_R"]},{"damage_healed":0,"gold_gain":0,"player_choice":"Searched \u00272\u0027 times","damage_taken":0,"relics_obtained":["War Paint"],"max_hp_gain":0,"max_hp_loss":0,"event_name":"Dead Adventurer","floor":12,"gold_loss":0},{"damage_healed":0,"gold_gain":0,"player_choice":"Obtained Book","damage_taken":16,"max_hp_gain":0,"max_hp_loss":0,"event_name":"Cursed Tome","floor":19,"gold_loss":0},{"damage_healed":0,"gold_gain":0,"cards_transformed":["Strike_R","Defend_R"],"player_choice":"Became Test Subject","damage_taken":0,"max_hp_gain":0,"max_hp_loss":0,"event_name":"Drug Dealer","floor":25,"gold_loss":0,"cards_obtained":["Twin Strike","Burning Pact"]},{"damage_healed":0,"gold_gain":0,"player_choice":"Ignored","damage_taken":0,"max_hp_gain":0,"max_hp_loss":0,"event_name":"Tomb of Lord Red Mask","floor":36,"gold_loss":0},{"damage_healed":0,"gold_gain":0,"player_choice":"Fight","damage_taken":0,"max_hp_gain":0,"max_hp_loss":0,"event_name":"Mysterious Sphere","floor":37,"gold_loss":0},{"damage_healed":0,"gold_gain":0,"player_choice":"Memory 3","damage_taken":10,"max_hp_gain":0,"max_hp_loss":0,"event_name":"SensoryStone","floor":38,"gold_loss":0},{"damage_healed":0,"gold_gain":0,"player_choice":"Fight","damage_taken":0,"max_hp_gain":0,"max_hp_loss":0,"event_name":"MindBloom","floor":42,"gold_loss":0},{"damage_healed":0,"gold_gain":0,"player_choice":"Embrace Madness","damage_taken":12,"max_hp_gain":0,"max_hp_loss":0,"event_name":"Winding Halls","floor":46,"gold_loss":0,"cards_obtained":["Madness","Madness"]}],"is_beta":false,"boss_relics":[{"not_picked":["Lizard Tail","Runic Dome"],"picked":"White Beast Statue"},{"not_picked":["Busted Crown","Runic Cube"],"picked":"Fusion Hammer"}],"items_purged_floors":[],"is_endless":false,"potions_floor_spawned":[3,7,12,13,18,21,22,24,27,30,31,33,35,37,39,40,42,44,45,47,48],"killed_by":"Awakened One","ascension_level":10}