{"gold_per_floor":[115,115,129,204,229,229,264,264,264,297,297,312,332,68,68,173,173,187,202,117,129,149,149,74,74,100,114,114],"floor_reached":28,"playtime":2076,"items_purged":["Defend_B"],"score":228,"play_id":"a28a9d11-f5a8-4ab2-a801-e703c6fc9359","local_time":"20190719135007","is_ascension_mode":false,"campfire_choices":[{"data":"FTL","floor":6,"key":"SMITH"},{"data":"FTL","floor":8,"key":"SMITH"},{"data":"Darkness","floor":11,"key":"SMITH"},{"floor":15,"key":"REST"},{"data":"Creative AI","floor":23,"key":"SMITH"},{"data":"Static Discharge","floor":25,"key":"SMITH"}],"neow_cost":"NONE","seed_source_timestamp":33648453811250,"circlet_count":0,"master_deck":["Strike_B","Strike_B","Strike_B","Defend_B","Defend_B","Defend_B+1","Dualcast","Darkness+1","FTL+1","FTL+1","Streamline","Multi-Cast","BootSequence+1","Scrape","Creative AI+1","Cold Snap","Machine Learning","Aggregate+1","Conserve Battery+1","Static Discharge+1","Static Discharge+1","Capacitor"],"relics":["Cracked Core","Dream Catcher","Ornamental Fan","Question Card","Bottled Lightning","Coffee Dripper","Sundial","War Paint"],"potions_floor_usage":[10,10],"damage_taken":[{"damage":5,"enemies":"Small Slimes","floor":1,"turns":3},{"damage":5,"enemies":"2 Louse","floor":3,"turns":4},{"damage":16,"enemies":"Lagavulin","floor":7,"turns":6},{"damage":22,"enemies":"3 Sentries","floor":10,"turns":5},{"damage":8,"enemies":"Jaw Worm","floor":12,"turns":3},{"damage":0,"enemies":"Large Slime","floor":13,"turns":2},{"damage":30,"enemies":"Slime Boss","floor":16,"turns":9},{"damage":14,"enemies":"Spheric Guardian","floor":18,"turns":4},{"damage":10,"enemies":"2 Thieves","floor":19,"turns":3},{"damage":24,"enemies":"Snake Plant","floor":21,"turns":5},{"damage":25,"enemies":"Shelled Parasite and Fungi","floor":22,"turns":5},{"damage":4,"enemies":"Cultist and Chosen","floor":27,"turns":5}],"seed_played":"-7017299288614116955","potions_obtained":[{"floor":3,"key":"AttackPotion"},{"floor":7,"key":"Weak Potion"},{"floor":16,"key":"Ancient Potion"},{"floor":21,"key":"Poison Potion"},{"floor":22,"key":"Swift Potion"}],"is_trial":false,"path_per_floor":["M","?","M","?","T","R","E","R","T","E","R","M","M","$","R","B",null,"M","M","?","M","M","R","?","R","T","M","?"],"character_chosen":"DEFECT","items_purchased":["Scrape","Creative AI"],"campfire_rested":1,"item_purchase_floors":[14,14],"current_hp_per_floor":[77,77,72,61,61,61,45,45,45,23,23,15,15,15,39,9,82,68,58,58,34,9,9,9,9,9,5,0],"gold":114,"neow_bonus":"TEN_PERCENT_HP_BONUS","is_prod":false,"is_daily":false,"chose_seed":false,"campfire_upgraded":5,"win_rate":0.0,"timestamp":1563537007,"path_taken":["M","?","M","?","?","R","E","R","T","E","R","M","M","$","R","BOSS","M","M","?","M","M","R","?","R","T","M","?"],"build_version":"2019-07-05","purchased_purges":1,"victory":false,"max_hp_per_floor":[82,82,82,82,82,82,82,82,82,82,82,82,82,82,82,82,82,82,82,82,82,82,82,82,82,82,82,82],"card_choices":[{"not_picked":["Streamline","Reinforced Body"],"picked":"Darkness","floor":1},{"not_picked":["Hologram","Compile Driver"],"picked":"FTL","floor":3},{"not_picked":["Aggregate","Double Energy"],"picked":"FTL","floor":7},{"not_picked":["Rip and Tear","Go for the Eyes","Beam Cell"],"picked":"Streamline","floor":10},{"not_picked":["Stack","Compile Driver","Fusion"],"picked":"Multi-Cast","floor":12},{"not_picked":["Lockon","Conserve Battery","Stack"],"picked":"BootSequence","floor":13},{"not_picked":["Gash","Double Energy","Blizzard"],"picked":"Cold Snap","floor":15},{"not_picked":["Creative AI","Reboot","Multi-Cast"],"picked":"Machine Learning","floor":16},{"not_picked":["Defragment","Steam","Steam Power"],"picked":"Aggregate+1","floor":18},{"not_picked":["Leap","Steam","Storm"],"picked":"Conserve Battery+1","floor":19},{"not_picked":["Melter","Stack","Gash"],"picked":"Static Discharge+1","floor":21},{"not_picked":["Barrage","Gash","Hologram"],"picked":"Static Discharge","floor":22},{"not_picked":["Heatsinks","Skim","Consume"],"picked":"Capacitor","floor":27}],"player_experience":14410,"relics_obtained":[{"floor":5,"key":"Dream Catcher"},{"floor":7,"key":"Ornamental Fan"},{"floor":9,"key":"Question Card"},{"floor":10,"key":"Bottled Lightning"},{"floor":26,"key":"War Paint"}],"event_choices":[{"cards_removed":["Strike_B"],"damage_healed":0,"gold_gain":0,"player_choice":"Forget","damage_taken":0,"max_hp_gain":0,"max_hp_loss":0,"event_name":"Living Wall","floor":2,"gold_loss":0},{"damage_healed":0,"gold_gain":75,"player_choice":"Gather Gold","damage_taken":11,"max_hp_gain":0,"max_hp_loss":0,"event_name":"World of Goop","floor":4,"gold_loss":0},{"damage_healed":0,"gold_gain":0,"player_choice":"Obtained Relic","damage_taken":0,"relics_obtained":["Sundial"],"max_hp_gain":0,"max_hp_loss":0,"event_name":"Addict","floor":20,"gold_loss":85},{"cards_removed":["Zap"],"damage_healed":0,"gold_gain":0,"player_choice":"Gave Gold","damage_taken":0,"max_hp_gain":0,"max_hp_loss":0,"event_name":"Beggar","floor":24,"gold_loss":75}],"is_beta":false,"boss_relics":[{"not_picked":["Orrery","Tiny House"],"picked":"Coffee Dripper"}],"items_purged_floors":[14],"is_endless":false,"potions_floor_spawned":[3,7,16,21,22],"ascension_level":0}