{"gold_per_floor":[218,18,38,38,0,25,25,42,42,42,57,67,95,108,108,205,205,220,220,237,257,272,272],"floor_reached":23,"playtime":1853,"items_purged":[],"score":205,"play_id":"22e5b7ba-9e58-436d-8ca9-ae261e17a24a","local_time":"20190718185159","is_ascension_mode":false,"campfire_choices":[{"data":"Infernal Blade","floor":7,"key":"SMITH"},{"data":"Rampage","floor":15,"key":"SMITH"}],"neow_cost":"NONE","seed_source_timestamp":324922575402104,"circlet_count":0,"master_deck":["Strike_R","Strike_R","Strike_R","Defend_R","Defend_R","Defend_R","Defend_R","Bash","Infernal Blade+1","Clothesline","Flame Barrier","Spot Weakness","Rampage+1","Bloodletting","Offering","Spot Weakness","Spot Weakness+1","Seeing Red"],"relics":["Burning Blood","Toy Ornithopter","Paper Frog","Blood Vial","Pantograph","Calipers","Runic Pyramid"],"potions_floor_usage":[21,21,22,23],"damage_taken":[{"damage":6,"enemies":"Cultist","floor":1,"turns":3},{"damage":0,"enemies":"Small Slimes","floor":3,"turns":5},{"damage":27,"enemies":"Gremlin Nob","floor":6,"turns":4},{"damage":0,"enemies":"2 Louse","floor":8,"turns":3},{"damage":0,"enemies":"Looter","floor":11,"turns":3},{"damage":0,"enemies":"Red Slaver","floor":12,"turns":3},{"damage":24,"enemies":"3 Sentries","floor":13,"turns":10},{"damage":10,"enemies":"Exordium Wildlife","floor":14,"turns":5},{"damage":55,"enemies":"Slime Boss","floor":16,"turns":13},{"damage":22,"enemies":"3 Byrds","floor":18,"turns":3},{"damage":9,"enemies":"Chosen","floor":20,"turns":4},{"damage":25,"enemies":"Centurion and Healer","floor":21,"turns":6},{"damage":37,"enemies":"Sentry and Sphere","floor":22,"turns":5},{"damage":41,"enemies":"Book of Stabbing","floor":23,"turns":4}],"seed_played":"3263113734583372007","potions_obtained":[{"floor":8,"key":"Block Potion"},{"floor":13,"key":"Dexterity Potion"},{"floor":21,"key":"Weak Potion"},{"floor":22,"key":"Fire Potion"}],"is_trial":false,"path_per_floor":["M","$","M","?","?","E","R","M","T","?","M","M","E","M","R","B",null,"M","?","M","M","M","E"],"character_chosen":"IRONCLAD","items_purchased":["Toy Ornithopter"],"campfire_rested":0,"item_purchase_floors":[2],"current_hp_per_floor":[80,80,80,77,77,56,56,64,64,64,72,80,62,60,60,31,80,64,64,63,56,32,0],"gold":272,"neow_bonus":"HUNDRED_GOLD","is_prod":false,"is_daily":false,"chose_seed":false,"campfire_upgraded":2,"win_rate":0,"timestamp":1563490319,"path_taken":["M","$","M","?","?","E","R","M","T","?","M","M","E","M","R","BOSS","M","?","M","?","M","E"],"build_version":"2019-07-17","purchased_purges":0,"victory":false,"max_hp_per_floor":[80,80,80,80,80,80,80,80,80,80,80,80,80,80,80,80,80,80,80,80,80,80,80],"card_choices":[{"not_picked":["Havoc","Fire Breathing","Perfected Strike"],"picked":"SKIP","floor":1},{"not_picked":["Body Slam","Iron Wave"],"picked":"Infernal Blade","floor":3},{"not_picked":["Fire Breathing","Heavy Blade"],"picked":"Clothesline","floor":6},{"not_picked":["Rupture","Heavy Blade"],"picked":"Flame Barrier","floor":8},{"not_picked":["Heavy Blade","Body Slam","Dropkick"],"picked":"SKIP","floor":11},{"not_picked":["Twin Strike","Warcry"],"picked":"Spot Weakness","floor":12},{"not_picked":["Dual Wield","Pommel Strike"],"picked":"Rampage","floor":13},{"not_picked":["True Grit","Uppercut"],"picked":"Bloodletting","floor":14},{"not_picked":["Immolate","Feed"],"picked":"Offering","floor":16},{"not_picked":["Anger+1","Cleave","Havoc+1"],"picked":"SKIP","floor":18},{"not_picked":["Rupture","Sword Boomerang"],"picked":"Spot Weakness","floor":20},{"not_picked":["Searing Blow","Wild Strike"],"picked":"Spot Weakness+1","floor":21},{"not_picked":["Havoc","Heavy Blade"],"picked":"Seeing Red","floor":22}],"player_experience":32080,"relics_obtained":[{"floor":6,"key":"Blood Vial"},{"floor":9,"key":"Pantograph"},{"floor":13,"key":"Calipers"}],"event_choices":[{"damage_healed":0,"gold_gain":0,"player_choice":"Success","damage_taken":3,"relics_obtained":["Paper Frog"],"max_hp_gain":0,"max_hp_loss":0,"event_name":"Scrap Ooze","floor":4,"gold_loss":0},{"damage_healed":0,"gold_gain":0,"player_choice":"Left Gold","damage_taken":0,"max_hp_gain":0,"max_hp_loss":0,"event_name":"World of Goop","floor":5,"gold_loss":38},{"cards_removed":["Strike_R"],"damage_healed":0,"gold_gain":0,"player_choice":"Forget","damage_taken":0,"max_hp_gain":0,"max_hp_loss":0,"event_name":"Living Wall","floor":10,"gold_loss":0},{"cards_removed":["Strike_R"],"damage_healed":0,"gold_gain":0,"player_choice":"Purged","damage_taken":0,"max_hp_gain":0,"max_hp_loss":0,"event_name":"Purifier","floor":19,"gold_loss":0}],"is_beta":false,"boss_relics":[{"not_picked":["Sozu","Astrolabe"],"picked":"Runic Pyramid"}],"items_purged_floors":[],"is_endless":false,"potions_floor_spawned":[8,13,21,22],"killed_by":"Book of Stabbing","ascension_level":0}