{"gold_per_floor":[113,129,141,141,192,192,14,37,67,67,67,67,31,31,31,130,130,149,27,27,27,44,44,119,146,146,146,161,161],"floor_reached":29,"playtime":1290,"items_purged":["Strike_B"],"score":227,"play_id":"b52dbfe5-eaf8-4f8d-b32b-2aaaaabe83ed","local_time":"20190723134201","is_ascension_mode":false,"campfire_choices":[{"data":"Dualcast","floor":6,"key":"SMITH"},{"data":"Zap","floor":10,"key":"SMITH"},{"data":"Sunder","floor":12,"key":"SMITH"},{"data":"Machine Learning","floor":15,"key":"SMITH"},{"data":"Double Energy","floor":23,"key":"SMITH"},{"floor":27,"key":"REST"}],"neow_cost":"NONE","seed_source_timestamp":43237572176835,"circlet_count":0,"master_deck":["Defend_B","Defend_B","Defend_B","Defend_B","Zap+1","Dualcast+1","Ball Lightning","Melter","Sunder+1","Machine Learning+1","Steam","White Noise","Conserve Battery","Storm","Seek","Go for the Eyes","Redo","Conserve Battery","Chill","Coolheaded","Fission","Lockon","Darkness","Writhe","Capacitor","Steam","Double Energy+1","Stack","Sunder+1"],"relics":["White Beast Statue","Odd Mushroom","Tiny Chest","Letter Opener","Ancient Tea Set","Orrery","Du-Vu Doll","Ginger","Molten Egg 2"],"potions_floor_usage":[8,16,16,16,18,25,29],"damage_taken":[{"damage":6,"enemies":"Jaw Worm","floor":1,"turns":4},{"damage":7,"enemies":"Small Slimes","floor":2,"turns":3},{"damage":1,"enemies":"2 Louse","floor":3,"turns":2},{"damage":0,"enemies":"The Mushroom Lair","floor":8,"turns":2},{"damage":14,"enemies":"Hexaghost","floor":16,"turns":7},{"damage":14,"enemies":"2 Thieves","floor":18,"turns":4},{"damage":0,"enemies":"Chosen","floor":22,"turns":4},{"damage":32,"enemies":"Gremlin Leader","floor":25,"turns":7},{"damage":19,"enemies":"Snake Plant","floor":28,"turns":3},{"damage":44,"enemies":"Cultist and Chosen","floor":29,"turns":6}],"seed_played":"2984542293335448298","potions_obtained":[{"floor":1,"key":"FearPotion"},{"floor":2,"key":"SkillPotion"},{"floor":3,"key":"Regen Potion"},{"floor":8,"key":"SteroidPotion"},{"floor":16,"key":"SpeedPotion"},{"floor":18,"key":"GamblersBrew"},{"floor":22,"key":"Strength Potion"},{"floor":25,"key":"Energy Potion"},{"floor":28,"key":"Swift Potion"}],"is_trial":false,"path_per_floor":["M","M","M","?","?","R","$","?","T","R","T","R","$","?","R","B",null,"M","$","?","?","M","R","?","E","T","R","M","M"],"character_chosen":"DEFECT","items_purchased":["Steam","White Noise","Storm","Lockon","Darkness"],"campfire_rested":1,"item_purchase_floors":[7,7,13,19,19],"current_hp_per_floor":[69,62,61,61,61,61,61,66,66,66,66,66,66,59,59,45,75,61,61,61,61,61,61,54,22,22,44,25,0],"gold":161,"neow_bonus":"BOSS_RELIC","is_prod":false,"is_daily":false,"chose_seed":false,"campfire_upgraded":5,"win_rate":0,"timestamp":1563882121,"path_taken":["M","M","M","?","?","R","$","?","T","R","?","R","$","?","R","BOSS","M","$","?","?","M","R","?","E","T","R","?","M"],"build_version":"2019-07-05","purchased_purges":1,"victory":false,"max_hp_per_floor":[75,75,75,75,75,75,75,75,75,75,75,75,75,75,75,75,75,75,75,75,75,75,75,75,75,75,75,75,75],"card_choices":[{"not_picked":["Steam Power","Darkness"],"picked":"Ball Lightning","floor":1},{"not_picked":["Sweeping Beam","Turbo"],"picked":"Melter","floor":2},{"not_picked":["Barrage","Skim"],"picked":"Sunder","floor":3},{"not_picked":["Barrage","Force Field"],"picked":"Conserve Battery","floor":8},{"not_picked":["Buffer","All For One"],"picked":"Seek","floor":16},{"not_picked":["Coolheaded","Sweeping Beam"],"picked":"Go for the Eyes","floor":17},{"not_picked":["Rebound","Leap"],"picked":"Redo","floor":17},{"not_picked":["Redo","Hologram"],"picked":"Conserve Battery","floor":17},{"not_picked":["Sweeping Beam","Rebound"],"picked":"Chill","floor":17},{"not_picked":["Sunder","Leap"],"picked":"Coolheaded","floor":17},{"not_picked":["Stack","Chaos"],"picked":"Fission","floor":18},{"not_picked":["Steam","Gash"],"picked":"Double Energy","floor":22},{"not_picked":["Streamline","Fusion"],"picked":"Stack","floor":25},{"not_picked":["Stack","Gash+1"],"picked":"Sunder+1","floor":28}],"player_experience":90098,"relics_obtained":[{"floor":8,"key":"Odd Mushroom"},{"floor":9,"key":"Tiny Chest"},{"floor":11,"key":"Letter Opener"},{"floor":25,"key":"Ginger"},{"floor":26,"key":"Molten Egg 2"}],"event_choices":[{"damage_healed":0,"gold_gain":0,"cards_transformed":["Strike_B"],"player_choice":"Change","damage_taken":0,"max_hp_gain":0,"max_hp_loss":0,"event_name":"Living Wall","floor":4,"gold_loss":0,"cards_obtained":["Machine Learning"]},{"damage_healed":0,"gold_gain":51,"player_choice":"Gained Gold","damage_taken":0,"max_hp_gain":0,"max_hp_loss":0,"event_name":"Golden Wing","floor":5,"gold_loss":0},{"damage_healed":0,"gold_gain":0,"player_choice":"Fought Mushrooms","damage_taken":0,"max_hp_gain":0,"max_hp_loss":0,"event_name":"Mushrooms","floor":8,"gold_loss":0},{"damage_healed":0,"gold_gain":0,"player_choice":"Success","damage_taken":7,"relics_obtained":["Ancient Tea Set"],"max_hp_gain":0,"max_hp_loss":0,"event_name":"Scrap Ooze","floor":14,"gold_loss":0},{"damage_healed":0,"gold_gain":0,"player_choice":"Opened","damage_taken":0,"relics_obtained":["Du-Vu Doll"],"max_hp_gain":0,"max_hp_loss":0,"event_name":"The Mausoleum","floor":20,"gold_loss":0,"cards_obtained":["Writhe"]},{"damage_healed":0,"gold_gain":0,"cards_transformed":["Strike_B","Strike_B"],"player_choice":"Became Test Subject","damage_taken":0,"max_hp_gain":0,"max_hp_loss":0,"event_name":"Drug Dealer","floor":21,"gold_loss":0,"cards_obtained":["Capacitor","Steam"]},{"damage_healed":0,"gold_gain":75,"player_choice":"Touch","damage_taken":7,"max_hp_gain":0,"max_hp_loss":0,"event_name":"FaceTrader","floor":24,"gold_loss":0}],"is_beta":false,"boss_relics":[{"not_picked":["Black Star","Cursed Key"],"picked":"Orrery"}],"items_purged_floors":[7],"is_endless":false,"potions_floor_spawned":[1,2,3,8,16,18,22,25,28],"killed_by":"Cultist and Chosen","ascension_level":0}