{"gold_per_floor":[118,49,9,28,28,57,57,70,148,162,180,206,206,4,4,100,100,115,135,135,147,157,157,183,183,183,183,208,208,220,220,220,220],"floor_reached":33,"playtime":2469,"items_purged":[],"score":443,"play_id":"30962b19-e0a5-47e3-9f84-e167f4f6aacb","local_time":"20190706221714","is_ascension_mode":true,"campfire_choices":[{"floor":7,"key":"REST"},{"floor":15,"key":"REST"},{"floor":23,"key":"REST"},{"floor":25,"key":"REST"},{"floor":32,"key":"REST"}],"neow_cost":"PERCENT_DAMAGE","seed_source_timestamp":284789245636600,"circlet_count":0,"master_deck":["AscendersBane","Strike_R","Strike_R","Defend_R","Defend_R","Bash","Anger","Ghostly Armor","Clothesline","Rampage","Ghostly Armor","Shrug It Off","Cleave","Intimidate","Clothesline","Impervious","Uppercut","Shockwave","Flame Barrier","Whirlwind","Bludgeon","Armaments+1","Pommel Strike+1","Heavy Blade","Evolve+1"],"relics":["Burning Blood","Happy Flower","Dodecahedron","Sling","Snecko Eye","The Courier","Incense Burner","Frozen Egg 2","Toxic Egg 2","Regal Pillow","Nloth\u0027s Gift"],"potions_floor_usage":[12,12,16,19,28,30,30,33],"damage_taken":[{"damage":11,"enemies":"Cultist","floor":1,"turns":4},{"damage":7,"enemies":"Small Slimes","floor":4,"turns":4},{"damage":12,"enemies":"Lagavulin","floor":6,"turns":6},{"damage":3,"enemies":"2 Louse","floor":8,"turns":4},{"damage":10,"enemies":"Exordium Thugs","floor":10,"turns":6},{"damage":4,"enemies":"Large Slime","floor":11,"turns":6},{"damage":18,"enemies":"Gremlin Nob","floor":12,"turns":3},{"damage":69,"enemies":"The Guardian","floor":16,"turns":14},{"damage":14,"enemies":"Shell Parasite","floor":18,"turns":6},{"damage":9,"enemies":"3 Byrds","floor":19,"turns":3},{"damage":22,"enemies":"Centurion and Healer","floor":21,"turns":6},{"damage":14,"enemies":"Snake Plant","floor":22,"turns":6},{"damage":15,"enemies":"Gremlin Leader","floor":24,"turns":6},{"damage":28,"enemies":"Book of Stabbing","floor":28,"turns":4},{"damage":40,"enemies":"3 Cultists","floor":30,"turns":6},{"damage":63,"enemies":"Automaton","floor":33,"turns":10}],"seed_played":"4199828548706498063","potions_obtained":[{"floor":4,"key":"Swift Potion"},{"floor":6,"key":"PowerPotion"},{"floor":11,"key":"Explosive Potion"},{"floor":12,"key":"LiquidBronze"},{"floor":22,"key":"Energy Potion"},{"floor":24,"key":"Explosive Potion"},{"floor":28,"key":"Swift Potion"},{"floor":30,"key":"Strength Potion"}],"is_trial":false,"path_per_floor":["M","$","$","M","?","E","R","M","T","M","M","E","?","$","R","B",null,"M","M","?","M","M","R","E","R","T","T","E","?","M","?","R","B"],"character_chosen":"IRONCLAD","items_purchased":["Rampage","Ghostly Armor","Sling"],"campfire_rested":5,"item_purchase_floors":[2,3,14],"current_hp_per_floor":[46,46,46,45,45,39,63,66,66,62,64,52,52,52,76,13,63,55,52,52,36,28,52,43,67,67,67,45,45,11,11,50,0],"gold":220,"neow_bonus":"TRANSFORM_TWO_CARDS","is_prod":false,"is_daily":false,"chose_seed":false,"campfire_upgraded":0,"win_rate":0,"timestamp":1562447834,"path_taken":["M","?","$","M","?","E","R","M","T","?","M","E","?","$","R","BOSS","M","M","?","M","M","R","E","R","T","?","E","?","?","?","R","BOSS"],"build_version":"2019-07-05","purchased_purges":0,"victory":false,"max_hp_per_floor":[80,80,80,80,80,80,80,80,80,80,80,80,80,80,80,80,80,80,80,80,80,80,80,80,80,80,80,80,80,80,80,80,80],"card_choices":[{"not_picked":["Clash","Dropkick"],"picked":"Clothesline","floor":1},{"not_picked":["Heavy Blade","Dual Wield","Flex"],"picked":"SKIP","floor":4},{"not_picked":["Immolate","Armaments"],"picked":"Shrug It Off","floor":6},{"not_picked":["Clothesline","Berserk"],"picked":"Cleave","floor":8},{"not_picked":["Clothesline","Headbutt"],"picked":"Intimidate","floor":10},{"not_picked":["Perfected Strike","Wild Strike","True Grit"],"picked":"SKIP","floor":11},{"not_picked":["Rupture","Power Through"],"picked":"Clothesline","floor":12},{"not_picked":["Feed","Exhume"],"picked":"Impervious","floor":16},{"not_picked":["Heavy Blade+1","Armaments"],"picked":"Uppercut","floor":18},{"not_picked":["Dropkick","Flex"],"picked":"Shockwave","floor":19},{"not_picked":["Warcry","Cleave"],"picked":"Flame Barrier","floor":21},{"not_picked":["Body Slam","Clash+1"],"picked":"Whirlwind","floor":22},{"not_picked":["Clothesline","Evolve+1"],"picked":"Bludgeon","floor":24},{"not_picked":["Heavy Blade","Sword Boomerang"],"picked":"Armaments+1","floor":28},{"not_picked":["Havoc+1","Armaments+1"],"picked":"Pommel Strike+1","floor":30}],"player_experience":986926,"relics_obtained":[{"floor":6,"key":"Happy Flower"},{"floor":9,"key":"Dodecahedron"},{"floor":12,"key":"Centennial Puzzle"},{"floor":24,"key":"Incense Burner"},{"floor":26,"key":"Frozen Egg 2"},{"floor":27,"key":"Toxic Egg 2"},{"floor":28,"key":"Regal Pillow"}],"event_choices":[{"cards_removed":["Defend_R"],"damage_healed":0,"gold_gain":0,"player_choice":"Purged","damage_taken":0,"max_hp_gain":0,"max_hp_loss":0,"event_name":"Purifier","floor":5,"gold_loss":0},{"damage_healed":0,"gold_gain":0,"player_choice":"Bought 0 Potions","damage_taken":0,"max_hp_gain":0,"max_hp_loss":0,"event_name":"The Woman in Blue","floor":13,"gold_loss":0},{"damage_healed":0,"gold_gain":0,"player_choice":"Opened","damage_taken":0,"relics_obtained":["The Courier"],"max_hp_gain":0,"max_hp_loss":0,"event_name":"The Mausoleum","floor":20,"gold_loss":0},{"damage_healed":0,"gold_gain":0,"player_choice":"Traded Relic","damage_taken":0,"relics_obtained":["Nloth\u0027s Gift"],"max_hp_gain":0,"max_hp_loss":0,"event_name":"N\u0027loth","floor":29,"relics_lost":["Centennial Puzzle"],"gold_loss":0},{"damage_healed":0,"gold_gain":0,"cards_transformed":["Strike_R","Defend_R"],"player_choice":"Became Test Subject","damage_taken":0,"max_hp_gain":0,"max_hp_loss":0,"event_name":"Drug Dealer","floor":31,"gold_loss":0,"cards_obtained":["Heavy Blade","Evolve"]}],"is_beta":false,"boss_relics":[{"not_picked":["Busted Crown","Orrery"],"picked":"Snecko Eye"}],"items_purged_floors":[],"is_endless":false,"potions_floor_spawned":[4,6,11,12,22,24,28,30],"killed_by":"Automaton","ascension_level":10}