{"gold_per_floor":[13,25,25,25,25,25,37,55,55,29,204,221,239,259,259,363,363,381,431,449,229,75,75,92,106,106,137,137,137,160,160,160,263,263,278,84,97,97,117,117,134,134,134,146,156,6,23,23,23,23],"floor_reached":51,"playtime":4480,"items_purged":["Doubt","Defend_B","Strike_B","Strike_B"],"score":611,"play_id":"99aa53b0-add9-4fda-9ce6-5ffc4677a89f","local_time":"20190724031657","is_ascension_mode":false,"campfire_choices":[{"data":"Dualcast","floor":6,"key":"SMITH"},{"data":"1","floor":15,"key":"LIFT"},{"data":"2","floor":23,"key":"LIFT"},{"data":"3","floor":28,"key":"LIFT"},{"floor":32,"key":"REST"},{"data":"Defragment","floor":40,"key":"SMITH"},{"data":"Static Discharge","floor":42,"key":"SMITH"},{"data":"Doom and Gloom","floor":49,"key":"SMITH"}],"neow_cost":"NO_GOLD","seed_source_timestamp":109344680569200,"circlet_count":0,"master_deck":["Defend_B","Defend_B","Defend_B","Zap","Dualcast+1","Conserve Battery","Sweeping Beam","Double Energy+1","Beam Cell","Chill+1","Doom and Gloom+1","Fusion+1","Rainbow+1","FTL","Sunder+1","Hologram+1","Stack+1","Melter","Leap+1","Multi-Cast+1","Capacitor","Defragment+1","Seek+1","Static Discharge+1","Seek+1","Consume+1","Sunder","Compile Driver+1","Compile Driver","Steam+1","Beam Cell+1","Redo+1","Genetic Algorithm+1"],"relics":["Cracked Core","Girya","Unceasing Top","Matryoshka","Shuriken","Toxic Egg 2","Bag of Preparation","Question Card","Black Star","Regal Pillow","Happy Flower","Gambling Chip","Blood Vial","Eternal Feather","Mercury Hourglass"],"potions_floor_usage":[16,16,27,27,44,50],"damage_taken":[{"damage":0,"enemies":"Cultist","floor":1,"turns":3},{"damage":0,"enemies":"2 Louse","floor":2,"turns":2},{"damage":2,"enemies":"Jaw Worm","floor":7,"turns":4},{"damage":0,"enemies":"3 Louse","floor":8,"turns":3},{"damage":0,"enemies":"Exordium Thugs","floor":12,"turns":4},{"damage":2,"enemies":"2 Fungi Beasts","floor":13,"turns":3},{"damage":0,"enemies":"Blue Slaver","floor":14,"turns":2},{"damage":45,"enemies":"The Guardian","floor":16,"turns":10},{"damage":17,"enemies":"Spheric Guardian","floor":18,"turns":5},{"damage":0,"enemies":"Chosen","floor":20,"turns":4},{"damage":5,"enemies":"3 Cultists","floor":24,"turns":4},{"damage":11,"enemies":"Snake Plant","floor":25,"turns":3},{"damage":27,"enemies":"Gremlin Leader","floor":27,"turns":6},{"damage":16,"enemies":"Champ","floor":33,"turns":10},{"damage":2,"enemies":"3 Shapes","floor":35,"turns":3},{"damage":0,"enemies":"Orb Walker","floor":37,"turns":3},{"damage":0,"enemies":"3 Darklings","floor":39,"turns":5},{"damage":14,"enemies":"Writhing Mass","floor":41,"turns":4},{"damage":9,"enemies":"Transient","floor":44,"turns":5},{"damage":29,"enemies":"4 Shapes","floor":45,"turns":5},{"damage":22,"enemies":"Sphere and 2 Shapes","floor":47,"turns":4},{"damage":75,"enemies":"Time Eater","floor":50,"turns":9}],"seed_played":"-8359025177163461748","potions_obtained":[{"floor":2,"key":"FairyPotion"},{"floor":8,"key":"FearPotion"},{"floor":14,"key":"Block Potion"},{"floor":18,"key":"PowerPotion"},{"floor":25,"key":"Strength Potion"},{"floor":33,"key":"SkillPotion"},{"floor":35,"key":"SpeedPotion"},{"floor":37,"key":"Regen Potion"},{"floor":39,"key":"EntropicBrew"},{"floor":45,"key":"FocusPotion"}],"is_trial":false,"path_per_floor":["T","?","T","?","?","$","?","T","?","?","M","?"],"character_chosen":"DEFECT","items_purchased":["Turbo+1","Hologram+1","Stack+1","Melter","Leap+1","Sunder"],"campfire_rested":1,"item_purchase_floors":[10,21,21,21,22,36],"current_hp_per_floor":[75,75,75,63,63,63,61,61,61,61,61,61,59,59,59,14,75,58,58,58,58,58,58,53,42,42,15,15,40,40,40,75,59,75,73,73,75,75,75,75,61,75,75,66,39,39,19,66,66,6],"gold":23,"neow_bonus":"ONE_RARE_RELIC","is_prod":false,"is_daily":false,"chose_seed":false,"campfire_upgraded":4,"win_rate":0.0,"timestamp":1563952617,"path_taken":["M","M","?","?","?","R","M","M","T","$","?","M","M","M","R","BOSS","M","?","M","?","$","R","M","M","T","E","R","?","?","?","R","BOSS","M","$","M","?","?","R","M","R","T","M","M","$","M","?","R","BOSS"],"build_version":"2019-01-23","purchased_purges":4,"victory":true,"max_hp_per_floor":[75,75,75,75,75,75,75,75,75,75,75,75,75,75,75,75,75,75,75,75,75,75,75,75,75,75,75,75,75,75,75,75,75,75,75,75,75,75,75,75,75,75,75,75,75,75,75,66,66,66],"card_choices":[{"not_picked":["Barrage","Rebound"],"picked":"Conserve Battery","floor":1},{"not_picked":["Stack","Thunder Strike"],"picked":"Sweeping Beam","floor":2},{"not_picked":["White Noise+1","Defragment"],"picked":"Double Energy+1","floor":7},{"not_picked":["Coolheaded+1","Steam+1"],"picked":"Beam Cell","floor":8},{"not_picked":["Ball Lightning","Turbo+1","Redo+1"],"picked":"Chill+1","floor":12},{"not_picked":["Coolheaded+1","Aggregate+1","Steam Power+1"],"picked":"Doom and Gloom","floor":13},{"not_picked":["Compile Driver","Reinforced Body+1","Leap+1"],"picked":"Fusion+1","floor":14},{"not_picked":["Buffer","Thunder Strike","Creative AI"],"picked":"Rainbow+1","floor":16},{"not_picked":["Turbo+1","Sweeping Beam","Compile Driver"],"picked":"FTL","floor":18},{"not_picked":["Hologram+1","Gash+1","Heatsinks"],"picked":"Sunder+1","floor":20},{"not_picked":["Go for the Eyes","Compile Driver","Hologram+1"],"picked":"Multi-Cast+1","floor":24},{"not_picked":["Streamline+1","Gash","Coolheaded+1"],"picked":"Capacitor","floor":25},{"not_picked":["Coolheaded+1","Ball Lightning+1","Storm"],"picked":"Defragment","floor":27},{"not_picked":["Reboot+1","Machine Learning","All For One"],"picked":"Seek+1","floor":33},{"not_picked":["Conserve Battery+1","Stack+1","Ball Lightning"],"picked":"Consume+1","floor":35},{"not_picked":["Go for the Eyes","Rip and Tear","Steam+1"],"picked":"Compile Driver+1","floor":37},{"not_picked":["Sweeping Beam","Fusion+1","Ball Lightning+1"],"picked":"Compile Driver","floor":39},{"not_picked":["Go for the Eyes","All For One","Redo+1"],"picked":"Steam+1","floor":41},{"not_picked":["Defragment+1","Loop","Rip and Tear+1"],"picked":"Beam Cell+1","floor":44},{"not_picked":["Hello World","Cold Snap+1","Stack+1"],"picked":"Redo+1","floor":45},{"not_picked":["Coolheaded+1","Reboot+1","Melter+1"],"picked":"Genetic Algorithm+1","floor":47}],"player_experience":111320,"relics_obtained":[{"floor":3,"key":"Unceasing Top"},{"floor":5,"key":"Shuriken"},{"floor":5,"key":"Toxic Egg 2"},{"floor":9,"key":"Bag of Preparation"},{"floor":9,"key":"Question Card"},{"floor":26,"key":"Regal Pillow"},{"floor":27,"key":"Happy Flower"},{"floor":27,"key":"Gambling Chip"},{"floor":30,"key":"Blood Vial"},{"floor":43,"key":"Mercury Hourglass"}],"event_choices":[{"damage_healed":0,"gold_gain":0,"player_choice":"Success","damage_taken":12,"relics_obtained":["Matryoshka"],"max_hp_gain":0,"max_hp_loss":0,"event_name":"Scrap Ooze","floor":4,"gold_loss":0},{"damage_healed":0,"gold_gain":175,"player_choice":"AGREE","damage_taken":0,"max_hp_gain":0,"max_hp_loss":0,"event_name":"Liars Game","floor":11,"gold_loss":0,"cards_obtained":["Doubt"]},{"damage_healed":0,"gold_gain":100,"player_choice":"Bet on Murderer","damage_taken":0,"max_hp_gain":0,"max_hp_loss":0,"event_name":"The Joust","floor":19,"gold_loss":50},{"damage_healed":25,"gold_gain":0,"player_choice":"Heal","damage_taken":0,"max_hp_gain":0,"max_hp_loss":0,"event_name":"The Library","floor":29,"gold_loss":0},{"damage_healed":0,"gold_gain":0,"cards_transformed":["Strike_B","Strike_B"],"player_choice":"Became Test Subject","damage_taken":0,"max_hp_gain":0,"max_hp_loss":0,"event_name":"Drug Dealer","floor":31,"gold_loss":0,"cards_obtained":["Seek","Static Discharge"]},{"cards_removed":["Turbo"],"damage_healed":5,"gold_gain":0,"player_choice":"Offered Common","damage_taken":0,"max_hp_gain":0,"max_hp_loss":0,"event_name":"Bonfire Elementals","floor":38,"gold_loss":0},{"cards_removed":["Turbo"],"damage_healed":5,"gold_gain":0,"player_choice":"Offered Special","damage_taken":0,"max_hp_gain":0,"max_hp_loss":0,"event_name":"Bonfire Elementals","floor":38,"gold_loss":0},{"damage_healed":66,"gold_gain":0,"player_choice":"Heal","damage_taken":0,"max_hp_gain":0,"max_hp_loss":9,"event_name":"The Moai Head","floor":48,"gold_loss":0}],"is_beta":false,"boss_relics":[{"not_picked":["Busted Crown","Runic Dome"],"picked":"Black Star"},{"not_picked":["Coffee Dripper","Orrery"],"picked":"Eternal Feather"}],"items_purged_floors":[21,22,36,46],"is_endless":false,"potions_floor_spawned":[2,8,14,18,25,33,35,37,39,41,45],"ascension_level":0}