{"gold_per_floor":[115,115,115,129,143,172,192,208,277,377,387,387,114,132,132,228,228,246,263,12,23,23,23,39,65,65,65,80,90,90,100,100,199,199,214,230,230,243,254,254,62,74,97,129,148,69,85,85,85,85],"floor_reached":50,"playtime":8500,"items_purged":["Strike_R","Strike_R","Strike_R"],"score":527,"play_id":"da29bca9-59fa-4dc0-901e-fa1d145bfccd","local_time":"20190720041943","is_ascension_mode":false,"campfire_choices":[{"floor":12,"key":"REST"},{"floor":15,"key":"REST"},{"floor":23,"key":"REST"},{"floor":30,"key":"REST"},{"data":"Metallicize","floor":32,"key":"SMITH"},{"data":"Bash","floor":40,"key":"SMITH"},{"floor":49,"key":"REST"}],"neow_cost":"","seed_source_timestamp":377203998474500,"circlet_count":0,"master_deck":["Strike_R","Strike_R","Defend_R","Defend_R","Defend_R","Defend_R","Bash+1","Perfected Strike","Clothesline+1","Metallicize+1","Juggernaut+1","Twin Strike+1","Pommel Strike+1","Body Slam+1","Mind Blast+1","Feel No Pain+1","Whirlwind+1","Anger+1","Bludgeon+1","Metallicize+1","Body Slam+1","Inflame+1","Flame Barrier","Cleave+1","Metallicize+1","True Grit","Cleave+1","Iron Wave+1","Bloodletting+1","Demon Form+1","Bludgeon+1","Thunderclap+1","Iron Wave+1","Juggernaut+1","Clash+1","Sword Boomerang+1","Dropkick+1","Combust+1","Fire Breathing+1","Cleave+1","Inflame+1","Rupture+1"],"relics":["Black Blood","Molten Egg 2","Frozen Egg 2","Mummified Hand","Ornamental Fan","Lantern","Self Forming Clay","Velvet Choker","Regal Pillow","Pocketwatch"],"potions_floor_usage":[4,11,19,33,33,50,50],"damage_taken":[{"damage":12,"enemies":"Cultist","floor":1,"turns":5},{"damage":3,"enemies":"Jaw Worm","floor":4,"turns":4},{"damage":7,"enemies":"Small Slimes","floor":5,"turns":4},{"damage":28,"enemies":"3 Sentries","floor":6,"turns":11},{"damage":10,"enemies":"Red Slaver","floor":7,"turns":5},{"damage":20,"enemies":"Large Slime","floor":8,"turns":5},{"damage":15,"enemies":"Exordium Thugs","floor":11,"turns":3},{"damage":8,"enemies":"Red Slaver","floor":14,"turns":2},{"damage":35,"enemies":"The Guardian","floor":16,"turns":9},{"damage":11,"enemies":"Shell Parasite","floor":18,"turns":4},{"damage":17,"enemies":"3 Byrds","floor":19,"turns":6},{"damage":30,"enemies":"3 Cultists","floor":21,"turns":5},{"damage":15,"enemies":"Shelled Parasite and Fungi","floor":24,"turns":4},{"damage":31,"enemies":"Slavers","floor":25,"turns":4},{"damage":20,"enemies":"Centurion and Healer","floor":28,"turns":4},{"damage":2,"enemies":"Sentry and Sphere","floor":29,"turns":3},{"damage":3,"enemies":"Cultist and Chosen","floor":31,"turns":4},{"damage":8,"enemies":"Champ","floor":33,"turns":7},{"damage":11,"enemies":"Orb Walker","floor":35,"turns":3},{"damage":13,"enemies":"3 Darklings","floor":36,"turns":4},{"damage":25,"enemies":"Spire Growth","floor":38,"turns":4},{"damage":20,"enemies":"Sphere and 2 Shapes","floor":39,"turns":4},{"damage":19,"enemies":"Transient","floor":42,"turns":5},{"damage":37,"enemies":"Reptomancer","floor":44,"turns":5},{"damage":3,"enemies":"4 Shapes","floor":45,"turns":4},{"damage":4,"enemies":"Maw","floor":47,"turns":5},{"damage":74,"enemies":"Awakened One","floor":50,"turns":6}],"seed_played":"239023822088758142","potions_obtained":[{"floor":1,"key":"GamblersBrew"},{"floor":3,"key":"Explosive Potion"},{"floor":3,"key":"Weak Potion"},{"floor":8,"key":"Fruit Juice"},{"floor":16,"key":"Fire Potion"},{"floor":18,"key":"Dexterity Potion"},{"floor":21,"key":"Ancient Potion"},{"floor":24,"key":"EssenceOfSteel"},{"floor":33,"key":"AttackPotion"},{"floor":38,"key":"GamblersBrew"},{"floor":42,"key":"Swift Potion"}],"is_trial":false,"path_per_floor":["T","?","M","?","?","?","M","?","M","$","M"],"character_chosen":"IRONCLAD","items_purchased":["Mind Blast+1","Feel No Pain+1","Whirlwind+1","Inflame+1","Flame Barrier","Cleave+1","Dropkick+1","Inflame+1"],"campfire_rested":5,"item_purchase_floors":[13,13,13,20,20,20,41,46],"current_hp_per_floor":[74,74,74,77,76,54,50,36,36,36,32,57,57,55,80,51,85,84,77,77,57,57,82,77,56,56,56,46,54,79,85,85,85,85,84,81,81,66,56,56,56,47,47,20,27,27,33,33,73,0],"gold":85,"neow_bonus":"","is_prod":false,"is_daily":false,"chose_seed":false,"campfire_upgraded":2,"win_rate":0.0,"timestamp":1563610783,"path_taken":["M","?","?","M","M","E","M","?","T","?","M","R","$","M","R","BOSS","M","M","$","M","?","R","M","E","T","?","M","M","R","?","R","BOSS","M","M","?","?","M","R","?","M","T","E","M","$","?","$","R","BOSS"],"build_version":"2019-01-23","purchased_purges":3,"victory":false,"max_hp_per_floor":[80,80,80,80,80,80,80,80,80,80,85,85,85,85,85,85,85,85,85,85,85,85,85,85,85,85,85,85,85,85,85,85,85,85,85,85,85,85,85,85,85,85,85,85,85,85,85,85,85,85],"card_choices":[{"not_picked":["Battle Trance","Reckless Charge"],"picked":"Perfected Strike","floor":1},{"not_picked":["Armaments","Pommel Strike+1"],"picked":"Clothesline+1","floor":4},{"not_picked":["Sever Soul+1","Armaments"],"picked":"Metallicize","floor":5},{"not_picked":["Anger+1","Ghostly Armor"],"picked":"Juggernaut","floor":6},{"not_picked":["Perfected Strike+1","Ghostly Armor"],"picked":"Twin Strike+1","floor":7},{"not_picked":["Warcry","Shockwave"],"picked":"Pommel Strike+1","floor":8},{"not_picked":["Warcry","Flex"],"picked":"Body Slam+1","floor":11},{"not_picked":["Pummel+1","Power Through"],"picked":"Anger+1","floor":14},{"not_picked":["Offering","Brutality+1"],"picked":"Bludgeon+1","floor":16},{"not_picked":["Shrug It Off","Battle Trance"],"picked":"Metallicize+1","floor":18},{"not_picked":["Shrug It Off","Infernal Blade"],"picked":"Body Slam+1","floor":19},{"not_picked":["Combust+1","Anger+1"],"picked":"Metallicize+1","floor":21},{"not_picked":["Burning Pact+1","Power Through"],"picked":"True Grit","floor":24},{"not_picked":["Clash+1","Sever Soul+1"],"picked":"Cleave+1","floor":25},{"not_picked":["Uppercut+1","Headbutt+1"],"picked":"Iron Wave+1","floor":28},{"not_picked":["Rampage+1","Anger+1"],"picked":"Bloodletting+1","floor":29},{"not_picked":["Iron Wave+1","Entrench"],"picked":"Demon Form+1","floor":31},{"not_picked":["Berserk+1","Fiend Fire+1"],"picked":"Bludgeon+1","floor":33},{"not_picked":["Second Wind","Headbutt+1"],"picked":"Thunderclap+1","floor":35},{"not_picked":["Twin Strike+1","True Grit+1"],"picked":"Iron Wave+1","floor":36},{"not_picked":["Uppercut+1","Flex"],"picked":"Clash+1","floor":38},{"not_picked":["Feel No Pain+1","Battle Trance+1"],"picked":"Sword Boomerang+1","floor":39},{"not_picked":["Anger+1","Iron Wave+1"],"picked":"Combust+1","floor":42},{"not_picked":["Shrug It Off+1","Dark Embrace+1"],"picked":"Fire Breathing+1","floor":44},{"not_picked":["Armaments+1","Perfected Strike+1"],"picked":"Cleave+1","floor":45},{"not_picked":["Whirlwind+1","Anger+1"],"picked":"Rupture+1","floor":47}],"player_experience":0,"relics_obtained":[{"floor":2,"key":"Molten Egg 2"},{"floor":6,"key":"Frozen Egg 2"},{"floor":9,"key":"Mummified Hand"},{"floor":25,"key":"Lantern"},{"floor":26,"key":"Self Forming Clay"},{"floor":43,"key":"Regal Pillow"},{"floor":44,"key":"Pocketwatch"}],"event_choices":[{"damage_healed":0,"gold_gain":0,"player_choice":"Got Potions","damage_taken":0,"max_hp_gain":0,"max_hp_loss":0,"event_name":"Lab","floor":3,"gold_loss":0},{"damage_healed":0,"gold_gain":100,"player_choice":"Pray","damage_taken":0,"max_hp_gain":0,"max_hp_loss":0,"event_name":"Golden Shrine","floor":10,"gold_loss":0},{"damage_healed":0,"gold_gain":0,"player_choice":"Opened","damage_taken":0,"relics_obtained":["Ornamental Fan"],"max_hp_gain":0,"max_hp_loss":0,"event_name":"The Mausoleum","floor":22,"gold_loss":0},{"damage_healed":0,"gold_gain":0,"player_choice":"Ignored","damage_taken":0,"max_hp_gain":0,"max_hp_loss":0,"event_name":"Ghosts","floor":27,"gold_loss":0},{"damage_healed":0,"gold_gain":0,"player_choice":"Copied","damage_taken":0,"max_hp_gain":0,"max_hp_loss":0,"event_name":"Duplicator","floor":37,"gold_loss":0,"cards_obtained":["Juggernaut"]}],"is_beta":false,"boss_relics":[{"not_picked":["Orrery","Ectoplasm"],"picked":"Black Blood"},{"not_picked":["Eternal Feather","Runic Cube"],"picked":"Velvet Choker"}],"items_purged_floors":[13,20,41],"is_endless":false,"potions_floor_spawned":[1,8,11,16,18,21,24,33,38,42,44,45],"killed_by":"Awakened One","ascension_level":0}