{"gold_per_floor":[361,361,361,375,390,390,429,429,429,444,459,479,493,507,507,632,632,617,617,617,617,640,640,671,671,671,699,729,287,287,303,303,303],"floor_reached":33,"playtime":2683,"items_purged":["Bite"],"score":296,"play_id":"93adc2da-a760-48a1-bc62-0c8c18d7b32c","local_time":"20190709085358","is_ascension_mode":false,"campfire_choices":[{"data":"Whirlwind","floor":6,"key":"SMITH"},{"floor":8,"key":"REST"},{"data":"Juggernaut","floor":15,"key":"SMITH"},{"floor":23,"key":"REST"},{"floor":25,"key":"REST"},{"floor":30,"key":"REST"},{"floor":32,"key":"REST"}],"neow_cost":"TEN_PERCENT_HP_LOSS","seed_source_timestamp":57455302951614,"circlet_count":0,"master_deck":["Defend_R","Defend_R","Defend_R","Defend_R","Bash","Whirlwind+1","Iron Wave","Shrug It Off","Juggernaut+1","Inflame","Pommel Strike","True Grit+1","True Grit+1","Shockwave+1","Bite","Bite","Bite","Bite","RitualDagger","Body Slam","Rage+1","Exhume+1","Sentinel+1","Forethought+1","Armaments+1","Body Slam","Ghostly Armor+1"],"relics":["Burning Blood","Golden Idol","Matryoshka","Toxic Egg 2","Question Card","Runic Pyramid","Happy Flower","MawBank","Dream Catcher","Bottled Lightning"],"potions_floor_usage":[7,18,28,33],"damage_taken":[{"damage":5,"enemies":"Small Slimes","floor":1,"turns":5},{"damage":0,"enemies":"2 Louse","floor":4,"turns":1},{"damage":6,"enemies":"Jaw Worm","floor":5,"turns":4},{"damage":30,"enemies":"Lagavulin","floor":7,"turns":6},{"damage":9,"enemies":"Blue Slaver","floor":10,"turns":3},{"damage":6,"enemies":"2 Fungi Beasts","floor":11,"turns":2},{"damage":10,"enemies":"Looter","floor":12,"turns":2},{"damage":5,"enemies":"Lots of Slimes","floor":13,"turns":2},{"damage":0,"enemies":"2 Fungi Beasts","floor":14,"turns":2},{"damage":12,"enemies":"The Guardian","floor":16,"turns":12},{"damage":27,"enemies":"2 Thieves","floor":18,"turns":4},{"damage":30,"enemies":"Chosen","floor":22,"turns":5},{"damage":40,"enemies":"Book of Stabbing","floor":24,"turns":8},{"damage":22,"enemies":"3 Cultists","floor":27,"turns":5},{"damage":9,"enemies":"Snake Plant","floor":28,"turns":4},{"damage":11,"enemies":"Shelled Parasite and Fungi","floor":31,"turns":6},{"damage":47,"enemies":"Champ","floor":33,"turns":8}],"seed_played":"5062936068245602452","potions_obtained":[{"floor":1,"key":"Weak Potion"},{"floor":7,"key":"Swift Potion"},{"floor":14,"key":"Block Potion"},{"floor":28,"key":"Swift Potion"}],"is_trial":false,"path_per_floor":["M","?","?","M","M","R","E","R","T","M","M","M","M","M","R","B",null,"M","?","?","?","M","R","E","R","T","M","M","$","R","M","R","B"],"character_chosen":"IRONCLAD","items_purchased":["Forethought+1","Armaments+1","Bottled Lightning"],"campfire_rested":5,"item_purchase_floors":[29,29,29],"current_hp_per_floor":[72,72,67,67,67,67,43,63,63,60,60,56,57,63,63,57,67,46,46,40,40,26,39,11,24,24,12,9,9,22,23,36,0],"gold":303,"neow_bonus":"TWO_FIFTY_GOLD","is_prod":false,"is_daily":false,"chose_seed":false,"campfire_upgraded":2,"win_rate":0.0,"timestamp":1562680438,"path_taken":["M","?","?","M","M","R","E","R","T","M","M","M","M","M","R","BOSS","M","?","?","?","M","R","E","R","T","M","M","$","R","M","R","BOSS"],"build_version":"2019-07-05","purchased_purges":1,"victory":false,"max_hp_per_floor":[72,72,67,67,67,67,67,67,67,67,67,67,67,67,67,67,67,67,46,46,46,46,46,46,46,46,46,46,46,46,46,46,46],"card_choices":[{"not_picked":["Uppercut","Perfected Strike"],"picked":"Whirlwind","floor":1},{"not_picked":["Warcry","Perfected Strike"],"picked":"Iron Wave","floor":4},{"not_picked":["Twin Strike","Havoc","Flex"],"picked":"SKIP","floor":5},{"not_picked":["Anger","Heavy Blade"],"picked":"Shrug It Off","floor":7},{"not_picked":["Spot Weakness+1","Headbutt","Intimidate+1"],"picked":"Juggernaut","floor":10},{"not_picked":["Headbutt","Wild Strike","Warcry+1"],"picked":"Inflame","floor":11},{"not_picked":["Blood for Blood","Thunderclap","Rampage"],"picked":"Pommel Strike","floor":12},{"not_picked":["Fire Breathing","Sentinel+1","Twin Strike"],"picked":"True Grit+1","floor":13},{"not_picked":["Headbutt","Reckless Charge","Anger"],"picked":"True Grit+1","floor":14},{"not_picked":["Corruption","True Grit+1","Whirlwind+1"],"picked":"Shockwave+1","floor":18},{"not_picked":["Clash","Rage+1","Shrug It Off+1"],"picked":"Body Slam","floor":22},{"not_picked":["Sword Boomerang","Feel No Pain","Clash"],"picked":"Rage+1","floor":24},{"not_picked":["Cleave","Iron Wave","Perfected Strike"],"picked":"Exhume+1","floor":27},{"not_picked":["Heavy Blade","Metallicize","Wild Strike"],"picked":"Sentinel+1","floor":28},{"not_picked":["Clash","Shrug It Off+1","Intimidate+1"],"picked":"Body Slam","floor":30},{"not_picked":["Thunderclap+1","Limit Break+1","Metallicize"],"picked":"Ghostly Armor+1","floor":31}],"player_experience":46783,"relics_obtained":[{"floor":7,"key":"Matryoshka"},{"floor":9,"key":"Toxic Egg 2"},{"floor":9,"key":"Question Card"},{"floor":24,"key":"Happy Flower"},{"floor":26,"key":"MawBank"},{"floor":26,"key":"Dream Catcher"}],"event_choices":[{"cards_removed":["Strike_R"],"damage_healed":0,"gold_gain":0,"player_choice":"Forget","damage_taken":0,"max_hp_gain":0,"max_hp_loss":0,"event_name":"Living Wall","floor":2,"gold_loss":0},{"damage_healed":0,"gold_gain":0,"player_choice":"Lose Max HP","damage_taken":0,"relics_obtained":["Golden Idol"],"max_hp_gain":0,"max_hp_loss":5,"event_name":"Golden Idol","floor":3,"gold_loss":0},{"damage_healed":0,"gold_gain":0,"player_choice":"Became a vampire","damage_taken":0,"max_hp_gain":0,"max_hp_loss":21,"event_name":"Vampires","floor":19,"gold_loss":0,"cards_obtained":["Bite","Bite","Bite","Bite","Bite"]},{"damage_healed":0,"gold_gain":0,"player_choice":"Joined the Cult","damage_taken":6,"max_hp_gain":0,"max_hp_loss":0,"event_name":"Nest","floor":20,"gold_loss":0,"cards_obtained":["RitualDagger"]},{"damage_healed":0,"gold_gain":0,"player_choice":"Ignored","damage_taken":0,"max_hp_gain":0,"max_hp_loss":0,"event_name":"Ghosts","floor":21,"gold_loss":0}],"is_beta":false,"boss_relics":[{"not_picked":["Cursed Key","Ectoplasm"],"picked":"Runic Pyramid"}],"items_purged_floors":[29],"is_endless":false,"potions_floor_spawned":[1,7,14,28],"killed_by":"Champ","ascension_level":0}