{"gold_per_floor":[109,184,55,55,55,55,80,80,80,96,111,126,137,148,148,245,245,185,204,294,142,442,442,455,455,455,455,455,472,488,38,38,38],"floor_reached":33,"playtime":2589,"items_purged":["Decay","Normality"],"score":294,"play_id":"dcc7153b-4e35-4c59-8a22-292b0b4ba5a5","local_time":"20190622115205","is_ascension_mode":true,"campfire_choices":[{"data":"Iron Wave","floor":6,"key":"SMITH"},{"floor":8,"key":"REST"},{"floor":15,"key":"REST"},{"floor":23,"key":"REST"},{"floor":25,"key":"REST"},{"data":"Flame Barrier","floor":27,"key":"SMITH"},{"floor":32,"key":"REST"}],"neow_cost":"NONE","seed_source_timestamp":183215698034300,"circlet_count":0,"master_deck":["Strike_R","Strike_R","Strike_R","Defend_R","Defend_R","Defend_R","Defend_R","Bash","Iron Wave+1","Flash of Steel","Anger","Flame Barrier+1","Cleave","Shockwave","Spot Weakness","Ghostly Armor","Armaments","Fire Breathing","Reaper","Clumsy","Sword Boomerang+1","Shrug It Off","Dramatic Entrance","Finesse","Carnage","Pummel","Whirlwind","Burning Pact","Seeing Red+1","Feel No Pain","Sentinel","Flash of Steel"],"relics":["Burning Blood","Bottled Lightning","Unceasing Top","Champion Belt","Calling Bell","Vajra","Kunai","Ginger","Old Coin","Anchor","Art of War"],"potions_floor_usage":[11,12,16,24],"damage_taken":[{"damage":11,"enemies":"Jaw Worm","floor":1,"turns":6},{"damage":57,"enemies":"Lagavulin","floor":7,"turns":10},{"damage":0,"enemies":"2 Louse","floor":10,"turns":2},{"damage":0,"enemies":"Cultist","floor":11,"turns":2},{"damage":3,"enemies":"Gremlin Gang","floor":12,"turns":4},{"damage":24,"enemies":"Large Slime","floor":13,"turns":6},{"damage":8,"enemies":"Lots of Slimes","floor":14,"turns":3},{"damage":61,"enemies":"Hexaghost","floor":16,"turns":9},{"damage":19,"enemies":"2 Thieves","floor":18,"turns":4},{"damage":13,"enemies":"Spheric Guardian","floor":19,"turns":4},{"damage":19,"enemies":"Snecko","floor":24,"turns":6},{"damage":31,"enemies":"Chosen and Byrds","floor":29,"turns":5},{"damage":31,"enemies":"Shelled Parasite and Fungi","floor":30,"turns":3},{"damage":67,"enemies":"Champ","floor":33,"turns":15}],"seed_played":"8351372915653337591","potions_obtained":[{"floor":10,"key":"Fire Potion"},{"floor":11,"key":"BloodPotion"},{"floor":14,"key":"PowerPotion"},{"floor":19,"key":"PowerPotion"}],"is_trial":false,"path_per_floor":["M","?","$","?","T","R","E","R","T","M","M","M","M","M","R","B",null,"M","M","?","$","T","R","M","R","T","R","?","M","M","$","R","B"],"character_chosen":"IRONCLAD","items_purchased":["Flash of Steel","Anger","Carnage","Feel No Pain","Art of War","Sentinel","Flash of Steel"],"campfire_rested":5,"item_purchase_floors":[3,3,21,31,31,31,31],"current_hp_per_floor":[83,72,72,72,72,72,21,47,47,53,59,70,52,50,76,21,88,78,71,39,39,39,65,52,78,78,78,78,58,33,33,59,0],"gold":38,"neow_bonus":"TEN_PERCENT_HP_BONUS","is_prod":false,"is_daily":false,"chose_seed":false,"campfire_upgraded":2,"win_rate":0,"timestamp":1561200725,"path_taken":["M","?","$","?","?","R","E","R","T","M","M","M","M","M","R","BOSS","M","M","?","$","?","R","?","R","T","R","?","M","?","$","R","BOSS"],"build_version":"2019-01-23","purchased_purges":2,"victory":false,"max_hp_per_floor":[88,88,88,88,88,88,88,88,88,88,88,88,88,88,88,88,88,88,88,88,88,88,88,88,88,88,88,88,88,88,88,88,88],"card_choices":[{"not_picked":["True Grit","Armaments"],"picked":"Iron Wave","floor":1},{"not_picked":["Havoc","Warcry"],"picked":"Cleave","floor":7},{"not_picked":["Dual Wield","Evolve"],"picked":"Shockwave","floor":10},{"not_picked":["Pommel Strike","Clothesline"],"picked":"Spot Weakness","floor":11},{"not_picked":["Seeing Red","Juggernaut"],"picked":"Ghostly Armor","floor":12},{"not_picked":["Rage","Pommel Strike"],"picked":"Armaments","floor":13},{"not_picked":["Clothesline","Flex"],"picked":"Fire Breathing","floor":14},{"not_picked":["Exhume","Immolate"],"picked":"Reaper","floor":16},{"not_picked":["Havoc","Perfected Strike+1"],"picked":"Sword Boomerang+1","floor":18},{"not_picked":["Wild Strike+1","True Grit"],"picked":"Shrug It Off","floor":19},{"not_picked":["Twin Strike","Rage"],"picked":"Pummel","floor":24},{"not_picked":["Bludgeon","Ghostly Armor+1"],"picked":"Burning Pact","floor":29},{"not_picked":["Armaments","Shrug It Off"],"picked":"Seeing Red+1","floor":30}],"player_experience":820090,"relics_obtained":[{"floor":5,"key":"Bottled Lightning"},{"floor":7,"key":"Unceasing Top"},{"floor":9,"key":"Champion Belt"},{"floor":17,"key":"Vajra"},{"floor":17,"key":"Kunai"},{"floor":17,"key":"Ginger"},{"floor":22,"key":"Old Coin"},{"floor":26,"key":"Anchor"}],"event_choices":[{"damage_healed":0,"gold_gain":75,"player_choice":"Gather Gold","damage_taken":11,"max_hp_gain":0,"max_hp_loss":0,"event_name":"World of Goop","floor":2,"gold_loss":0},{"damage_healed":0,"gold_gain":0,"cards_transformed":["Strike_R"],"player_choice":"Change","damage_taken":0,"max_hp_gain":0,"max_hp_loss":0,"event_name":"Living Wall","floor":4,"gold_loss":0,"cards_obtained":["Flame Barrier"]},{"damage_healed":0,"gold_gain":90,"player_choice":"CARD GOLD CARD ","damage_taken":32,"max_hp_gain":0,"max_hp_loss":0,"event_name":"Knowing Skull","floor":20,"potions_obtained":[],"gold_loss":0,"cards_obtained":["Dramatic Entrance","Finesse"]},{"damage_healed":0,"gold_gain":0,"cards_transformed":["Strike_R"],"player_choice":"Transformed","damage_taken":0,"max_hp_gain":0,"max_hp_loss":0,"event_name":"Transmorgrifier","floor":28,"gold_loss":0,"cards_obtained":["Whirlwind"]}],"is_beta":false,"boss_relics":[{"not_picked":["Tiny House","Orrery"],"picked":"Calling Bell"}],"items_purged_floors":[21,31],"is_endless":false,"potions_floor_spawned":[10,11,14,19],"killed_by":"Champ","ascension_level":4}