{"gold_per_floor":[113,113,126,126,126,126,146,186,186,186,186,210,59,80,80,209,209,225,225,246,246,0,40,53,53],"floor_reached":25,"playtime":2058,"items_purged":["Strike_R"],"score":343,"play_id":"76775738-66c5-4dd2-a9d1-23efc2d9faa1","local_time":"20190720100305","is_ascension_mode":true,"campfire_choices":[{"data":"Rampage","floor":6,"key":"SMITH"},{"data":"Bash","floor":11,"key":"SMITH"},{"floor":15,"key":"REST"}],"neow_cost":"PERCENT_DAMAGE","seed_source_timestamp":778834733509700,"circlet_count":0,"master_deck":["AscendersBane","Strike_R","Defend_R","Defend_R","Defend_R","Bash+1","Reckless Charge","Flame Barrier","Rampage+1","Havoc","Inflame","Ghostly Armor","Spot Weakness","Flame Barrier","Shockwave","Limit Break","Intimidate+1","Thunderclap","Secret Weapon","Headbutt","Sentinel"],"relics":["Burning Blood","Golden Idol","Shuriken","Bottled Flame","Vajra","Snecko Eye","Question Card","Strawberry"],"potions_floor_usage":[8,24],"damage_taken":[{"damage":8,"enemies":"Jaw Worm","floor":1,"turns":6},{"damage":0,"enemies":"Small Slimes","floor":3,"turns":4},{"damage":0,"enemies":"Cultist","floor":7,"turns":4},{"damage":42,"enemies":"3 Sentries","floor":8,"turns":10},{"damage":26,"enemies":"3 Louse","floor":12,"turns":4},{"damage":12,"enemies":"Lots of Slimes","floor":14,"turns":4},{"damage":28,"enemies":"Hexaghost","floor":16,"turns":10},{"damage":7,"enemies":"2 Thieves","floor":18,"turns":4},{"damage":13,"enemies":"Spheric Guardian","floor":20,"turns":5},{"damage":47,"enemies":"Book of Stabbing","floor":23,"turns":6},{"damage":8,"enemies":"Cultist and Chosen","floor":24,"turns":5},{"damage":22,"enemies":"Shelled Parasite and Fungi","floor":25,"turns":5}],"seed_played":"1605546107913142905","potions_obtained":[{"floor":1,"key":"SpeedPotion"},{"floor":7,"key":"BloodPotion"},{"floor":20,"key":"FearPotion"},{"floor":23,"key":"EssenceOfSteel"}],"is_trial":false,"path_per_floor":["M","?","M","?","?","R","M","E","T","?","R","M","$","M","R","B",null,"M","?","M","?","$","E","M","M"],"character_chosen":"IRONCLAD","items_purchased":["Vajra","Secret Weapon"],"campfire_rested":1,"item_purchase_floors":[13,22],"current_hp_per_floor":[49,54,60,60,60,60,66,49,49,49,49,29,29,23,46,24,65,64,64,57,57,57,23,21,0],"gold":53,"neow_bonus":"TRANSFORM_TWO_CARDS","is_prod":false,"is_daily":false,"chose_seed":false,"campfire_upgraded":2,"win_rate":0,"timestamp":1563613385,"path_taken":["M","?","M","?","?","R","M","E","T","?","R","M","$","M","R","BOSS","M","?","M","?","$","E","M","M"],"build_version":"2019-07-17","purchased_purges":1,"victory":false,"max_hp_per_floor":[80,85,85,79,79,79,79,79,79,79,79,79,79,79,79,79,79,79,79,79,79,79,86,86,86],"card_choices":[{"not_picked":["Battle Trance","Bloodletting"],"picked":"Rampage","floor":1},{"not_picked":["Clash","Twin Strike"],"picked":"Havoc","floor":3},{"not_picked":["Anger","Flex"],"picked":"Inflame","floor":7},{"not_picked":["Hemokinesis","Armaments"],"picked":"Ghostly Armor","floor":8},{"not_picked":["Sword Boomerang","Warcry"],"picked":"Flame Barrier","floor":12},{"not_picked":["Armaments","Pummel"],"picked":"Shockwave","floor":14},{"not_picked":["Dark Embrace","Barricade"],"picked":"Limit Break","floor":16},{"not_picked":["Sword Boomerang+1","Perfected Strike"],"picked":"Intimidate+1","floor":18},{"not_picked":["Combust","Havoc","Intimidate"],"picked":"Thunderclap","floor":20},{"not_picked":["Entrench","Anger","Armaments"],"picked":"Headbutt","floor":23},{"not_picked":["Havoc","Rampage","Whirlwind"],"picked":"Sentinel","floor":24}],"player_experience":1062405,"relics_obtained":[{"floor":8,"key":"Shuriken"},{"floor":9,"key":"Bottled Flame"},{"floor":23,"key":"Strawberry"}],"event_choices":[{"damage_healed":0,"gold_gain":0,"player_choice":"Donut","damage_taken":0,"max_hp_gain":5,"max_hp_loss":0,"event_name":"Big Fish","floor":2,"gold_loss":0},{"damage_healed":0,"gold_gain":0,"player_choice":"Lose Max HP","damage_taken":0,"relics_obtained":["Golden Idol"],"max_hp_gain":0,"max_hp_loss":6,"event_name":"Golden Idol","floor":4,"gold_loss":0},{"damage_healed":0,"gold_gain":0,"player_choice":"Ignored","damage_taken":0,"max_hp_gain":0,"max_hp_loss":0,"event_name":"Liars Game","floor":5,"gold_loss":0},{"damage_healed":0,"gold_gain":0,"cards_transformed":["Strike_R"],"player_choice":"Transformed","damage_taken":0,"max_hp_gain":0,"max_hp_loss":0,"event_name":"Transmorgrifier","floor":10,"gold_loss":0,"cards_obtained":["Spot Weakness"]},{"damage_healed":0,"gold_gain":0,"player_choice":"Opened","damage_taken":0,"relics_obtained":["Question Card"],"max_hp_gain":0,"max_hp_loss":0,"event_name":"The Mausoleum","floor":19,"gold_loss":0},{"cards_removed":["Defend_R"],"damage_healed":0,"gold_gain":0,"player_choice":"Card Removal","damage_taken":0,"max_hp_gain":0,"max_hp_loss":0,"event_name":"Wheel of Change","floor":21,"gold_loss":0}],"is_beta":false,"boss_relics":[{"not_picked":["Calling Bell","White Beast Statue"],"picked":"Snecko Eye"}],"items_purged_floors":[22],"is_endless":false,"potions_floor_spawned":[1,7,20,23],"killed_by":"Shelled Parasite and Fungi","ascension_level":11}