{"gold_per_floor":[112,132,132,26,36,65,65,92,92,122,122,197,197,218,218,344,344,359,377,377,302,323,357,357,357,384,384,109,129,80,111,111,111],"floor_reached":33,"playtime":3357,"items_purged":["Defend_G"],"score":316,"play_id":"a72d9c24-b4a3-4fe7-a496-0d0098007d67","local_time":"20190711032423","is_ascension_mode":false,"campfire_choices":[{"data":"Footwork","floor":7,"key":"SMITH"},{"floor":13,"key":"REST"},{"data":"After Image","floor":15,"key":"SMITH"},{"floor":25,"key":"REST"},{"data":"Adrenaline","floor":27,"key":"SMITH"},{"data":"Terror","floor":32,"key":"SMITH"}],"neow_cost":"NONE","seed_source_timestamp":40566402704889,"circlet_count":0,"master_deck":["Strike_G","Strike_G","Strike_G","Strike_G","Defend_G","Defend_G","Survivor","Neutralize","After Image+1","Footwork+1","Flying Knee","Flying Knee","Well Laid Plans","Outmaneuver","Deflect","Backflip","Backflip","Adrenaline+1","Backflip","Cloak And Dagger+1","Underhanded Strike","Terror+1","Dagger Spray","Quick Slash","Deflect","Slice+1","Sucker Punch","Quick Slash"],"relics":["Ring of the Snake","FaceOfCleric","Singing Bowl","Lantern","Frozen Egg 2","Golden Idol","Empty Cage","Dead Branch","PreservedInsect","Pocketwatch"],"potions_floor_usage":[16,16,18,29,31],"damage_taken":[{"damage":0,"enemies":"2 Louse","floor":1,"turns":5},{"damage":0,"enemies":"Cultist","floor":2,"turns":5},{"damage":2,"enemies":"Small Slimes","floor":5,"turns":3},{"damage":8,"enemies":"Lagavulin","floor":6,"turns":11},{"damage":36,"enemies":"Gremlin Nob","floor":8,"turns":6},{"damage":4,"enemies":"2 Fungi Beasts","floor":14,"turns":5},{"damage":6,"enemies":"Slime Boss","floor":16,"turns":24},{"damage":5,"enemies":"Chosen","floor":18,"turns":8},{"damage":2,"enemies":"Spheric Guardian","floor":19,"turns":6},{"damage":5,"enemies":"3 Cultists","floor":22,"turns":8},{"damage":22,"enemies":"Book of Stabbing","floor":23,"turns":11},{"damage":0,"enemies":"Snake Plant","floor":29,"turns":5},{"damage":0,"enemies":"Slavers","floor":31,"turns":2},{"damage":62,"enemies":"Automaton","floor":33,"turns":6}],"seed_played":"-3855651340564720101","potions_obtained":[{"floor":2,"key":"SpeedPotion"},{"floor":8,"key":"EssenceOfSteel"},{"floor":14,"key":"SpeedPotion"},{"floor":16,"key":"Swift Potion"},{"floor":19,"key":"SpeedPotion"},{"floor":23,"key":"EntropicBrew"},{"floor":29,"key":"SpeedPotion"}],"is_trial":false,"path_per_floor":["M","M","?","$","M","E","R","E","T","?","?","?","R","M","R","B",null,"M","M","?","?","M","E","?","R","T","R","$","M","$","E","R","B"],"character_chosen":"THE_SILENT","items_purchased":["Flying Knee","Well Laid Plans","Terror","Dagger Spray","Quick Slash","Deflect","Sucker Punch"],"campfire_rested":2,"item_purchase_floors":[4,4,28,28,28,28,30],"current_hp_per_floor":[70,70,70,70,69,62,62,27,27,27,27,16,36,33,33,28,70,66,65,52,52,50,29,29,53,53,53,53,54,54,55,55,0],"gold":111,"neow_bonus":"ONE_RANDOM_RARE_CARD","is_prod":false,"is_daily":false,"chose_seed":false,"campfire_upgraded":4,"win_rate":0.0,"timestamp":1562833463,"path_taken":["M","M","?","?","M","E","R","E","T","?","?","?","R","M","R","BOSS","M","M","?","?","?","E","?","R","T","R","?","M","$","E","R","BOSS"],"build_version":"2019-07-05","purchased_purges":1,"victory":false,"max_hp_per_floor":[70,70,70,70,71,72,72,73,73,73,68,68,68,69,69,70,70,71,72,77,77,80,81,81,81,81,81,81,82,82,83,83,83],"card_choices":[{"not_picked":["Cloak And Dagger","Backstab"],"picked":"Footwork","floor":1},{"not_picked":["Tactician","Accuracy"],"picked":"Flying Knee","floor":2},{"not_picked":["Flying Knee","Flechettes"],"picked":"Outmaneuver","floor":5},{"not_picked":["Well Laid Plans","Dagger Spray"],"picked":"Deflect","floor":6},{"not_picked":["Crippling Poison","PiercingWail"],"picked":"Backflip","floor":8},{"not_picked":["Skewer","Underhanded Strike"],"picked":"Backflip","floor":14},{"not_picked":["Bullet Time","Malaise"],"picked":"Adrenaline","floor":16},{"not_picked":["Dodge and Roll","Deadly Poison"],"picked":"Backflip","floor":18},{"not_picked":["Outmaneuver+1","Slice"],"picked":"Cloak And Dagger+1","floor":19},{"not_picked":["Prepared","Glass Knife","Bane+1"],"picked":"Singing Bowl","floor":22},{"not_picked":["Choke","Acrobatics"],"picked":"Underhanded Strike","floor":23},{"not_picked":["PiercingWail+1","Poisoned Stab"],"picked":"Slice+1","floor":29},{"not_picked":["Well Laid Plans+1","Backflip+1"],"picked":"Quick Slash","floor":31}],"player_experience":96793,"relics_obtained":[{"floor":6,"key":"Singing Bowl"},{"floor":8,"key":"Lantern"},{"floor":9,"key":"Frozen Egg 2"},{"floor":23,"key":"Dead Branch"},{"floor":26,"key":"PreservedInsect"},{"floor":31,"key":"Pocketwatch"}],"event_choices":[{"damage_healed":0,"gold_gain":0,"player_choice":"Trade","damage_taken":0,"relics_obtained":["FaceOfCleric"],"max_hp_gain":0,"max_hp_loss":0,"event_name":"FaceTrader","floor":3,"gold_loss":0},{"damage_healed":0,"gold_gain":30,"player_choice":"Searched \u00272\u0027 times","damage_taken":0,"max_hp_gain":0,"max_hp_loss":0,"event_name":"Dead Adventurer","floor":10,"gold_loss":0},{"damage_healed":0,"gold_gain":0,"player_choice":"Lose Max HP","damage_taken":0,"relics_obtained":["Golden Idol"],"max_hp_gain":0,"max_hp_loss":5,"event_name":"Golden Idol","floor":11,"gold_loss":0},{"damage_healed":0,"gold_gain":75,"player_choice":"Gather Gold","damage_taken":11,"max_hp_gain":0,"max_hp_loss":0,"event_name":"World of Goop","floor":12,"gold_loss":0},{"damage_healed":0,"gold_gain":0,"player_choice":"Shed Blood","damage_taken":18,"max_hp_gain":5,"max_hp_loss":0,"event_name":"Forgotten Altar","floor":20,"gold_loss":0},{"cards_removed":["Defend_G"],"damage_healed":0,"gold_gain":0,"player_choice":"Gave Gold","damage_taken":0,"max_hp_gain":0,"max_hp_loss":0,"event_name":"Beggar","floor":21,"gold_loss":75},{"damage_healed":0,"gold_gain":0,"player_choice":"Ignored","damage_taken":0,"max_hp_gain":0,"max_hp_loss":0,"event_name":"The Mausoleum","floor":24,"gold_loss":0}],"is_beta":false,"boss_relics":[{"not_picked":["WristBlade","Runic Dome"],"picked":"Empty Cage"}],"items_purged_floors":[28],"is_endless":false,"potions_floor_spawned":[2,8,14,16,19,23,29],"killed_by":"Automaton","ascension_level":0}