{"gold_per_floor":[111,111,36,36,50,78,96,57,57,27],"floor_reached":10,"playtime":328,"items_purged":["Strike_B"],"score":91,"play_id":"9c9ef8f3-2ec0-4a53-820b-3afa7c7c672e","local_time":"20190712192603","is_ascension_mode":false,"campfire_choices":[],"neow_cost":"NONE","seed_source_timestamp":11392792014417,"circlet_count":0,"master_deck":["Strike_B","Strike_B","Strike_B","Defend_B","Defend_B","Defend_B","Defend_B","Zap+1","Dualcast","Rebound","Coolheaded","Barrage","Conserve Battery","Auto Shields"],"relics":["Cracked Core","NeowsBlessing","Pen Nib","Singing Bowl"],"potions_floor_usage":[],"damage_taken":[{"damage":0,"enemies":"Cultist","floor":1,"turns":1},{"damage":0,"enemies":"Small Slimes","floor":5,"turns":1},{"damage":0,"enemies":"Gremlin Nob","floor":6,"turns":1},{"damage":2,"enemies":"2 Louse","floor":7,"turns":2},{"damage":17,"enemies":"Exordium Thugs","floor":10,"turns":3}],"seed_played":"1625914832704039336","potions_obtained":[{"floor":5,"key":"SmokeBomb"},{"floor":7,"key":"SpeedPotion"}],"is_trial":false,"path_per_floor":["M","?","$","?","M","E","M","$","T","M"],"character_chosen":"DEFECT","items_purchased":["Auto Shields"],"campfire_rested":0,"item_purchase_floors":[8],"current_hp_per_floor":[75,75,75,75,75,75,73,73,73,56],"gold":27,"neow_bonus":"THREE_ENEMY_KILL","is_prod":false,"is_daily":false,"chose_seed":false,"campfire_upgraded":0,"win_rate":0.0,"timestamp":1562977563,"path_taken":["M","?","$","?","M","E","M","$","T","M"],"build_version":"2019-07-05","purchased_purges":1,"victory":false,"max_hp_per_floor":[75,75,75,75,75,75,75,75,75,75],"card_choices":[{"not_picked":["Sweeping Beam","Redo"],"picked":"Rebound","floor":1},{"not_picked":["Hello World","Leap"],"picked":"Coolheaded","floor":5},{"not_picked":["Electrodynamics","Rip and Tear"],"picked":"Barrage","floor":6},{"not_picked":["Stack","Coolheaded"],"picked":"Conserve Battery","floor":7}],"player_experience":133564,"relics_obtained":[{"floor":6,"key":"Pen Nib"},{"floor":9,"key":"Singing Bowl"}],"event_choices":[{"damage_healed":0,"gold_gain":0,"player_choice":"Grow","damage_taken":0,"max_hp_gain":0,"max_hp_loss":0,"event_name":"Living Wall","floor":2,"gold_loss":0,"cards_upgraded":["Zap"]},{"damage_healed":0,"gold_gain":0,"player_choice":"Ignored","damage_taken":0,"max_hp_gain":0,"max_hp_loss":0,"event_name":"Liars Game","floor":4,"gold_loss":0}],"is_beta":false,"boss_relics":[],"items_purged_floors":[3],"is_endless":false,"potions_floor_spawned":[5,7],"killed_by":"Exordium Thugs","ascension_level":0}