{"gold_per_floor":[213,229,243,43,43,43,43,43,43,59,59,72,91,109,109,209,209,220,46,59,59,74,74,88,88,141,141,154,69,69,103,103,103],"floor_reached":33,"playtime":1729,"items_purged":["Strike_B","Defend_B"],"score":259,"play_id":"28d712ef-3de4-453d-8423-0ff664578643","local_time":"20190713045659","is_ascension_mode":false,"campfire_choices":[{"data":"Zap","floor":6,"key":"SMITH"},{"data":"Defragment","floor":8,"key":"SMITH"},{"floor":11,"key":"REST"},{"floor":15,"key":"REST"},{"data":"Chill","floor":23,"key":"SMITH"},{"data":"Chaos","floor":25,"key":"SMITH"},{"data":"Dualcast","floor":27,"key":"SMITH"},{"data":"Barrage","floor":32,"key":"SMITH"}],"neow_cost":"NONE","seed_source_timestamp":44246169558841,"circlet_count":0,"master_deck":["Strike_B","Strike_B","Strike_B","Defend_B","Defend_B","Defend_B","Zap+1","Dualcast+1","Defragment+1","Static Discharge","Coolheaded","Conserve Battery+1","Ball Lightning","Barrage+1","Chaos+1","Gash","Conserve Battery","Hologram+1","All For One","Gash","Chill+1","Gash","Coolheaded","Beam Cell","Hello World+1"],"relics":["Cracked Core","Blood Vial","PreservedInsect","Nuclear Battery","MutagenicStrength","Potion Belt","Darkstone Periapt","War Paint"],"potions_floor_usage":[16,28,33,33],"damage_taken":[{"damage":13,"enemies":"2 Louse","floor":1,"turns":2},{"damage":10,"enemies":"Small Slimes","floor":2,"turns":4},{"damage":6,"enemies":"Cultist","floor":3,"turns":3},{"damage":13,"enemies":"Lots of Slimes","floor":10,"turns":3},{"damage":4,"enemies":"Blue Slaver","floor":12,"turns":3},{"damage":8,"enemies":"Looter","floor":13,"turns":3},{"damage":15,"enemies":"Large Slime","floor":14,"turns":3},{"damage":18,"enemies":"Hexaghost","floor":16,"turns":9},{"damage":23,"enemies":"2 Thieves","floor":18,"turns":3},{"damage":7,"enemies":"Shell Parasite","floor":20,"turns":5},{"damage":0,"enemies":"Snecko","floor":22,"turns":4},{"damage":10,"enemies":"Chosen and Byrds","floor":24,"turns":4},{"damage":4,"enemies":"Sentry and Sphere","floor":28,"turns":4},{"damage":9,"enemies":"Book of Stabbing","floor":31,"turns":4},{"damage":50,"enemies":"Collector","floor":33,"turns":6}],"seed_played":"1463022115315115483","potions_obtained":[{"floor":1,"key":"SteroidPotion"},{"floor":2,"key":"Fire Potion"},{"floor":10,"key":"Swift Potion"},{"floor":20,"key":"Poison Potion"},{"floor":24,"key":"PowerPotion"},{"floor":28,"key":"FearPotion"}],"is_trial":false,"path_per_floor":["M","M","M","$","?","R","?","R","T","M","R","M","M","M","R","B",null,"M","$","M","?","M","R","M","R","T","R","M","?","?","E","R","B"],"character_chosen":"DEFECT","items_purchased":["Conserve Battery","Ball Lightning","Barrage","Chill"],"campfire_rested":2,"item_purchase_floors":[4,4,4,19],"current_hp_per_floor":[62,52,46,46,43,43,43,43,43,32,54,52,46,33,55,39,75,52,52,47,47,49,49,41,41,41,41,39,39,64,57,57,9],"gold":103,"neow_bonus":"HUNDRED_GOLD","is_prod":false,"is_daily":false,"chose_seed":false,"campfire_upgraded":6,"win_rate":0.0,"timestamp":1563011819,"path_taken":["M","M","M","$","?","R","?","R","T","?","R","M","M","M","R","BOSS","M","$","?","?","M","R","M","R","T","R","M","?","?","E","R","BOSS"],"build_version":"2019-07-05","purchased_purges":2,"victory":false,"max_hp_per_floor":[75,75,75,75,75,75,75,75,75,75,75,75,75,75,75,75,75,75,75,75,75,75,75,75,75,75,75,75,75,75,75,75,75],"card_choices":[{"not_picked":["Lockon","Turbo"],"picked":"Defragment","floor":1},{"not_picked":["White Noise","Consume"],"picked":"Static Discharge","floor":2},{"not_picked":["Redo","Leap"],"picked":"Coolheaded","floor":3},{"not_picked":["Recycle","Double Energy"],"picked":"Chaos","floor":10},{"not_picked":["Steam","Fission"],"picked":"Gash","floor":12},{"not_picked":["Ball Lightning","Redo"],"picked":"Conserve Battery","floor":13},{"not_picked":["Scrape","Reprogram"],"picked":"Hologram","floor":14},{"not_picked":["Thunder Strike","Buffer"],"picked":"All For One","floor":16},{"not_picked":["Reprogram","Darkness"],"picked":"Gash","floor":18},{"not_picked":["Hologram","White Noise","Hello World"],"picked":"SKIP","floor":20},{"not_picked":["Turbo","Chaos"],"picked":"Gash","floor":22},{"not_picked":["Recycle","Turbo"],"picked":"Coolheaded","floor":24},{"not_picked":["Compile Driver+1","Chaos+1"],"picked":"Beam Cell","floor":28},{"not_picked":["Lockon","Darkness"],"picked":"Hello World+1","floor":31}],"player_experience":146304,"relics_obtained":[{"floor":9,"key":"PreservedInsect"},{"floor":26,"key":"Potion Belt"},{"floor":31,"key":"War Paint"}],"event_choices":[{"damage_healed":0,"gold_gain":0,"player_choice":"Success","damage_taken":3,"relics_obtained":["Blood Vial"],"max_hp_gain":0,"max_hp_loss":0,"event_name":"Scrap Ooze","floor":5,"gold_loss":0},{"damage_healed":0,"gold_gain":0,"player_choice":"Ignored","damage_taken":0,"max_hp_gain":0,"max_hp_loss":0,"event_name":"NoteForYourself","floor":7,"gold_loss":0},{"damage_healed":0,"gold_gain":0,"player_choice":"Inject Mutagens","damage_taken":0,"relics_obtained":["MutagenicStrength"],"max_hp_gain":0,"max_hp_loss":0,"event_name":"Drug Dealer","floor":21,"gold_loss":0},{"damage_healed":0,"gold_gain":0,"player_choice":"Obtained Relic","damage_taken":0,"relics_obtained":["Darkstone Periapt"],"max_hp_gain":0,"max_hp_loss":0,"event_name":"Addict","floor":29,"gold_loss":85},{"damage_healed":25,"gold_gain":0,"player_choice":"Heal","damage_taken":0,"max_hp_gain":0,"max_hp_loss":0,"event_name":"The Library","floor":30,"gold_loss":0}],"is_beta":false,"boss_relics":[{"not_picked":["Pandora\u0027s Box","Orrery"],"picked":"Nuclear Battery"}],"items_purged_floors":[4,19],"is_endless":false,"potions_floor_spawned":[1,2,10,20,24,28],"killed_by":"Collector","ascension_level":0}