{"gold_per_floor":[112,112,132,148,52,81,99,99,172,206,226,283,300,332,344,452,464,489,501,532,544,18,18,51,51,51,51,64,64,64,74,74,173,173,185,185,185,31,0,0,13,13],"floor_reached":42,"playtime":3490,"items_purged":[],"score":754,"play_id":"0916e80d-7f9f-428e-a6a6-99c0b3638c74","local_time":"20190709104504","is_ascension_mode":true,"campfire_choices":[{"floor":8,"key":"REST"},{"floor":15,"key":"REST"},{"floor":23,"key":"REST"},{"floor":29,"key":"REST"},{"floor":32,"key":"REST"},{"floor":40,"key":"REST"}],"neow_cost":"NONE","seed_source_timestamp":142257833236100,"circlet_count":0,"master_deck":["AscendersBane","Defend_R+1","Defend_R+1","Defend_R+1","Defend_R+1","Bash","Infernal Blade","Spot Weakness","Rage","Intimidate","Feel No Pain","Armaments","Reckless Charge","Shrug It Off","Intimidate","Berserk","Power Through","Sever Soul","Inflame","Exhume","Ghostly Armor","Bite","Bite","Bite","Bite+1","Bite+1","Uppercut","Inflame","Burning Pact","Infernal Blade","RitualDagger","Pummel","Exhume","Flame Barrier","Master of Strategy","Metallicize"],"relics":["Burning Blood","Peace Pipe","Pantograph","Red Skull","Tiny Chest","MawBank","Lizard Tail","PreservedInsect","Mango","Juzu Bracelet","Pen Nib","Bronze Scales","White Beast Statue","Turnip","Whetstone","Red Mask"],"potions_floor_usage":[10,14,14,14,14,16,16,18,33,41,41,42],"damage_taken":[{"damage":7,"enemies":"Small Slimes","floor":1,"turns":5},{"damage":7,"enemies":"2 Louse","floor":3,"turns":4},{"damage":7,"enemies":"Jaw Worm","floor":4,"turns":4},{"damage":42,"enemies":"Gremlin Nob","floor":6,"turns":5},{"damage":9,"enemies":"3 Louse","floor":7,"turns":4},{"damage":19,"enemies":"3 Sentries","floor":10,"turns":8},{"damage":10,"enemies":"Exordium Wildlife","floor":11,"turns":5},{"damage":39,"enemies":"Gremlin Nob","floor":12,"turns":5},{"damage":3,"enemies":"Looter","floor":13,"turns":4},{"damage":10,"enemies":"Lagavulin","floor":14,"turns":5},{"damage":40,"enemies":"The Guardian","floor":16,"turns":10},{"damage":18,"enemies":"2 Thieves","floor":18,"turns":5},{"damage":90,"enemies":"3 Byrds","floor":20,"turns":8},{"damage":52,"enemies":"Book of Stabbing","floor":24,"turns":6},{"damage":17,"enemies":"Snake Plant","floor":28,"turns":5},{"damage":24,"enemies":"Shelled Parasite and Fungi","floor":31,"turns":5},{"damage":75,"enemies":"Champ","floor":33,"turns":12},{"damage":44,"enemies":"3 Darklings","floor":35,"turns":7},{"damage":5,"enemies":"Orb Walker","floor":41,"turns":4},{"damage":75,"enemies":"Nemesis","floor":42,"turns":14}],"seed_played":"-3965786226522035225","potions_obtained":[{"floor":1,"key":"Dexterity Potion"},{"floor":7,"key":"Swift Potion"},{"floor":12,"key":"EntropicBrew"},{"floor":13,"key":"GamblersBrew"},{"floor":14,"key":"PowerPotion"},{"floor":31,"key":"Strength Potion"},{"floor":33,"key":"Fire Potion"},{"floor":35,"key":"EssenceOfSteel"},{"floor":41,"key":"SkillPotion"}],"is_trial":false,"path_per_floor":["M","?","M","M","$","E","M","R","T","E","M","E","M","E","R","B",null,"M","?","M","T","$","R","E","$","T","?","M","R","?","M","R","B",null,"M","?","T","$","?","R","M","E"],"character_chosen":"IRONCLAD","items_purchased":["Feel No Pain","Armaments","Mango","Inflame","Juzu Bracelet","Whetstone"],"campfire_rested":6,"item_purchase_floors":[5,5,22,22,22,38],"current_hp_per_floor":[79,79,78,77,77,41,38,64,64,51,47,14,17,13,39,30,74,62,61,23,23,37,59,21,21,21,21,18,40,34,18,40,15,60,34,34,34,34,34,56,57,0],"gold":13,"neow_bonus":"TEN_PERCENT_HP_BONUS","is_prod":false,"is_daily":false,"chose_seed":false,"campfire_upgraded":0,"win_rate":0,"timestamp":1562665504,"path_taken":["M","?","M","M","$","E","M","R","T","E","M","E","M","E","R","BOSS","M","?","M","?","$","R","E","$","T","?","M","R","?","M","R","BOSS","M","?","?","?","?","R","M","E"],"build_version":"2019-07-05","purchased_purges":0,"victory":false,"max_hp_per_floor":[88,88,88,88,88,88,88,88,88,88,88,88,88,88,88,88,88,88,61,61,61,75,75,75,75,75,75,75,75,75,75,75,75,75,75,75,75,75,75,75,75,75],"card_choices":[{"not_picked":["Evolve","True Grit"],"picked":"Infernal Blade","floor":1},{"not_picked":["Pummel","Body Slam"],"picked":"Rage","floor":3},{"not_picked":["Flex","Headbutt"],"picked":"Intimidate","floor":4},{"not_picked":["Evolve","Infernal Blade"],"picked":"Reckless Charge","floor":6},{"not_picked":["Pummel","Heavy Blade"],"picked":"Shrug It Off","floor":7},{"not_picked":["Flame Barrier","Headbutt"],"picked":"Intimidate","floor":10},{"not_picked":["Wild Strike","Thunderclap"],"picked":"Berserk","floor":11},{"not_picked":["Wild Strike","Clothesline"],"picked":"Power Through","floor":12},{"not_picked":["Intimidate","Combust"],"picked":"Sever Soul","floor":13},{"not_picked":["True Grit","Heavy Blade"],"picked":"Inflame","floor":14},{"not_picked":["Berserk","Brutality"],"picked":"Exhume","floor":16},{"not_picked":["Thunderclap+1","Pummel+1"],"picked":"Ghostly Armor","floor":18},{"not_picked":["Dual Wield","Headbutt"],"picked":"Uppercut","floor":20},{"not_picked":["Ghostly Armor","Perfected Strike"],"picked":"Burning Pact","floor":24},{"not_picked":["Armaments","Wild Strike"],"picked":"Infernal Blade","floor":28},{"not_picked":["Seeing Red","Flex"],"picked":"Pummel","floor":31},{"not_picked":["Immolate","Limit Break"],"picked":"Exhume","floor":33},{"not_picked":["Evolve","Pummel"],"picked":"Flame Barrier","floor":35},{"not_picked":["Trip","Forethought"],"picked":"Master of Strategy","floor":36},{"not_picked":["Evolve+1","Heavy Blade+1"],"picked":"Metallicize","floor":41}],"player_experience":993966,"relics_obtained":[{"floor":6,"key":"Peace Pipe"},{"floor":9,"key":"Pantograph"},{"floor":10,"key":"Red Skull"},{"floor":12,"key":"Tiny Chest"},{"floor":14,"key":"MawBank"},{"floor":21,"key":"PreservedInsect"},{"floor":24,"key":"Pen Nib"},{"floor":26,"key":"Bronze Scales"},{"floor":37,"key":"Turnip"}],"event_choices":[{"damage_healed":0,"gold_gain":0,"cards_transformed":["Strike_R"],"player_choice":"Change","damage_taken":0,"max_hp_gain":0,"max_hp_loss":0,"event_name":"Living Wall","floor":2,"gold_loss":0,"cards_obtained":["Spot Weakness"]},{"damage_healed":0,"gold_gain":0,"player_choice":"Became a vampire","damage_taken":0,"max_hp_gain":0,"max_hp_loss":27,"event_name":"Vampires","floor":19,"gold_loss":0,"cards_obtained":["Bite","Bite","Bite","Bite","Bite"]},{"damage_healed":0,"gold_gain":0,"player_choice":"Simplicity","damage_taken":0,"max_hp_gain":0,"max_hp_loss":0,"event_name":"Back to Basics","floor":27,"gold_loss":0,"cards_upgraded":["Defend_R","Defend_R","Defend_R","Defend_R"]},{"damage_healed":0,"gold_gain":0,"player_choice":"Joined the Cult","damage_taken":6,"max_hp_gain":0,"max_hp_loss":0,"event_name":"Nest","floor":30,"gold_loss":0,"cards_obtained":["RitualDagger"]},{"damage_healed":0,"gold_gain":0,"player_choice":"Memory 1","damage_taken":0,"max_hp_gain":0,"max_hp_loss":0,"event_name":"SensoryStone","floor":36,"gold_loss":0},{"damage_healed":0,"gold_gain":0,"player_choice":"Paid","damage_taken":0,"relics_obtained":["Red Mask"],"max_hp_gain":0,"max_hp_loss":0,"event_name":"Tomb of Lord Red Mask","floor":39,"gold_loss":31}],"is_beta":false,"boss_relics":[{"not_picked":["Sozu","Runic Dome"],"picked":"Lizard Tail"},{"not_picked":["Coffee Dripper","Cursed Key"],"picked":"White Beast Statue"}],"items_purged_floors":[],"is_endless":false,"potions_floor_spawned":[1,7,12,13,14,31,33,35,41],"killed_by":"Nemesis","ascension_level":10}