{"gold_per_floor":[113,133,133,133,147,177,5,5,56,56,56,72,72,91,91,193,193,208,208,227,71,91,123,135,147],"floor_reached":25,"playtime":1342,"items_purged":["Defend_R"],"score":221,"play_id":"cdb36480-49e5-4018-8f37-e2535521ef93","local_time":"20190709025444","is_ascension_mode":false,"campfire_choices":[{"data":"Armaments","floor":8,"key":"SMITH"},{"data":"Thunderclap","floor":13,"key":"SMITH"},{"data":"Rampage","floor":15,"key":"SMITH"},{"floor":24,"key":"REST"}],"neow_cost":"NONE","seed_source_timestamp":37249365123296,"circlet_count":0,"master_deck":["Strike_R","Strike_R","Strike_R","Strike_R","Defend_R","Defend_R","Defend_R","Bash","Thunderclap+1","Perfected Strike+1","Ghostly Armor","Rage","Anger","Armaments+1","Reckless Charge","Rampage+1","Pommel Strike","Pommel Strike","Perfected Strike","Metallicize"],"relics":["Burning Blood","NeowsBlessing","Blood Vial","Bag of Preparation","Black Star","Bag of Marbles","MawBank","Boot"],"potions_floor_usage":[12,16,16,20,22,23,25],"damage_taken":[{"damage":0,"enemies":"2 Louse","floor":1,"turns":1},{"damage":0,"enemies":"Jaw Worm","floor":2,"turns":1},{"damage":0,"enemies":"Cultist","floor":5,"turns":1},{"damage":31,"enemies":"Lagavulin","floor":6,"turns":7},{"damage":0,"enemies":"Exordium Wildlife","floor":12,"turns":3},{"damage":0,"enemies":"2 Fungi Beasts","floor":14,"turns":3},{"damage":44,"enemies":"Hexaghost","floor":16,"turns":7},{"damage":36,"enemies":"2 Thieves","floor":18,"turns":4},{"damage":11,"enemies":"Spheric Guardian","floor":20,"turns":4},{"damage":0,"enemies":"Snecko","floor":22,"turns":4},{"damage":28,"enemies":"Slavers","floor":23,"turns":5},{"damage":37,"enemies":"Gremlin Leader","floor":25,"turns":8}],"seed_played":"-9166537469279708715","potions_obtained":[{"floor":1,"key":"Swift Potion"},{"floor":2,"key":"Energy Potion"},{"floor":6,"key":"AttackPotion"},{"floor":14,"key":"Fire Potion"},{"floor":16,"key":"Ancient Potion"},{"floor":18,"key":"Energy Potion"},{"floor":20,"key":"Energy Potion"}],"is_trial":false,"path_per_floor":["M","M","?","?","M","E","$","R","T","?","?","M","R","M","R","B",null,"M","?","M","$","M","E","R","E"],"character_chosen":"IRONCLAD","items_purchased":["Anger","Armaments","Bag of Marbles"],"campfire_rested":1,"item_purchase_floors":[7,7,21],"current_hp_per_floor":[80,80,85,85,85,60,60,60,60,60,60,68,68,76,76,40,85,55,39,36,36,44,24,51,16],"gold":147,"neow_bonus":"THREE_ENEMY_KILL","is_prod":false,"is_daily":false,"chose_seed":false,"campfire_upgraded":3,"win_rate":0.0,"timestamp":1562658884,"path_taken":["M","M","?","?","?","E","$","R","T","?","?","?","R","M","R","BOSS","M","?","M","$","M","E","R","E"],"build_version":"2019-07-05","purchased_purges":1,"victory":false,"max_hp_per_floor":[80,80,85,85,85,85,85,85,85,85,85,85,85,85,85,85,85,85,90,90,90,90,90,90,90],"card_choices":[{"not_picked":["Bloodletting","Hemokinesis"],"picked":"Thunderclap","floor":1},{"not_picked":["Disarm","Flex"],"picked":"Perfected Strike","floor":2},{"not_picked":["Cleave","Hemokinesis"],"picked":"Ghostly Armor","floor":5},{"not_picked":["Feel No Pain","Power Through"],"picked":"Rage","floor":6},{"not_picked":["Metallicize","Impervious"],"picked":"Rampage","floor":12},{"not_picked":["Clothesline","Perfected Strike"],"picked":"Pommel Strike","floor":14},{"not_picked":["Heavy Blade","Corruption","Flex"],"picked":"SKIP","floor":18},{"not_picked":["Thunderclap","Hemokinesis+1"],"picked":"Pommel Strike","floor":20},{"not_picked":["Pommel Strike","Sword Boomerang"],"picked":"Perfected Strike","floor":22},{"not_picked":["Juggernaut","Body Slam"],"picked":"Metallicize","floor":23}],"player_experience":30377,"relics_obtained":[{"floor":6,"key":"Blood Vial"},{"floor":9,"key":"Bag of Preparation"},{"floor":23,"key":"MawBank"},{"floor":23,"key":"Boot"}],"event_choices":[{"damage_healed":0,"gold_gain":0,"player_choice":"Donut","damage_taken":0,"max_hp_gain":5,"max_hp_loss":0,"event_name":"Big Fish","floor":3,"gold_loss":0},{"damage_healed":0,"gold_gain":0,"player_choice":"Forge","damage_taken":0,"max_hp_gain":0,"max_hp_loss":0,"event_name":"Accursed Blacksmith","floor":4,"gold_loss":0,"cards_upgraded":["Perfected Strike"]},{"damage_healed":0,"gold_gain":0,"cards_transformed":["Strike_R"],"player_choice":"Change","damage_taken":0,"max_hp_gain":0,"max_hp_loss":0,"event_name":"Living Wall","floor":10,"gold_loss":0,"cards_obtained":["Reckless Charge"]},{"damage_healed":0,"gold_gain":0,"player_choice":"Ignored","damage_taken":0,"max_hp_gain":0,"max_hp_loss":0,"event_name":"NoteForYourself","floor":11,"gold_loss":0},{"damage_healed":0,"gold_gain":0,"player_choice":"Shed Blood","damage_taken":21,"max_hp_gain":5,"max_hp_loss":0,"event_name":"Forgotten Altar","floor":19,"gold_loss":0}],"is_beta":false,"boss_relics":[{"not_picked":["Eternal Feather","Lizard Tail"],"picked":"Black Star"}],"items_purged_floors":[7],"is_endless":false,"potions_floor_spawned":[1,2,6,14,16,18,20],"killed_by":"Gremlin Leader","ascension_level":0}