{"gold_per_floor":[115,127,29,29,29,58,58,68,92,106,106,106,17,40,40,168,168,183,183,17,38,238,238,274,297,297,27,27,50,50,90,90,90],"floor_reached":33,"playtime":2046,"items_purged":["Strike_G","Strike_G"],"score":333,"play_id":"31951ea2-caf1-46a7-8a5d-e7700e12dcdf","local_time":"20190710232926","is_ascension_mode":false,"campfire_choices":[{"data":"Flying Knee","floor":7,"key":"SMITH"},{"data":"Cloak And Dagger","floor":15,"key":"SMITH"},{"data":"Infinite Blades","floor":23,"key":"SMITH"},{"floor":28,"key":"REST"},{"floor":30,"key":"REST"},{"floor":32,"key":"REST"}],"neow_cost":"NONE","seed_source_timestamp":27795183572129,"circlet_count":0,"master_deck":["Defend_G","Defend_G","Defend_G","Defend_G","Defend_G","Survivor","Neutralize+1","Underhanded Strike","Flying Knee","Deflect","Flying Knee+1","Infinite Blades+1","Flying Knee","Outmaneuver","Predator","Cloak And Dagger+1","Phantasmal Killer","Dash+1","Accuracy","Dagger Spray","Tactician","Footwork","Flying Knee","Dagger Spray","Sucker Punch"],"relics":["Ring of the Snake","NeowsBlessing","Art of War","Centennial Puzzle","Golden Idol","Busted Crown","Boot","Ancient Tea Set","FossilizedHelix"],"potions_floor_usage":[16,16,18,24,33],"damage_taken":[{"damage":0,"enemies":"Jaw Worm","floor":1,"turns":1},{"damage":0,"enemies":"Cultist","floor":2,"turns":1},{"damage":0,"enemies":"Gremlin Nob","floor":6,"turns":1},{"damage":0,"enemies":"Small Slimes","floor":8,"turns":3},{"damage":0,"enemies":"Blue Slaver","floor":10,"turns":3},{"damage":3,"enemies":"Exordium Thugs","floor":14,"turns":3},{"damage":37,"enemies":"Slime Boss","floor":16,"turns":9},{"damage":3,"enemies":"3 Byrds","floor":18,"turns":6},{"damage":7,"enemies":"Shell Parasite","floor":21,"turns":6},{"damage":36,"enemies":"Gremlin Leader","floor":24,"turns":7},{"damage":14,"enemies":"Chosen and Byrds","floor":25,"turns":5},{"damage":18,"enemies":"Snake Plant","floor":29,"turns":4},{"damage":21,"enemies":"Book of Stabbing","floor":31,"turns":7},{"damage":0,"enemies":"Collector","floor":33,"turns":2}],"seed_played":"-7719429280760076241","potions_obtained":[{"floor":1,"key":"PowerPotion"},{"floor":6,"key":"Dexterity Potion"},{"floor":14,"key":"Swift Potion"},{"floor":21,"key":"Swift Potion"},{"floor":24,"key":"Fire Potion"},{"floor":25,"key":"Explosive Potion"}],"is_trial":false,"path_per_floor":["M","M","$","?","?","E","R","M","T","M","?","?","$","M","R","B",null,"M","?","$","M","?","R","E","M","T","$","R","M","R","E","R","B"],"character_chosen":"THE_SILENT","items_purchased":["Deflect","Outmaneuver","Predator","Accuracy","Dagger Spray","Tactician","Footwork","Flying Knee","Dagger Spray"],"campfire_rested":3,"item_purchase_floors":[3,13,13,20,20,20,27,27,27],"current_hp_per_floor":[70,70,70,70,70,70,70,70,70,70,63,63,63,60,60,23,65,62,62,62,55,55,55,19,5,5,5,24,6,25,4,23,23],"gold":90,"neow_bonus":"THREE_ENEMY_KILL","is_prod":false,"is_daily":false,"chose_seed":false,"campfire_upgraded":3,"win_rate":0.0,"timestamp":1562819366,"path_taken":["M","M","$","?","?","E","R","M","T","?","?","?","$","M","R","BOSS","M","?","?","?","?","R","E","M","T","$","R","?","R","E","R","BOSS"],"build_version":"2019-07-05","purchased_purges":2,"victory":false,"max_hp_per_floor":[70,70,70,70,70,70,70,70,70,70,70,65,65,65,65,65,65,65,65,65,65,65,65,65,65,65,65,65,65,65,65,65,65],"card_choices":[{"not_picked":["Endless Agony","Catalyst"],"picked":"Underhanded Strike","floor":1},{"not_picked":["Quick Slash","Finisher"],"picked":"Flying Knee","floor":2},{"not_picked":["Leg Sweep","Poisoned Stab"],"picked":"Flying Knee","floor":6},{"not_picked":["Acrobatics","Tools of the Trade"],"picked":"Infinite Blades","floor":8},{"not_picked":["Infinite Blades","Tactician"],"picked":"Flying Knee","floor":10},{"not_picked":["Endless Agony","Acrobatics"],"picked":"Cloak And Dagger","floor":14},{"not_picked":["Malaise","Doppelganger"],"picked":"Phantasmal Killer","floor":16},{"not_picked":[],"picked":"Dash+1","floor":18},{"not_picked":["Prepared"],"picked":"SKIP","floor":21},{"not_picked":["Dodge and Roll"],"picked":"SKIP","floor":24},{"not_picked":["Catalyst+1"],"picked":"SKIP","floor":25},{"not_picked":[],"picked":"Sucker Punch","floor":29},{"not_picked":["Acrobatics"],"picked":"SKIP","floor":31}],"player_experience":94747,"relics_obtained":[{"floor":6,"key":"Art of War"},{"floor":9,"key":"Centennial Puzzle"},{"floor":24,"key":"Boot"},{"floor":26,"key":"Ancient Tea Set"},{"floor":31,"key":"FossilizedHelix"}],"event_choices":[{"damage_healed":0,"gold_gain":0,"player_choice":"Grow","damage_taken":0,"max_hp_gain":0,"max_hp_loss":0,"event_name":"Living Wall","floor":4,"gold_loss":0,"cards_upgraded":["Neutralize"]},{"cards_removed":["Strike_G"],"damage_healed":0,"gold_gain":0,"player_choice":"Purged","damage_taken":0,"max_hp_gain":0,"max_hp_loss":0,"event_name":"Purifier","floor":5,"gold_loss":0},{"cards_removed":["Strike_G"],"damage_healed":0,"gold_gain":0,"player_choice":"Card Removal","damage_taken":7,"max_hp_gain":0,"max_hp_loss":0,"event_name":"Golden Wing","floor":11,"gold_loss":0},{"damage_healed":0,"gold_gain":0,"player_choice":"Lose Max HP","damage_taken":0,"relics_obtained":["Golden Idol"],"max_hp_gain":0,"max_hp_loss":5,"event_name":"Golden Idol","floor":12,"gold_loss":0},{"cards_removed":["Strike_G"],"damage_healed":0,"gold_gain":0,"player_choice":"Offered Basic","damage_taken":0,"max_hp_gain":0,"max_hp_loss":0,"event_name":"Bonfire Elementals","floor":19,"gold_loss":0},{"damage_healed":0,"gold_gain":200,"player_choice":"Gold","damage_taken":0,"max_hp_gain":0,"max_hp_loss":0,"event_name":"Wheel of Change","floor":22,"gold_loss":0}],"is_beta":false,"boss_relics":[{"not_picked":["Ring of the Serpent","Black Star"],"picked":"Busted Crown"}],"items_purged_floors":[3,27],"is_endless":false,"potions_floor_spawned":[1,6,14,21,24,25],"killed_by":"Collector","ascension_level":0}