{"gold_per_floor":[113,113,128,32,32,63,79,79,79,79,110,124,124,49,49,148,148,160,60,77,96,109,109,24,42,42,53,53,53,63,77,77,77],"floor_reached":33,"playtime":1578,"items_purged":["Strike_B"],"score":284,"play_id":"aa9b821f-c89c-4a7b-b6cd-7bef66b56980","local_time":"20190712181522","is_ascension_mode":false,"campfire_choices":[{"data":"Recycle","floor":8,"key":"SMITH"},{"data":"Zap","floor":10,"key":"SMITH"},{"data":"Loop","floor":15,"key":"SMITH"},{"data":"Chill","floor":23,"key":"SMITH"},{"data":"Enlightenment","floor":29,"key":"SMITH"},{"data":"Glacier","floor":32,"key":"SMITH"}],"neow_cost":"NONE","seed_source_timestamp":5902142505008,"circlet_count":0,"master_deck":["Strike_B+1","Strike_B+1","Defend_B","Defend_B","Defend_B","Defend_B","Zap+1","Dualcast+1","Ball Lightning","Recycle+1","Enlightenment+1","Ball Lightning","Beam Cell","Loop+1","All For One","Chill+1","Gash","Rebound","Beam Cell","Stack+1","Darkness+1","Glacier+1","FTL"],"relics":["Cracked Core","NeowsBlessing","FossilizedHelix","Bird Faced Urn","Meat on the Bone","Busted Crown","Happy Flower","Shuriken"],"potions_floor_usage":[16,20,25,27,31],"damage_taken":[{"damage":0,"enemies":"2 Louse","floor":1,"turns":1},{"damage":0,"enemies":"Small Slimes","floor":3,"turns":1},{"damage":0,"enemies":"Lagavulin","floor":6,"turns":1},{"damage":0,"enemies":"Cultist","floor":7,"turns":2},{"damage":22,"enemies":"3 Sentries","floor":11,"turns":5},{"damage":0,"enemies":"Looter","floor":12,"turns":2},{"damage":29,"enemies":"Hexaghost","floor":16,"turns":8},{"damage":19,"enemies":"3 Byrds","floor":18,"turns":4},{"damage":21,"enemies":"2 Thieves","floor":20,"turns":4},{"damage":0,"enemies":"Cultist and Chosen","floor":21,"turns":4},{"damage":23,"enemies":"Snake Plant","floor":22,"turns":5},{"damage":2,"enemies":"Centurion and Healer","floor":25,"turns":6},{"damage":0,"enemies":"Snecko","floor":27,"turns":4},{"damage":5,"enemies":"3 Cultists","floor":30,"turns":6},{"damage":0,"enemies":"Centurion and Healer","floor":31,"turns":5},{"damage":44,"enemies":"Collector","floor":33,"turns":5}],"seed_played":"4540665276218039561","potions_obtained":[{"floor":1,"key":"Strength Potion"},{"floor":11,"key":"Poison Potion"},{"floor":16,"key":"Block Potion"},{"floor":21,"key":"AttackPotion"},{"floor":30,"key":"AttackPotion"},{"floor":31,"key":"Swift Potion"}],"is_trial":false,"path_per_floor":["M","?","M","$","?","E","M","R","T","R","E","M","?","$","R","B",null,"M","$","M","M","M","R","?","M","T","M","?","R","M","M","R","B"],"character_chosen":"DEFECT","items_purchased":["Enlightenment","Gash","Rebound"],"campfire_rested":0,"item_purchase_floors":[4,19,19],"current_hp_per_floor":[75,60,60,60,65,65,65,65,65,65,43,43,43,43,43,28,80,63,63,44,46,37,37,37,49,49,51,51,51,48,50,50,8],"gold":77,"neow_bonus":"THREE_ENEMY_KILL","is_prod":false,"is_daily":false,"chose_seed":false,"campfire_upgraded":6,"win_rate":0.0,"timestamp":1562973322,"path_taken":["M","?","M","$","?","E","M","R","T","R","E","M","?","$","R","BOSS","M","$","M","?","M","R","?","M","T","M","?","R","?","?","R","BOSS"],"build_version":"2019-07-05","purchased_purges":1,"victory":false,"max_hp_per_floor":[75,75,75,75,80,80,80,80,80,80,80,80,80,80,80,80,80,80,80,80,80,80,80,80,80,80,80,80,80,80,80,80,80],"card_choices":[{"not_picked":["Glacier","White Noise"],"picked":"Ball Lightning","floor":1},{"not_picked":["Skim","Redo"],"picked":"Recycle","floor":3},{"not_picked":["Undo","Compile Driver","Turbo"],"picked":"SKIP","floor":6},{"not_picked":["Sweeping Beam","Chill"],"picked":"Ball Lightning","floor":7},{"not_picked":["BootSequence","Consume"],"picked":"Beam Cell","floor":11},{"not_picked":["Stack","Redo"],"picked":"Loop","floor":12},{"not_picked":["Multi-Cast","Hyperbeam"],"picked":"All For One","floor":16},{"not_picked":[],"picked":"Chill","floor":18},{"not_picked":[],"picked":"Beam Cell","floor":20},{"not_picked":[],"picked":"Stack+1","floor":21},{"not_picked":["Darkness+1"],"picked":"SKIP","floor":22},{"not_picked":[],"picked":"Darkness+1","floor":25},{"not_picked":["Reprogram"],"picked":"SKIP","floor":27},{"not_picked":[],"picked":"Glacier","floor":30},{"not_picked":[],"picked":"FTL","floor":31}],"player_experience":131810,"relics_obtained":[{"floor":6,"key":"FossilizedHelix"},{"floor":9,"key":"Bird Faced Urn"},{"floor":11,"key":"Meat on the Bone"},{"floor":26,"key":"Shuriken"}],"event_choices":[{"damage_healed":0,"gold_gain":0,"player_choice":"Entered Light","damage_taken":15,"max_hp_gain":0,"max_hp_loss":0,"event_name":"Shining Light","floor":2,"gold_loss":0,"cards_upgraded":["Strike_B","Strike_B"]},{"damage_healed":0,"gold_gain":0,"player_choice":"Donut","damage_taken":0,"max_hp_gain":5,"max_hp_loss":0,"event_name":"Big Fish","floor":5,"gold_loss":0},{"cards_removed":["Strike_B"],"damage_healed":0,"gold_gain":0,"player_choice":"Purged","damage_taken":0,"max_hp_gain":0,"max_hp_loss":0,"event_name":"Purifier","floor":13,"gold_loss":0},{"damage_healed":0,"gold_gain":0,"player_choice":"Obtained Relic","damage_taken":0,"relics_obtained":["Happy Flower"],"max_hp_gain":0,"max_hp_loss":0,"event_name":"Addict","floor":24,"gold_loss":85},{"damage_healed":0,"gold_gain":0,"player_choice":"Upgraded","damage_taken":0,"max_hp_gain":0,"max_hp_loss":0,"event_name":"Upgrade Shrine","floor":28,"gold_loss":0,"cards_upgraded":["Dualcast"]}],"is_beta":false,"boss_relics":[{"not_picked":["Ectoplasm","Fusion Hammer"],"picked":"Busted Crown"}],"items_purged_floors":[14],"is_endless":false,"potions_floor_spawned":[1,11,16,21,30,31],"killed_by":"Collector","ascension_level":0}