{"gold_per_floor":[116,30,30,46,121,121,121,121,148,182,182,198,271,271,271,394,394,415,429,429,429,429,429,462,462,462,462,476,519,555,570,570,570],"floor_reached":33,"playtime":2046,"items_purged":[],"score":279,"play_id":"4c507d4d-b41e-4725-a264-537257d29e03","local_time":"20190716202727","is_ascension_mode":false,"campfire_choices":[{"data":"Go for the Eyes","floor":6.0,"key":"SMITH"},{"data":"Dualcast","floor":8.0,"key":"SMITH"},{"data":"Lockon","floor":15.0,"key":"SMITH"},{"data":"RitualDagger","floor":23.0,"key":"SMITH"},{"data":"Conserve Battery","floor":25.0,"key":"SMITH"},{"data":"Melter","floor":27.0,"key":"SMITH"},{"data":"Go for the Eyes","floor":32.0,"key":"SMITH"}],"neow_cost":"NONE","seed_source_timestamp":18947418590155,"circlet_count":0,"master_deck":["Strike_B","Strike_B","Strike_B","Defend_B","Defend_B","Defend_B","Zap+1","Dualcast+1","Go for the Eyes+1","Conserve Battery+1","Lockon+1","Cold Snap","Cold Snap","Gash","Melter+1","Streamline","Gash+1","RitualDagger+1","FTL","Chill","Leap","Go for the Eyes+1","Melter","Barrage+1"],"special_seed":0,"relics":["Cracked Core","PreservedInsect","Juzu Bracelet","Golden Idol","Bottled Lightning","Eternal Feather","Bird Faced Urn","Question Card","Red Mask","Pantograph"],"potions_floor_usage":[33,33,33],"damage_taken":[{"damage":0.0,"enemies":"Small Slimes","floor":1.0,"turns":2.0},{"damage":0.0,"enemies":"Cultist","floor":4.0,"turns":4.0},{"damage":18.0,"enemies":"Lagavulin","floor":10.0,"turns":4.0},{"damage":0.0,"enemies":"2 Louse","floor":12.0,"turns":2.0},{"damage":14.0,"enemies":"Lagavulin Event","floor":13.0,"turns":4.0},{"damage":18.0,"enemies":"Hexaghost","floor":16.0,"turns":9.0},{"damage":3.0,"enemies":"Spheric Guardian","floor":18.0,"turns":3.0},{"damage":3.0,"enemies":"Chosen","floor":19.0,"turns":4.0},{"damage":18.0,"enemies":"Gremlin Leader","floor":24.0,"turns":5.0},{"damage":4.0,"enemies":"Shelled Parasite and Fungi","floor":28.0,"turns":4.0},{"damage":4.0,"enemies":"Masked Bandits","floor":29.0,"turns":3.0},{"damage":17.0,"enemies":"Book of Stabbing","floor":30.0,"turns":4.0},{"damage":4.0,"enemies":"3 Cultists","floor":31.0,"turns":5.0},{"damage":79,"enemies":"Champ","floor":33,"turns":15}],"seed_played":"-6118229047959695292","potions_obtained":[{"floor":1.0,"key":"PowerPotion"},{"floor":28.0,"key":"SpeedPotion"},{"floor":30.0,"key":"Swift Potion"},{"floor":31.0,"key":"EssenceOfSteel"}],"is_trial":false,"path_per_floor":["M","$","?","M","?","R","?","R","T","E","?","M","?","?","R","B",null,"M","M","?","?","?","R","E","R","T","R","M","?","E","M","R","B"],"character_chosen":"DEFECT","items_purchased":["Conserve Battery","Lockon"],"campfire_rested":0,"item_purchase_floors":[2,2],"current_hp_per_floor":[75,75,75,75,64,64,64,64,64,46,46,46,32,55,55,37,69,66,63,57,57,57,66,48,60,60,69,65,61,44,40,52,0],"gold":570,"neow_bonus":"UPGRADE_CARD","is_prod":false,"is_daily":false,"chose_seed":false,"campfire_upgraded":7,"win_rate":0,"timestamp":1563326847,"path_taken":["M","$","?","?","?","R","?","R","T","E","?","M","?","?","R","BOSS","M","M","?","?","?","R","E","R","T","R","M","?","E","M","R","BOSS"],"build_version":"2019-07-05","purchased_purges":0,"victory":false,"max_hp_per_floor":[75,75,75,75,75,75,75,75,75,75,69,69,69,69,69,69,69,69,69,69,69,69,69,69,69,69,69,69,69,69,69,69,69],"card_choices":[{"not_picked":["Auto Shields","Turbo"],"picked":"Go for the Eyes","floor":1.0},{"not_picked":["Redo","Conserve Battery"],"picked":"Cold Snap","floor":4.0},{"not_picked":["Seek","Leap"],"picked":"Cold Snap","floor":10.0},{"not_picked":["Redo","BootSequence"],"picked":"Gash","floor":12.0},{"not_picked":["White Noise","Compile Driver"],"picked":"Melter","floor":13.0},{"not_picked":["Self Repair","Coolheaded"],"picked":"Streamline","floor":18.0},{"not_picked":["Cold Snap","Turbo"],"picked":"Gash+1","floor":19.0},{"not_picked":["Undo","Capacitor"],"picked":"Chill","floor":24.0},{"not_picked":["Gash","Double Energy","Stack+1"],"picked":"Leap","floor":28.0},{"not_picked":["Doom and Gloom","Gash","Consume"],"picked":"Go for the Eyes","floor":29.0},{"not_picked":["Rainbow","BootSequence","Skim"],"picked":"Melter","floor":30.0},{"not_picked":["Capacitor+1","Leap+1","Cold Snap"],"picked":"Barrage+1","floor":31.0}],"player_experience":175086,"relics_obtained":[{"floor":9.0,"key":"PreservedInsect"},{"floor":10.0,"key":"Juzu Bracelet"},{"floor":13.0,"key":"Bottled Lightning"},{"floor":24.0,"key":"Bird Faced Urn"},{"floor":26.0,"key":"Question Card"},{"floor":29.0,"key":"Red Mask"},{"floor":30.0,"key":"Pantograph"}],"event_choices":[{"cards_removed":["Strike_B"],"damage_healed":0.0,"max_hp_gain":0.0,"max_hp_loss":0.0,"gold_gain":0.0,"event_name":"Bonfire Elementals","player_choice":"Offered Basic","floor":3.0,"gold_loss":0.0,"damage_taken":0.0},{"damage_healed":0.0,"max_hp_gain":0.0,"max_hp_loss":0.0,"gold_gain":75.0,"event_name":"World of Goop","player_choice":"Gather Gold","floor":5.0,"gold_loss":0.0,"damage_taken":11.0},{"cards_removed":["Defend_B"],"damage_healed":0.0,"max_hp_gain":0.0,"max_hp_loss":0.0,"gold_gain":0.0,"event_name":"Living Wall","player_choice":"Forget","floor":7.0,"gold_loss":0.0,"damage_taken":0.0},{"damage_healed":0.0,"max_hp_gain":0.0,"max_hp_loss":6.0,"gold_gain":0.0,"event_name":"Golden Idol","player_choice":"Lose Max HP","floor":11.0,"gold_loss":0.0,"damage_taken":0.0,"relics_obtained":["Golden Idol"]},{"damage_healed":0.0,"max_hp_gain":0.0,"max_hp_loss":0.0,"gold_gain":0.0,"event_name":"Dead Adventurer","player_choice":"Searched \u00271\u0027 times","floor":13.0,"gold_loss":0.0,"damage_taken":0.0},{"damage_healed":23.0,"max_hp_gain":0.0,"max_hp_loss":0.0,"gold_gain":0.0,"event_name":"Big Fish","player_choice":"Banana","floor":14.0,"gold_loss":0.0,"damage_taken":0.0},{"damage_healed":0.0,"max_hp_gain":0.0,"max_hp_loss":0.0,"gold_gain":0.0,"event_name":"Nest","player_choice":"Joined the Cult","floor":20.0,"gold_loss":0.0,"damage_taken":6.0,"cards_obtained":["RitualDagger"]},{"damage_healed":0.0,"max_hp_gain":0.0,"max_hp_loss":0.0,"gold_gain":0.0,"event_name":"Ghosts","player_choice":"Ignored","floor":21.0,"gold_loss":0.0,"damage_taken":0.0},{"damage_healed":0.0,"max_hp_gain":0.0,"max_hp_loss":0.0,"gold_gain":0.0,"event_name":"The Library","player_choice":"Read","floor":22.0,"gold_loss":0.0,"damage_taken":0.0,"cards_obtained":["FTL"]},{"damage_healed":0.0,"max_hp_gain":0.0,"max_hp_loss":0.0,"gold_gain":0.0,"event_name":"Masked Bandits","player_choice":"Fought Bandits","floor":29.0,"gold_loss":0.0,"damage_taken":0.0}],"is_beta":false,"boss_relics":[{"not_picked":["Runic Dome","Black Star"],"picked":"Eternal Feather"}],"items_purged_floors":[],"is_endless":false,"potions_floor_spawned":[1,28,30,31],"killed_by":"Champ","ascension_level":0}