{"gold_per_floor":[119,132,232,246,91,126,126,142,166,190,221,267,289,314,326,338],"floor_reached":16,"playtime":1170,"items_purged":["Strike_R"],"score":116,"play_id":"fcb5b71b-2aea-4682-bfa3-2d3e6e616870","local_time":"20190709064237","is_ascension_mode":false,"campfire_choices":[{"floor":7,"key":"REST"},{"data":"Body Slam","floor":15,"key":"SMITH"}],"neow_cost":"NONE","seed_source_timestamp":51091396547975,"circlet_count":0,"master_deck":["Strike_R","Strike_R","Strike_R","Strike_R","Defend_R","Defend_R","Defend_R","Defend_R","Bash","Pommel Strike","Rampage","Iron Wave","Shrug It Off","Body Slam+1","True Grit"],"relics":["Burning Blood","NeowsBlessing","Happy Flower","MawBank","Orichalcum"],"potions_floor_usage":[11,12,14,16],"damage_taken":[{"damage":0,"enemies":"Small Slimes","floor":1,"turns":1},{"damage":0,"enemies":"Cultist","floor":2,"turns":1},{"damage":0,"enemies":"2 Louse","floor":4,"turns":1},{"damage":44,"enemies":"Gremlin Nob","floor":6,"turns":6},{"damage":2,"enemies":"2 Fungi Beasts","floor":8,"turns":4},{"damage":5,"enemies":"Looter","floor":10,"turns":3},{"damage":13,"enemies":"Exordium Wildlife","floor":11,"turns":4},{"damage":13,"enemies":"Lagavulin","floor":12,"turns":5},{"damage":1,"enemies":"3 Louse","floor":13,"turns":5},{"damage":18,"enemies":"Lots of Slimes","floor":14,"turns":6},{"damage":47,"enemies":"The Guardian","floor":16,"turns":8}],"seed_played":"-1997592660334592423","potions_obtained":[{"floor":6,"key":"SkillPotion"},{"floor":8,"key":"Ancient Potion"},{"floor":10,"key":"Block Potion"},{"floor":12,"key":"LiquidBronze"},{"floor":13,"key":"Ancient Potion"}],"is_trial":false,"path_per_floor":["M","M","?","M","$","E","R","M","T","M","M","E","M","M","R","B"],"character_chosen":"IRONCLAD","items_purchased":["Iron Wave","Shrug It Off"],"campfire_rested":1,"item_purchase_floors":[5,5],"current_hp_per_floor":[80,80,80,80,80,42,66,70,70,71,64,57,62,50,50,3],"gold":338,"neow_bonus":"THREE_ENEMY_KILL","is_prod":false,"is_daily":false,"chose_seed":false,"campfire_upgraded":1,"win_rate":0.0,"timestamp":1562672557,"path_taken":["M","M","?","M","$","E","R","?","T","M","M","E","M","M","R","BOSS"],"build_version":"2019-07-05","purchased_purges":1,"victory":false,"max_hp_per_floor":[80,80,80,80,80,80,80,80,80,80,80,80,80,80,80,80],"card_choices":[{"not_picked":["Clash","Flex"],"picked":"Pommel Strike","floor":1},{"not_picked":["Iron Wave","Clash"],"picked":"Rampage","floor":2},{"not_picked":["Disarm","Hemokinesis","Wild Strike"],"picked":"SKIP","floor":4},{"not_picked":["Heavy Blade","Rage","Havoc"],"picked":"SKIP","floor":6},{"not_picked":["True Grit","Heavy Blade"],"picked":"Body Slam","floor":8},{"not_picked":["Havoc","Feed","Shrug It Off"],"picked":"SKIP","floor":10},{"not_picked":["Cleave","Twin Strike","Thunderclap"],"picked":"SKIP","floor":11},{"not_picked":["Wild Strike","Searing Blow","Perfected Strike"],"picked":"SKIP","floor":12},{"not_picked":["Shrug It Off","Iron Wave"],"picked":"True Grit","floor":13},{"not_picked":["Sword Boomerang","Twin Strike","Clash"],"picked":"SKIP","floor":14}],"player_experience":40482,"relics_obtained":[{"floor":6,"key":"Happy Flower"},{"floor":9,"key":"MawBank"},{"floor":12,"key":"Orichalcum"}],"event_choices":[{"damage_healed":0,"gold_gain":100,"player_choice":"Pray","damage_taken":0,"max_hp_gain":0,"max_hp_loss":0,"event_name":"Golden Shrine","floor":3,"gold_loss":0}],"is_beta":false,"boss_relics":[],"items_purged_floors":[5],"is_endless":false,"potions_floor_spawned":[6,8,10,12,13],"killed_by":"The Guardian","ascension_level":0}