{"gold_per_floor":[10,26,38,49,49,49,84,94,142,142,142,155,155,37,37,110,110,125,135,50,68,68,68,79,93,118,118,118,118,131,145,145,220,220,234,234,244,260,260,260,62,62,62,74,74,87,87,87,87,87],"floor_reached":51,"playtime":3723,"items_purged":["Strike_G"],"score":1112,"play_id":"6f321c50-fe80-4bc3-b536-11e1c831509e","local_time":"20190724233658","is_ascension_mode":true,"campfire_choices":[{"data":"Neutralize","floor":6.0,"key":"SMITH"},{"data":"Deflect","floor":11.0,"key":"SMITH"},{"data":"Leg Sweep","floor":15.0,"key":"SMITH"},{"data":"A Thousand Cuts","floor":23.0,"key":"SMITH"},{"data":"Cloak And Dagger","floor":27.0,"key":"SMITH"},{"data":"Cloak And Dagger","floor":29.0,"key":"SMITH"},{"floor":32.0,"key":"REST"},{"data":"Backflip","floor":40,"key":"SMITH"},{"data":"Well Laid Plans","floor":45,"key":"SMITH"},{"data":"Bouncing Flask","floor":47,"key":"SMITH"},{"floor":49,"key":"RECALL"}],"neow_cost":"NO_GOLD","seed_source_timestamp":440085388625900,"circlet_count":0,"master_deck":["AscendersBane","Strike_G+1","Strike_G+1","Strike_G+1","Defend_G+1","Defend_G+1","Defend_G+1","Defend_G+1","Survivor+1","Neutralize+1","Backflip+1","Infinite Blades+1","Bouncing Flask+1","Deflect+1","Bouncing Flask+1","Dagger Throw+1","Underhanded Strike+1","Dagger Throw+1","Leg Sweep+1","Accuracy+1","A Thousand Cuts+1","Finisher+1","Cloak And Dagger+1","Cloak And Dagger+1","Slice+1","Malaise+1","Writhe","Cloak And Dagger+1","Die Die Die+1","Sadistic Nature+1","Well Laid Plans+1","Madness+1","Madness+1"],"special_seed":0,"relics":["Ring of the Snake","Turnip","Meat on the Bone","Oddly Smooth Stone","Pen Nib","WristBlade","Mercury Hourglass","Centennial Puzzle","War Paint","Eternal Feather","Bottled Tornado","Mark of the Bloom"],"potions_floor_usage":[44,50,50],"damage_taken":[{"damage":0.0,"enemies":"Small Slimes","floor":1.0,"turns":4.0},{"damage":5.0,"enemies":"Cultist","floor":2.0,"turns":5.0},{"damage":0.0,"enemies":"2 Louse","floor":3.0,"turns":4.0},{"damage":6.0,"enemies":"Looter","floor":4.0,"turns":4.0},{"damage":20.0,"enemies":"Lagavulin","floor":7.0,"turns":5.0},{"damage":15.0,"enemies":"Exordium Thugs","floor":8.0,"turns":6.0},{"damage":0.0,"enemies":"Exordium Wildlife","floor":12.0,"turns":3.0},{"damage":3.0,"enemies":"Hexaghost","floor":16.0,"turns":9.0},{"damage":6.0,"enemies":"Shell Parasite","floor":18.0,"turns":7.0},{"damage":11.0,"enemies":"Chosen","floor":19.0,"turns":8.0},{"damage":12.0,"enemies":"Snecko","floor":21.0,"turns":6.0},{"damage":17.0,"enemies":"3 Cultists","floor":24.0,"turns":6.0},{"damage":12.0,"enemies":"Snake Plant","floor":25.0,"turns":4.0},{"damage":5.0,"enemies":"Snecko","floor":30.0,"turns":5.0},{"damage":18.0,"enemies":"Sentry and Sphere","floor":31.0,"turns":6.0},{"damage":35.0,"enemies":"Champ","floor":33.0,"turns":11.0},{"damage":17.0,"enemies":"3 Darklings","floor":35.0,"turns":9.0},{"damage":8,"enemies":"3 Shapes","floor":37,"turns":8},{"damage":18,"enemies":"Maw","floor":38,"turns":9},{"damage":3,"enemies":"Sphere and 2 Shapes","floor":44,"turns":5},{"damage":0,"enemies":"4 Shapes","floor":46,"turns":4},{"damage":56,"enemies":"Time Eater","floor":50,"turns":11}],"seed_played":"-2016347019353840680","potions_obtained":[{"floor":2.0,"key":"GamblersBrew"},{"floor":7.0,"key":"FearPotion"},{"floor":8.0,"key":"SpeedPotion"},{"floor":12.0,"key":"Ancient Potion"},{"floor":21.0,"key":"GamblersBrew"},{"floor":24.0,"key":"GhostInAJar"},{"floor":30.0,"key":"Energy Potion"},{"floor":33.0,"key":"SkillPotion"},{"floor":38,"key":"AttackPotion"},{"floor":44,"key":"Weak Potion"}],"is_trial":false,"path_per_floor":["M","M","M","M","?","R","E","M","T","$","R","M","T","$","R","B",null,"M","M","?","M","?","R","M","M","T","R","?","R","M","M","R","B",null,"M","?","M","M","?","R","$","?","T","M","R","M","R","?","R","B",null],"character_chosen":"THE_SILENT","items_purchased":["Leg Sweep","Accuracy","Well Laid Plans","GhostInAJar"],"campfire_rested":1,"item_purchase_floors":[14,14,41,41],"current_hp_per_floor":[59,54,54,48,48,48,28,25,25,25,25,37,37,37,37,34,58,52,41,41,41,41,41,36,36,36,36,36,36,43,37,56,33,58,41,41,45,39,39,57,57,45,45,42,60,60,66,66,66,10],"gold":87,"neow_bonus":"ONE_RARE_RELIC","is_prod":false,"is_daily":false,"chose_seed":false,"campfire_upgraded":9,"win_rate":0,"timestamp":1564004218,"path_taken":["M","M","M","M","?","R","E","M","T","$","R","?","?","$","R","BOSS","M","M","?","M","?","R","?","M","T","R","?","R","M","M","R","BOSS","M","?","M","M","?","R","$","?","T","M","R","M","R","?","R","BOSS"],"build_version":"2019-07-17","purchased_purges":1,"victory":true,"max_hp_per_floor":[66,66,66,66,66,66,66,66,66,66,66,66,66,66,66,66,66,66,66,66,66,66,66,66,66,66,66,66,66,66,66,66,66,66,66,66,66,66,66,66,66,66,66,66,66,66,66,66,66,66],"card_choices":[{"not_picked":["Deflect","Dodge and Roll"],"picked":"Backflip","floor":1.0},{"not_picked":["Dodge and Roll","Flying Knee"],"picked":"Infinite Blades","floor":2.0},{"not_picked":["Underhanded Strike","Doppelganger"],"picked":"Bouncing Flask","floor":3.0},{"not_picked":["Blade Dance","Eviscerate"],"picked":"Deflect","floor":4.0},{"not_picked":["Backflip","Wraith Form v2"],"picked":"Dagger Throw","floor":7.0},{"not_picked":["Dodge and Roll","Quick Slash"],"picked":"Underhanded Strike","floor":8.0},{"not_picked":["Backflip","Deadly Poison"],"picked":"Dagger Throw","floor":12.0},{"not_picked":["Doppelganger","Grand Finale"],"picked":"A Thousand Cuts","floor":16.0},{"not_picked":["Catalyst","Backflip"],"picked":"Finisher","floor":18.0},{"not_picked":["Skewer","Tactician"],"picked":"Cloak And Dagger","floor":19.0},{"not_picked":["Bane","Sucker Punch"],"picked":"Cloak And Dagger","floor":21.0},{"not_picked":["Acrobatics","Cloak And Dagger"],"picked":"Slice","floor":24.0},{"not_picked":["Outmaneuver","Dagger Spray"],"picked":"Malaise","floor":25.0},{"not_picked":["Deadly Poison+1","Bane"],"picked":"Cloak And Dagger","floor":30.0},{"not_picked":["Bane","Outmaneuver","Acrobatics"],"picked":"SKIP","floor":31.0},{"not_picked":["Grand Finale","Night Terror"],"picked":"Die Die Die","floor":33.0},{"not_picked":["Escape Plan","Flying Knee","Blade Dance"],"picked":"SKIP","floor":35.0},{"not_picked":["Dagger Throw","Masterful Stab","Dagger Spray"],"picked":"SKIP","floor":37},{"not_picked":["Poisoned Stab+1","Dodge and Roll","Bane"],"picked":"SKIP","floor":38},{"not_picked":["Trip","Jack Of All Trades"],"picked":"Sadistic Nature","floor":39},{"not_picked":["Deadly Poison","Cloak And Dagger+1","All Out Attack"],"picked":"SKIP","floor":44},{"not_picked":["Catalyst","Cloak And Dagger","Quick Slash"],"picked":"SKIP","floor":46}],"player_experience":889468,"relics_obtained":[{"floor":7.0,"key":"Meat on the Bone"},{"floor":9.0,"key":"Oddly Smooth Stone"},{"floor":13.0,"key":"Pen Nib"},{"floor":26.0,"key":"Centennial Puzzle"},{"floor":43,"key":"Bottled Tornado"}],"event_choices":[{"damage_healed":0.0,"max_hp_gain":0.0,"max_hp_loss":0.0,"gold_gain":0.0,"cards_transformed":["Defend_G"],"event_name":"Transmorgrifier","player_choice":"Transformed","floor":5.0,"gold_loss":0.0,"damage_taken":0.0,"cards_obtained":["Bouncing Flask"]},{"damage_healed":0.0,"max_hp_gain":0.0,"max_hp_loss":0.0,"gold_gain":0.0,"event_name":"Addict","player_choice":"Obtained Relic","floor":20.0,"gold_loss":85.0,"damage_taken":0.0,"relics_obtained":["Mercury Hourglass"]},{"cards_removed":["Strike_G"],"damage_healed":0.0,"max_hp_gain":0.0,"max_hp_loss":0.0,"gold_gain":0.0,"event_name":"Bonfire Elementals","player_choice":"Offered Basic","floor":22.0,"gold_loss":0.0,"damage_taken":0.0},{"damage_healed":0.0,"max_hp_gain":0.0,"max_hp_loss":0.0,"gold_gain":0.0,"event_name":"The Mausoleum","player_choice":"Opened","floor":28.0,"gold_loss":0.0,"damage_taken":0.0,"relics_obtained":["War Paint"],"cards_obtained":["Writhe"]},{"damage_healed":0,"gold_gain":0,"player_choice":"Ignored","damage_taken":0,"max_hp_gain":0,"max_hp_loss":0,"event_name":"Mysterious Sphere","floor":36,"gold_loss":0},{"damage_healed":0,"gold_gain":0,"player_choice":"Memory 1","damage_taken":0,"max_hp_gain":0,"max_hp_loss":0,"event_name":"SensoryStone","floor":39,"gold_loss":0},{"damage_healed":0,"gold_gain":0,"player_choice":"Embrace Madness","damage_taken":12,"max_hp_gain":0,"max_hp_loss":0,"event_name":"Winding Halls","floor":42,"gold_loss":0,"cards_obtained":["Madness","Madness"]},{"damage_healed":0,"gold_gain":0,"player_choice":"Upgrade","damage_taken":0,"relics_obtained":["Mark of the Bloom"],"max_hp_gain":0,"max_hp_loss":0,"event_name":"MindBloom","floor":48,"gold_loss":0,"cards_upgraded":["Strike_G","Strike_G","Strike_G","Defend_G","Defend_G","Survivor","Infinite Blades","Bouncing Flask","Dagger Throw","Underhanded Strike","Dagger Throw","Accuracy","Finisher","Slice","Malaise","Cloak And Dagger","Die Die Die","Sadistic Nature","Madness","Madness"]}],"is_beta":false,"boss_relics":[{"not_picked":["Busted Crown","White Beast Statue"],"picked":"WristBlade"},{"not_picked":["Tiny House","Black Star"],"picked":"Eternal Feather"}],"items_purged_floors":[41],"is_endless":false,"potions_floor_spawned":[2,7,8,12,16,21,24,30,33,38,44],"ascension_level":17}