{"gold_per_floor":[213,213,229,80,155,189,189,189,189,57,72,88,88,106,106,235,235],"floor_reached":17,"playtime":594,"items_purged":["Strike_B"],"score":215,"play_id":"a28ed173-ee2a-4a4e-b712-cd6984eeb1f1","local_time":"20190723223045","is_ascension_mode":true,"campfire_choices":[{"data":"Defragment","floor":7,"key":"SMITH"},{"data":"Zap","floor":13,"key":"SMITH"},{"floor":15,"key":"REST"}],"neow_cost":"NONE","seed_source_timestamp":27978983001466,"circlet_count":0,"master_deck":["Strike_B","Strike_B","Defend_B","Defend_B","Defend_B","Zap+1","Dualcast","Gash","Gash","Defragment+1","Ball Lightning","Coolheaded","Melter","Coolheaded","Gash","Barrage","All For One+1","Streamline+1","Reprogram+1"],"relics":["Cracked Core","Potion Belt","Golden Idol","Boot","Astrolabe"],"potions_floor_usage":[],"damage_taken":[{"damage":0,"enemies":"2 Louse","floor":1,"turns":2},{"damage":5,"enemies":"Small Slimes","floor":3,"turns":3},{"damage":21,"enemies":"Lagavulin","floor":6,"turns":5},{"damage":1,"enemies":"Jaw Worm","floor":11,"turns":2},{"damage":4,"enemies":"Blue Slaver","floor":12,"turns":3},{"damage":2,"enemies":"2 Fungi Beasts","floor":14,"turns":3},{"damage":0,"enemies":"Slime Boss","floor":16,"turns":7}],"seed_played":"-4027021964444764039","potions_obtained":[{"floor":12,"key":"Weak Potion"},{"floor":14,"key":"Explosive Potion"},{"floor":16,"key":"Strength Potion"}],"is_trial":false,"path_per_floor":["M","?","M","$","?","E","R","?","T","$","M","M","R","M","R","B",null],"character_chosen":"DEFECT","items_purchased":["Defragment","Coolheaded","Melter"],"campfire_rested":1,"item_purchase_floors":[4,10,10],"current_hp_per_floor":[75,80,75,75,64,43,43,43,43,43,42,38,38,36,58,58,58],"gold":235,"neow_bonus":"HUNDRED_GOLD","is_prod":false,"is_daily":false,"chose_seed":false,"campfire_upgraded":2,"win_rate":0,"timestamp":1563939045,"path_taken":["M","?","M","$","?","E","R","?","T","?","M","M","R","?","R","BOSS"],"build_version":"2019-07-17","purchased_purges":1,"victory":false,"max_hp_per_floor":[75,80,80,80,80,80,80,74,74,74,74,74,74,74,74,74,74],"card_choices":[{"not_picked":["Conserve Battery","BootSequence"],"picked":"Gash","floor":1},{"not_picked":["Leap","Blizzard"],"picked":"Gash","floor":3},{"not_picked":["Redo","Skim"],"picked":"Ball Lightning","floor":6},{"not_picked":["Rebound","Static Discharge"],"picked":"Coolheaded","floor":11},{"not_picked":["Coolheaded","Stack"],"picked":"Gash","floor":12},{"not_picked":["Lockon","Seek"],"picked":"Barrage","floor":14},{"not_picked":["Thunder Strike","Reboot"],"picked":"Seek","floor":16}],"player_experience":217446,"relics_obtained":[{"floor":6,"key":"Potion Belt"},{"floor":9,"key":"Boot"}],"event_choices":[{"damage_healed":0,"gold_gain":0,"player_choice":"Donut","damage_taken":0,"max_hp_gain":5,"max_hp_loss":0,"event_name":"Big Fish","floor":2,"gold_loss":0},{"damage_healed":0,"gold_gain":75,"player_choice":"Gather Gold","damage_taken":11,"max_hp_gain":0,"max_hp_loss":0,"event_name":"World of Goop","floor":5,"gold_loss":0},{"damage_healed":0,"gold_gain":0,"player_choice":"Lose Max HP","damage_taken":0,"relics_obtained":["Golden Idol"],"max_hp_gain":0,"max_hp_loss":6,"event_name":"Golden Idol","floor":8,"gold_loss":0}],"is_beta":false,"boss_relics":[{"not_picked":["Coffee Dripper","Runic Pyramid"],"picked":"Astrolabe"}],"items_purged_floors":[4],"is_endless":false,"potions_floor_spawned":[12,14,16],"ascension_level":1}