{"gold_per_floor":[116,116,191,210,229,229,270,270,319,319,319,34,34,55,55,176,176,194,194,194,40,53,53,86,168,168,186,206,241,266,286,286,405,405,429,429,16,16,32,32,51,90,90,110,124,45,78,97,97,97],"floor_reached":51,"playtime":1970,"items_purged":["Strike_R","Defend_R+1"],"score":782,"play_id":"8e584b82-52f3-442f-8f52-ebdf0733d99e","local_time":"20190119190856","is_ascension_mode":true,"campfire_choices":[{"data":"Bash","floor":6,"key":"SMITH"},{"data":"Sword Boomerang","floor":8,"key":"SMITH"},{"floor":11,"key":"REST"},{"data":"Thunderclap","floor":13,"key":"SMITH"},{"floor":15,"key":"REST"},{"data":"Flex","floor":23,"key":"SMITH"},{"data":"Battle Trance","floor":32,"key":"SMITH"},{"data":"Madness","floor":40,"key":"SMITH"},{"floor":49,"key":"REST"}],"neow_cost":"NONE","seed_source_timestamp":858422083222259,"circlet_count":0,"master_deck":["Strike_R+1","Strike_R+1","Strike_R+1","Strike_R+1","Defend_R+1","Defend_R+1","Defend_R+1","Bash+1","Thunderclap+1","Sword Boomerang+1","Pommel Strike+1","Carnage+1","Cleave+1","Shrug It Off","Spot Weakness","Impervious","Flex+1","Pummel","Battle Trance+1","Metallicize+1","Iron Wave+1","Exhume","Fire Breathing+1","Madness+1","Heavy Blade+1","Warcry+1","Ghostly Armor+1","Body Slam+1","Double Tap","Shrug It Off+1"],"relics":["Burning Blood","NeowsBlessing","Golden Idol","Blood Vial","Dream Catcher","HandDrill","Velvet Choker","Whetstone","Bag of Preparation","Gremlin Horn","Mummified Hand","Lantern","Philosopher\u0027s Stone","Bird Faced Urn","Happy Flower","Dodecahedron"],"potions_floor_usage":[7,29,50,50],"damage_taken":[{"damage":0,"enemies":"2 Louse","floor":1,"turns":1},{"damage":0,"enemies":"Cultist","floor":4,"turns":1},{"damage":0,"enemies":"Jaw Worm","floor":5,"turns":1},{"damage":44,"enemies":"3 Sentries","floor":7,"turns":8},{"damage":18,"enemies":"Exordium Thugs","floor":14,"turns":5},{"damage":64,"enemies":"The Guardian","floor":16,"turns":10},{"damage":7,"enemies":"3 Byrds","floor":18,"turns":4},{"damage":2,"enemies":"2 Thieves","floor":22,"turns":3},{"damage":27,"enemies":"Book of Stabbing","floor":24,"turns":5},{"damage":1,"enemies":"Cultist and Chosen","floor":27,"turns":4},{"damage":0,"enemies":"Snecko","floor":28,"turns":3},{"damage":29,"enemies":"Slavers","floor":29,"turns":5},{"damage":15,"enemies":"Snake Plant","floor":30,"turns":4},{"damage":6,"enemies":"Centurion and Healer","floor":31,"turns":3},{"damage":31,"enemies":"Automaton","floor":33,"turns":7},{"damage":0,"enemies":"3 Shapes","floor":35,"turns":3},{"damage":7,"enemies":"3 Darklings","floor":39,"turns":3},{"damage":0,"enemies":"Jaw Worm Horde","floor":41,"turns":2},{"damage":22,"enemies":"Giant Head","floor":42,"turns":6},{"damage":29,"enemies":"Maw","floor":44,"turns":6},{"damage":13,"enemies":"Writhing Mass","floor":45,"turns":4},{"damage":19,"enemies":"Reptomancer","floor":47,"turns":5},{"damage":0,"enemies":"Spire Growth","floor":48,"turns":3},{"damage":75,"enemies":"Awakened One","floor":50,"turns":12}],"seed_played":"6794950749623679210","potions_obtained":[{"floor":4,"key":"LiquidBronze"},{"floor":22,"key":"Energy Potion"},{"floor":27,"key":"Explosive Potion"},{"floor":28,"key":"SpeedPotion"},{"floor":33,"key":"Poison Potion"},{"floor":35,"key":"EssenceOfSteel"},{"floor":48,"key":"Regen Potion"}],"is_trial":false,"path_per_floor":["M","?","?","M","M","R","E","R","T","?","R","$","R","M","R","B",null,"M","?","?","$","M","R","E","T","T","M","M","E","M","M","R","B",null,"M","?","$","?","M","R","M","E","T","M","M","$","E","M","R","B",null],"character_chosen":"IRONCLAD","items_purchased":["HandDrill","Whetstone","Bird Faced Urn","Double Tap"],"campfire_rested":3,"item_purchase_floors":[12,21,37,46],"current_hp_per_floor":[80,60,52,58,64,64,26,26,26,26,50,50,50,40,64,8,80,79,79,79,79,80,80,59,59,59,66,74,53,46,48,48,25,80,80,70,70,80,79,79,80,64,64,47,46,46,37,47,71,23],"gold":97,"neow_bonus":"THREE_ENEMY_KILL","is_prod":false,"is_daily":false,"chose_seed":false,"campfire_upgraded":6,"win_rate":0,"timestamp":1547921336,"path_taken":["M","?","?","?","M","R","E","R","T","?","R","?","R","M","R","BOSS","M","?","?","$","M","R","E","?","T","M","M","E","M","M","R","BOSS","M","?","$","?","M","R","M","E","T","?","M","$","E","?","R","BOSS"],"build_version":"2019-01-17v2","purchased_purges":2,"victory":true,"max_hp_per_floor":[80,80,80,80,80,80,80,80,80,80,80,80,80,80,80,80,80,80,80,80,80,80,80,80,80,80,80,80,80,80,80,80,80,80,80,80,80,80,80,80,80,80,80,80,80,80,80,80,80,80],"card_choices":[{"not_picked":["Iron Wave","Pommel Strike"],"picked":"Thunderclap","floor":1},{"not_picked":["Thunderclap","Body Slam"],"picked":"Sword Boomerang","floor":4},{"not_picked":["Sword Boomerang","Body Slam"],"picked":"Pommel Strike","floor":5},{"not_picked":["Headbutt","Hemokinesis"],"picked":"Carnage","floor":7},{"not_picked":["Metallicize","Rupture"],"picked":"Cleave","floor":11},{"not_picked":["Havoc","Pommel Strike"],"picked":"Shrug It Off","floor":14},{"not_picked":["Clothesline","Metallicize"],"picked":"Spot Weakness","floor":15},{"not_picked":["Berserk","Immolate"],"picked":"Impervious","floor":16},{"not_picked":["Body Slam","Havoc+1"],"picked":"Flex","floor":18},{"not_picked":["Anger","Iron Wave","Warcry"],"picked":"SKIP","floor":22},{"not_picked":["Clash","Warcry"],"picked":"Pummel","floor":24},{"not_picked":["Havoc","Cleave","Sentinel"],"picked":"SKIP","floor":27},{"not_picked":["Perfected Strike","Wild Strike"],"picked":"Battle Trance","floor":28},{"not_picked":["Fiend Fire","Disarm","Clash"],"picked":"SKIP","floor":29},{"not_picked":["Perfected Strike","Headbutt"],"picked":"Metallicize+1","floor":30},{"not_picked":["Havoc","Wild Strike+1"],"picked":"Iron Wave+1","floor":31},{"not_picked":["Immolate","Berserk"],"picked":"Exhume","floor":33},{"not_picked":["Wild Strike+1","Pommel Strike+1"],"picked":"Fire Breathing+1","floor":35},{"not_picked":["Intimidate+1","Clothesline"],"picked":"Heavy Blade+1","floor":39},{"not_picked":["Hemokinesis","Headbutt"],"picked":"Warcry+1","floor":41},{"not_picked":["Clothesline+1","Dual Wield+1","Twin Strike"],"picked":"SKIP","floor":42},{"not_picked":["Thunderclap+1","Second Wind"],"picked":"Ghostly Armor+1","floor":44},{"not_picked":["Heavy Blade","Perfected Strike"],"picked":"Body Slam+1","floor":45},{"not_picked":["Whirlwind","Rage+1"],"picked":"Shrug It Off+1","floor":47},{"not_picked":["Disarm","Anger","Corruption+1"],"picked":"SKIP","floor":48}],"player_experience":130903,"relics_obtained":[{"floor":7,"key":"Blood Vial"},{"floor":9,"key":"Dream Catcher"},{"floor":24,"key":"Bag of Preparation"},{"floor":25,"key":"Gremlin Horn"},{"floor":26,"key":"Mummified Hand"},{"floor":29,"key":"Lantern"},{"floor":42,"key":"Happy Flower"},{"floor":47,"key":"Dodecahedron"}],"event_choices":[{"damage_healed":0,"gold_gain":0,"player_choice":"Take Damage","damage_taken":20,"relics_obtained":["Golden Idol"],"max_hp_gain":0,"max_hp_loss":0,"event_name":"Golden Idol","floor":2,"gold_loss":0},{"damage_healed":0,"gold_gain":75,"player_choice":"Touch","damage_taken":8,"max_hp_gain":0,"max_hp_loss":0,"event_name":"FaceTrader","floor":3,"gold_loss":0},{"damage_healed":0,"gold_gain":0,"player_choice":"Upgraded","damage_taken":0,"max_hp_gain":0,"max_hp_loss":0,"event_name":"Upgrade Shrine","floor":10,"gold_loss":0,"cards_upgraded":["Pommel Strike"]},{"damage_healed":0,"gold_gain":0,"player_choice":"Simplicity","damage_taken":0,"max_hp_gain":0,"max_hp_loss":0,"event_name":"Back to Basics","floor":19,"gold_loss":0,"cards_upgraded":["Strike_R","Strike_R","Strike_R","Strike_R","Defend_R","Defend_R","Defend_R","Defend_R"]},{"damage_healed":0,"gold_gain":0,"player_choice":"Embrace Madness","damage_taken":10,"max_hp_gain":0,"max_hp_loss":0,"event_name":"Winding Halls","floor":36,"gold_loss":0,"cards_obtained":["Madness","Madness"]},{"cards_removed":["Madness"],"damage_healed":10,"gold_gain":0,"player_choice":"Offered Uncommon","damage_taken":0,"max_hp_gain":0,"max_hp_loss":0,"event_name":"Bonfire Elementals","floor":38,"gold_loss":0}],"is_beta":false,"boss_relics":[{"not_picked":["Snecko Eye","Tiny House"],"picked":"Velvet Choker"},{"not_picked":["Coffee Dripper","Busted Crown"],"picked":"Philosopher\u0027s Stone"}],"items_purged_floors":[12,37],"is_endless":false,"potions_floor_spawned":[4,22,27,28,33,35,41,45,47,48],"ascension_level":1}