{"gold_per_floor":[116,130,130,130,151,151,195,45,45,45,63,78,91,44,44,44],"floor_reached":16,"playtime":971,"items_purged":["Strike_G"],"score":107,"play_id":"39f14257-b5b4-4a0c-92cc-37ab44dbddaf","local_time":"20190713193026","is_ascension_mode":true,"campfire_choices":[{"data":"Setup","floor":6,"key":"SMITH"},{"data":"Infinite Blades","floor":10,"key":"SMITH"},{"floor":15,"key":"REST"}],"neow_cost":"NONE","seed_source_timestamp":6115707334151,"circlet_count":0,"master_deck":["Strike_G","Strike_G","Strike_G","Strike_G","Defend_G","Defend_G","Defend_G","Defend_G","Survivor","Neutralize+1","Backflip","Terror","Setup+1","Flying Knee+1","Infinite Blades+1","Flying Knee+1","Footwork","Sucker Punch+1","Sucker Punch+1"],"relics":["Ring of the Snake","Golden Idol","Molten Egg 2","Darkstone Periapt"],"potions_floor_usage":[11,12,16],"damage_taken":[{"damage":0,"enemies":"Small Slimes","floor":1,"turns":3},{"damage":0,"enemies":"Jaw Worm","floor":2,"turns":5},{"damage":0,"enemies":"2 Louse","floor":5,"turns":4},{"damage":18,"enemies":"Gremlin Nob","floor":7,"turns":5},{"damage":2,"enemies":"Looter","floor":11,"turns":3},{"damage":28,"enemies":"Gremlin Gang","floor":12,"turns":5},{"damage":6,"enemies":"Red Slaver","floor":13,"turns":3},{"damage":26,"enemies":"Slime Boss","floor":16,"turns":7}],"seed_played":"1251914653610992617","potions_obtained":[{"floor":2,"key":"GhostInAJar"},{"floor":5,"key":"Strength Potion"},{"floor":7,"key":"Strength Potion"},{"floor":13,"key":"Poison Potion"}],"is_trial":false,"path_per_floor":["M","M","?","?","M","R","E","$","T","R","M","M","M","$","R","B"],"character_chosen":"THE_SILENT","items_purchased":["Infinite Blades","Sucker Punch+1"],"campfire_rested":1,"item_purchase_floors":[8,14],"current_hp_per_floor":[70,70,70,65,65,65,47,47,47,47,45,17,11,11,30,4],"gold":44,"neow_bonus":"UPGRADE_CARD","is_prod":false,"is_daily":false,"chose_seed":false,"campfire_upgraded":2,"win_rate":0,"timestamp":1563064226,"path_taken":["M","M","?","?","M","R","E","?","T","R","M","M","M","$","R","BOSS"],"build_version":"2019-07-05","purchased_purges":1,"victory":false,"max_hp_per_floor":[70,70,70,65,65,65,65,65,65,65,65,65,65,65,65,65],"card_choices":[{"not_picked":["Deadly Poison","Prepared"],"picked":"Backflip","floor":1},{"not_picked":["Well Laid Plans","All Out Attack"],"picked":"Terror","floor":2},{"not_picked":["Skewer","Backflip"],"picked":"Setup","floor":5},{"not_picked":["Cloak And Dagger","Distraction"],"picked":"Flying Knee","floor":7},{"not_picked":["Endless Agony+1","Unload+1"],"picked":"Flying Knee+1","floor":11},{"not_picked":["Acrobatics","Prepared"],"picked":"Footwork","floor":12},{"not_picked":["Crippling Poison","Outmaneuver"],"picked":"Sucker Punch+1","floor":13}],"player_experience":152490,"relics_obtained":[{"floor":7,"key":"Molten Egg 2"},{"floor":9,"key":"Darkstone Periapt"}],"event_choices":[{"cards_removed":["Defend_G"],"damage_healed":0,"gold_gain":0,"player_choice":"Forget","damage_taken":0,"max_hp_gain":0,"max_hp_loss":0,"event_name":"Living Wall","floor":3,"gold_loss":0},{"damage_healed":0,"gold_gain":0,"player_choice":"Lose Max HP","damage_taken":0,"relics_obtained":["Golden Idol"],"max_hp_gain":0,"max_hp_loss":5,"event_name":"Golden Idol","floor":4,"gold_loss":0}],"is_beta":false,"boss_relics":[],"items_purged_floors":[8],"is_endless":false,"potions_floor_spawned":[2,5,7,13],"killed_by":"Slime Boss","ascension_level":1}