{"gold_per_floor":[112,123,133,144,161,195,195,213,287,297,297,311,311,321,321,397,397,408,425,230,240,251,266,266,292,292,302,4,14,14,31,31,108,108,123,137,137,152,6,31,31,58,58,76,94,106,122,140,140,140],"floor_reached":51,"playtime":6417,"items_purged":[],"score":1291,"play_id":"14625fac-8784-48ef-808c-2599d4e71317","local_time":"20190705212628","is_ascension_mode":true,"campfire_choices":[{"data":"Flame Barrier","floor":7.0,"key":"SMITH"},{"data":"Armaments","floor":15.0,"key":"SMITH"},{"floor":24.0,"key":"REST"},{"floor":30.0,"key":"REST"},{"floor":32.0,"key":"REST"},{"floor":41.0,"key":"REST"},{"floor":49,"key":"REST"}],"neow_cost":"NONE","seed_source_timestamp":631933750520600,"circlet_count":0,"master_deck":["AscendersBane","Strike_R","Strike_R","Strike_R","Strike_R","Strike_R","Defend_R","Defend_R","Defend_R","Defend_R","Bash","Finesse","Cleave","Iron Wave","Clash","Armaments+1","Feed","Flame Barrier+1","Iron Wave","Flame Barrier","Thunderclap","Shockwave","Demon Form","Metallicize","Armaments","Uppercut","Body Slam","True Grit","Anger","Whirlwind","Impervious","Whirlwind","Blood for Blood+1","Double Tap","Regret","Shrug It Off","Flame Barrier"],"special_seed":0,"relics":["Burning Blood","Magic Flower","Kunai","Fusion Hammer","Oddly Smooth Stone","Letter Opener","Anchor","Happy Flower","Lantern","Cursed Key","Potion Belt","Nunchaku","Bag of Preparation","Torii"],"potions_floor_usage":[48,50],"damage_taken":[{"damage":0.0,"enemies":"Small Slimes","floor":1.0,"turns":3.0},{"damage":12.0,"enemies":"Jaw Worm","floor":2.0,"turns":3.0},{"damage":6.0,"enemies":"Cultist","floor":3.0,"turns":3.0},{"damage":15.0,"enemies":"Large Slime","floor":4.0,"turns":7.0},{"damage":6.0,"enemies":"Looter","floor":5.0,"turns":3.0},{"damage":39.0,"enemies":"Lagavulin","floor":6.0,"turns":6.0},{"damage":24.0,"enemies":"Gremlin Gang","floor":8.0,"turns":4.0},{"damage":0.0,"enemies":"Red Slaver","floor":10.0,"turns":4.0},{"damage":0.0,"enemies":"2 Fungi Beasts","floor":12.0,"turns":3.0},{"damage":3.0,"enemies":"Blue Slaver","floor":14.0,"turns":6.0},{"damage":13.0,"enemies":"The Guardian","floor":16.0,"turns":15.0},{"damage":7.0,"enemies":"3 Byrds","floor":18.0,"turns":5.0},{"damage":14.0,"enemies":"2 Thieves","floor":19.0,"turns":4.0},{"damage":26.0,"enemies":"Snake Plant","floor":21.0,"turns":7.0},{"damage":14.0,"enemies":"Snecko","floor":22.0,"turns":4.0},{"damage":23.0,"enemies":"Sentry and Sphere","floor":23.0,"turns":10.0},{"damage":65.0,"enemies":"Gremlin Leader","floor":25.0,"turns":10.0},{"damage":15.0,"enemies":"Snake Plant","floor":27.0,"turns":5.0},{"damage":0.0,"enemies":"Centurion and Healer","floor":29.0,"turns":6.0},{"damage":23.0,"enemies":"Sentry and Sphere","floor":31.0,"turns":7.0},{"damage":55.0,"enemies":"Champ","floor":33.0,"turns":12.0},{"damage":17.0,"enemies":"3 Shapes","floor":35.0,"turns":7.0},{"damage":12.0,"enemies":"3 Darklings","floor":36.0,"turns":5.0},{"damage":23.0,"enemies":"Maw","floor":38.0,"turns":9.0},{"damage":23.0,"enemies":"Nemesis","floor":40.0,"turns":7.0},{"damage":53.0,"enemies":"Reptomancer","floor":42.0,"turns":9.0},{"damage":38.0,"enemies":"Transient","floor":44.0,"turns":5.0},{"damage":0.0,"enemies":"Spire Growth","floor":45.0,"turns":5.0},{"damage":2.0,"enemies":"Maw","floor":46.0,"turns":8.0},{"damage":23.0,"enemies":"Transient","floor":47.0,"turns":5.0},{"damage":3,"enemies":"Spire Growth","floor":48,"turns":5},{"damage":64,"enemies":"Awakened One","floor":50,"turns":10}],"seed_played":"-4906583279551613998","potions_obtained":[{"floor":3.0,"key":"Weak Potion"},{"floor":6.0,"key":"SpeedPotion"},{"floor":8.0,"key":"Explosive Potion"},{"floor":10.0,"key":"Strength Potion"},{"floor":18.0,"key":"Fruit Juice"},{"floor":27.0,"key":"Swift Potion"},{"floor":35.0,"key":"Block Potion"},{"floor":42.0,"key":"GamblersBrew"},{"floor":44.0,"key":"Swift Potion"},{"floor":47.0,"key":"Swift Potion"}],"is_trial":false,"path_per_floor":["M","M","M","M","M","E","R","M","T","M","?","M","?","M","R","B",null,"M","M","$","M","M","M","R","E","T","M","$","M","R","M","R","B",null,"M","M","?","M","$","E","R","E","T","M","M","M","M","M","R","B",null],"character_chosen":"IRONCLAD","items_purchased":["Oddly Smooth Stone","Explosive Potion","Happy Flower","Lantern","Potion Belt"],"campfire_rested":5,"item_purchase_floors":[20,20,28,28,39],"current_hp_per_floor":[74,68,68,59,59,26,26,11,11,20,25,40,40,46,46,42,74,81,89,89,72,72,63,93,37,37,37,37,46,77,68,100,54,95,92,89,89,81,81,67,99,55,55,26,35,42,28,34,66,16],"gold":140,"neow_bonus":"RANDOM_COLORLESS","is_prod":false,"is_daily":false,"chose_seed":false,"campfire_upgraded":2,"win_rate":0,"timestamp":1562354788,"path_taken":["M","M","M","M","M","E","R","M","T","M","?","M","?","M","R","BOSS","M","M","$","M","M","?","R","E","T","M","$","M","R","M","R","BOSS","M","M","?","M","$","E","R","E","T","M","M","M","M","M","R","BOSS"],"build_version":"2019-07-01","purchased_purges":0,"victory":true,"max_hp_per_floor":[75,75,75,75,75,75,75,75,75,75,80,84,84,84,84,84,84,87,95,95,95,98,101,101,101,101,105,105,105,105,108,108,108,108,111,111,105,109,109,109,109,109,109,109,109,109,109,109,109,112],"card_choices":[{"not_picked":["Clothesline","Twin Strike"],"picked":"Cleave","floor":1.0},{"not_picked":["Searing Blow","Sentinel"],"picked":"Iron Wave","floor":2.0},{"not_picked":["Bloodletting","Entrench"],"picked":"Clash","floor":3.0},{"not_picked":["Sword Boomerang","Body Slam"],"picked":"Armaments","floor":4.0},{"not_picked":["Clothesline","Flex"],"picked":"Feed","floor":5.0},{"not_picked":["Sword Boomerang","Clothesline"],"picked":"Flame Barrier","floor":6.0},{"not_picked":["Entrench","Seeing Red"],"picked":"Iron Wave","floor":8.0},{"not_picked":["Clash","True Grit"],"picked":"Flame Barrier","floor":10.0},{"not_picked":["Twin Strike","Heavy Blade"],"picked":"Thunderclap","floor":12.0},{"not_picked":["Ghostly Armor","Clash"],"picked":"Shockwave","floor":14.0},{"not_picked":["Juggernaut","Immolate"],"picked":"Demon Form","floor":16.0},{"not_picked":["Headbutt+1","Anger"],"picked":"Metallicize","floor":18.0},{"not_picked":["Warcry","Pommel Strike"],"picked":"Armaments","floor":19.0},{"not_picked":["Battle Trance+1","Sword Boomerang"],"picked":"Uppercut","floor":21.0},{"not_picked":["Burning Pact","Clash"],"picked":"Body Slam","floor":22.0},{"not_picked":["Sever Soul","Headbutt","Power Through"],"picked":"SKIP","floor":23.0},{"not_picked":["Armaments","Feel No Pain"],"picked":"True Grit","floor":25.0},{"not_picked":["Evolve","Thunderclap"],"picked":"Anger","floor":27.0},{"not_picked":["Perfected Strike","Havoc","Warcry"],"picked":"SKIP","floor":29.0},{"not_picked":["Headbutt","Bloodletting"],"picked":"Whirlwind","floor":31.0},{"not_picked":["Double Tap","Demon Form"],"picked":"Impervious","floor":33.0},{"not_picked":["Cleave","Hemokinesis"],"picked":"Whirlwind","floor":35.0},{"not_picked":["Sentinel","Iron Wave"],"picked":"Blood for Blood+1","floor":36.0},{"not_picked":["Perfected Strike","Thunderclap","Seeing Red"],"picked":"SKIP","floor":38.0},{"not_picked":["Sever Soul","Flex","Rage"],"picked":"SKIP","floor":40.0},{"not_picked":["Second Wind","Armaments+1"],"picked":"Double Tap","floor":42.0},{"not_picked":["Entrench+1","Hemokinesis+1"],"picked":"Shrug It Off","floor":44.0},{"not_picked":["Wild Strike","True Grit","Entrench+1"],"picked":"SKIP","floor":45.0},{"not_picked":["Reaper","Thunderclap","Heavy Blade+1"],"picked":"SKIP","floor":46.0},{"not_picked":["Armaments","Havoc","Wild Strike"],"picked":"SKIP","floor":47.0},{"not_picked":["Clothesline","Infernal Blade"],"picked":"Flame Barrier","floor":48}],"player_experience":826769,"relics_obtained":[{"floor":6.0,"key":"Magic Flower"},{"floor":9.0,"key":"Kunai"},{"floor":25.0,"key":"Letter Opener"},{"floor":26.0,"key":"Anchor"},{"floor":40.0,"key":"Nunchaku"},{"floor":42.0,"key":"Bag of Preparation"},{"floor":43.0,"key":"Torii"}],"event_choices":[{"damage_healed":0.0,"max_hp_gain":5.0,"max_hp_loss":0.0,"gold_gain":0.0,"event_name":"Big Fish","player_choice":"Donut","floor":11.0,"gold_loss":0.0,"damage_taken":0.0},{"damage_healed":0.0,"max_hp_gain":0.0,"max_hp_loss":0.0,"gold_gain":0.0,"event_name":"FaceTrader","player_choice":"Leave","floor":13.0,"gold_loss":0.0,"damage_taken":0.0},{"damage_healed":0.0,"max_hp_gain":0.0,"max_hp_loss":6.0,"gold_gain":0.0,"event_name":"Winding Halls","player_choice":"Max HP","floor":37.0,"gold_loss":0.0,"damage_taken":0.0}],"is_beta":false,"boss_relics":[{"not_picked":["Runic Pyramid","Sozu"],"picked":"Fusion Hammer"},{"not_picked":["Orrery","White Beast Statue"],"picked":"Cursed Key"}],"items_purged_floors":[],"is_endless":false,"potions_floor_spawned":[3,6,8,10,16,18,21,27,35,42,44,47],"ascension_level":15}