{"gold_per_floor":[10,26,36,49,62,62,90,90,138,138,151,169,169,169,169,243,243,255,41,41,51,70,70,104,104,104,121,121,121,133,133,133,207,207,227,243,77,77,93,93,113,113,189,189,219,219,233,246,246,246],"floor_reached":51,"playtime":4063,"items_purged":[],"score":1229,"play_id":"f4767bea-75b5-4b38-a4c0-6310c8430fe4","local_time":"20190712144504","is_ascension_mode":true,"campfire_choices":[{"data":"Armaments","floor":6.0,"key":"SMITH"},{"data":"Shrug It Off","floor":8.0,"key":"SMITH"},{"data":"Juggernaut","floor":10.0,"key":"SMITH"},{"data":"Uppercut","floor":13.0,"key":"SMITH"},{"data":"Iron Wave","floor":15.0,"key":"SMITH"},{"data":"True Grit","floor":23.0,"key":"SMITH"},{"floor":25.0,"key":"REST"},{"floor":28.0,"key":"REST"},{"floor":32.0,"key":"REST"},{"floor":40.0,"key":"REST"},{"data":"True Grit","floor":42.0,"key":"SMITH"},{"floor":46.0,"key":"REST"},{"floor":49.0,"key":"REST"}],"neow_cost":"NO_GOLD","seed_source_timestamp":174916856086800,"circlet_count":0,"master_deck":["AscendersBane","Bash","Clash","Armaments+1","Metallicize","Juggernaut+1","Shrug It Off+1","Iron Wave+1","Uppercut+1","Iron Wave","Immolate","Juggernaut","Whirlwind","Spot Weakness","Anger","Seeing Red","Spot Weakness","Reaper","Ghostly Armor","True Grit+1","Exhume","Sword Boomerang","Power Through","Power Through","Feed","True Grit+1","Ghostly Armor","Madness","Madness","True Grit+1","Headbutt"],"special_seed":0,"relics":["Burning Blood","Juzu Bracelet","Vajra","Pandora\u0027s Box","Oddly Smooth Stone","Bottled Flame","Ice Cream","Lantern","Black Star","Anchor","Sundial","Regal Pillow","Bottled Lightning"],"potions_floor_usage":[],"damage_taken":[{"damage":26.0,"enemies":"Jaw Worm","floor":1.0,"turns":6.0},{"damage":2.0,"enemies":"Cultist","floor":2.0,"turns":4.0},{"damage":11.0,"enemies":"2 Louse","floor":3.0,"turns":3.0},{"damage":5.0,"enemies":"Gremlin Gang","floor":4.0,"turns":7.0},{"damage":14.0,"enemies":"Looter","floor":5.0,"turns":4.0},{"damage":25.0,"enemies":"3 Sentries","floor":7.0,"turns":10.0},{"damage":1.0,"enemies":"Large Slime","floor":11.0,"turns":5.0},{"damage":12.0,"enemies":"Exordium Wildlife","floor":12.0,"turns":3.0},{"damage":11.0,"enemies":"Slime Boss","floor":16.0,"turns":9.0},{"damage":9.0,"enemies":"3 Byrds","floor":18.0,"turns":3.0},{"damage":10.0,"enemies":"2 Thieves","floor":21.0,"turns":3.0},{"damage":12.0,"enemies":"Sentry and Sphere","floor":22.0,"turns":6.0},{"damage":72.0,"enemies":"Slavers","floor":24.0,"turns":7.0},{"damage":39.0,"enemies":"Shelled Parasite and Fungi","floor":27.0,"turns":4.0},{"damage":13.0,"enemies":"3 Cultists","floor":30.0,"turns":5.0},{"damage":80.0,"enemies":"Collector","floor":33.0,"turns":9.0},{"damage":11.0,"enemies":"3 Darklings","floor":35.0,"turns":2.0},{"damage":0.0,"enemies":"3 Shapes","floor":36.0,"turns":6.0},{"damage":58.0,"enemies":"3 Darklings","floor":39.0,"turns":7.0},{"damage":34.0,"enemies":"4 Shapes","floor":41.0,"turns":10.0},{"damage":73.0,"enemies":"Reptomancer","floor":45.0,"turns":10.0},{"damage":8.0,"enemies":"Jaw Worm Horde","floor":47.0,"turns":5.0},{"damage":48.0,"enemies":"Spire Growth","floor":48.0,"turns":6.0},{"damage":68,"enemies":"Time Eater","floor":50,"turns":14}],"seed_played":"-4503956097624523395","potions_obtained":[{"floor":5.0,"key":"SkillPotion"},{"floor":7.0,"key":"Poison Potion"},{"floor":12.0,"key":"GamblersBrew"},{"floor":14.0,"key":"Dexterity Potion"},{"floor":21.0,"key":"SteroidPotion"},{"floor":24.0,"key":"SpeedPotion"},{"floor":33.0,"key":"SteroidPotion"},{"floor":36.0,"key":"Block Potion"},{"floor":47.0,"key":"Regen Potion"}],"is_trial":false,"path_per_floor":["M","M","M","M","M","R","E","R","T","R","M","M","R","?","R","B",null,"M","$","?","M","M","R","E","R","T","M","R","?","M","?","R","B",null,"M","M","$","?","M","R","M","R","T","?","E","R","M","M","R","B",null],"character_chosen":"IRONCLAD","items_purchased":["Oddly Smooth Stone","Block Potion","Anchor"],"campfire_rested":6,"item_purchase_floors":[19,19,37],"current_hp_per_floor":[62,66,61,62,54,54,35,35,35,35,40,34,34,34,34,29,74,86,86,86,85,79,79,19,45,45,12,38,56,49,49,75,17,71,66,80,80,63,48,75,80,80,80,80,23,65,68,45,88,26],"gold":246,"neow_bonus":"TWENTY_PERCENT_HP_BONUS","is_prod":false,"is_daily":false,"chose_seed":false,"campfire_upgraded":7,"win_rate":0,"timestamp":1562935504,"path_taken":["M","M","M","M","M","R","E","R","T","R","M","M","R","?","R","BOSS","M","$","?","M","M","R","E","R","T","M","R","?","M","?","R","BOSS","M","M","$","?","M","R","M","R","T","?","E","R","M","M","R","BOSS"],"build_version":"2019-07-05","purchased_purges":0,"victory":true,"max_hp_per_floor":[89,89,89,89,89,89,89,89,89,89,89,89,89,89,89,89,89,89,89,89,89,89,89,89,89,89,89,89,89,89,89,89,89,89,89,92,92,92,92,92,92,92,92,92,92,92,92,96,96,96],"card_choices":[{"not_picked":["Sword Boomerang","Heavy Blade"],"picked":"Clash","floor":1.0},{"not_picked":["Searing Blow","Sword Boomerang"],"picked":"Armaments","floor":2.0},{"not_picked":["Havoc","Clothesline"],"picked":"Metallicize","floor":3.0},{"not_picked":["Second Wind","Thunderclap"],"picked":"Juggernaut","floor":4.0},{"not_picked":["Cleave","Pummel"],"picked":"Shrug It Off","floor":5.0},{"not_picked":["Clothesline","Fire Breathing"],"picked":"Iron Wave","floor":7.0},{"not_picked":["Wild Strike","Shrug It Off"],"picked":"Uppercut","floor":11.0},{"not_picked":["Rage","Anger"],"picked":"Iron Wave","floor":12.0},{"not_picked":["Impervious","Brutality"],"picked":"Immolate","floor":16.0},{"not_picked":["Sentinel","Headbutt"],"picked":"Ghostly Armor","floor":18.0},{"not_picked":["Inflame+1","Clash"],"picked":"Sword Boomerang","floor":21.0},{"not_picked":["Reckless Charge","Pommel Strike","Armaments"],"picked":"SKIP","floor":22.0},{"not_picked":["Iron Wave","Warcry"],"picked":"Power Through","floor":24.0},{"not_picked":["Reaper","Perfected Strike","Wild Strike"],"picked":"SKIP","floor":27.0},{"not_picked":["Wild Strike","Intimidate"],"picked":"Power Through","floor":30.0},{"not_picked":["Bludgeon","Double Tap"],"picked":"Feed","floor":33.0},{"not_picked":["Infernal Blade","Burning Pact"],"picked":"True Grit+1","floor":35.0},{"not_picked":["Intimidate","Anger"],"picked":"Ghostly Armor","floor":36.0},{"not_picked":["Pommel Strike+1","True Grit","Havoc"],"picked":"SKIP","floor":39.0},{"not_picked":["Reckless Charge","Thunderclap"],"picked":"True Grit","floor":41.0},{"not_picked":["Pommel Strike","Second Wind","Perfected Strike"],"picked":"SKIP","floor":45.0},{"not_picked":["Twin Strike","Fire Breathing+1"],"picked":"Headbutt","floor":47.0},{"not_picked":["Headbutt","Searing Blow+1","Hemokinesis+1"],"picked":"SKIP","floor":48.0}],"player_experience":852466,"relics_obtained":[{"floor":7.0,"key":"Juzu Bracelet"},{"floor":9.0,"key":"Vajra"},{"floor":24.0,"key":"Bottled Flame"},{"floor":26.0,"key":"Ice Cream"},{"floor":31.0,"key":"Lantern"},{"floor":43.0,"key":"Sundial"},{"floor":45.0,"key":"Regal Pillow"},{"floor":45.0,"key":"Bottled Lightning"}],"event_choices":[{"damage_healed":0.0,"max_hp_gain":0.0,"max_hp_loss":0.0,"gold_gain":0.0,"event_name":"Lab","player_choice":"Got Potions","floor":14.0,"gold_loss":0.0,"damage_taken":0.0},{"damage_healed":0.0,"max_hp_gain":0.0,"max_hp_loss":0.0,"gold_gain":0.0,"cards_transformed":["Fire Breathing","Evolve"],"event_name":"Drug Dealer","player_choice":"Became Test Subject","floor":20.0,"gold_loss":0.0,"damage_taken":0.0,"cards_obtained":["True Grit","Exhume"]},{"damage_healed":18.0,"max_hp_gain":0.0,"max_hp_loss":0.0,"gold_gain":0.0,"event_name":"The Library","player_choice":"Heal","floor":29.0,"gold_loss":0.0,"damage_taken":0.0},{"damage_healed":0.0,"max_hp_gain":0.0,"max_hp_loss":0.0,"gold_gain":0.0,"event_name":"Wheel of Change","player_choice":"Relic","floor":31.0,"gold_loss":0.0,"damage_taken":0.0},{"damage_healed":0.0,"max_hp_gain":0.0,"max_hp_loss":0.0,"gold_gain":0.0,"event_name":"Winding Halls","player_choice":"Embrace Madness","floor":38.0,"gold_loss":0.0,"damage_taken":17.0,"cards_obtained":["Madness","Madness"]},{"damage_healed":0.0,"max_hp_gain":0.0,"max_hp_loss":0.0,"gold_gain":0.0,"event_name":"Mysterious Sphere","player_choice":"Ignored","floor":44.0,"gold_loss":0.0,"damage_taken":0.0}],"is_beta":false,"boss_relics":[{"not_picked":["Mark of Pain","Velvet Choker"],"picked":"Pandora\u0027s Box"},{"not_picked":["Tiny House","Empty Cage"],"picked":"Black Star"}],"items_purged_floors":[],"is_endless":false,"potions_floor_spawned":[5,7,12,21,24,33,36,47],"ascension_level":17}