{"gold_per_floor":[118,136,154,165,179,210,210,221,298,298,316,91,111,133,133,237,237,247,96,107,120,137,167,167,178,201,214,214,228,55,55,55,155,155,168,186,61,61,61,61,81,81,81,81,91,91,103,123,123,123],"floor_reached":51,"playtime":2248,"items_purged":["Defend_G","Defend_G","Strike_G"],"score":727,"play_id":"975fb82f-9176-41cb-9069-9fe1fd41241d","local_time":"20190721121439","is_ascension_mode":false,"campfire_choices":[{"floor":7,"key":"REST"},{"data":"Noxious Fumes","floor":10,"key":"SMITH"},{"floor":15,"key":"REST"},{"floor":24,"key":"REST"},{"floor":32,"key":"REST"},{"floor":40,"key":"REST"},{"floor":42,"key":"REST"},{"data":"Apotheosis","floor":44,"key":"SMITH"},{"floor":49,"key":"REST"}],"neow_cost":"NONE","seed_source_timestamp":559847814576013,"circlet_count":0,"master_deck":["Strike_G","Strike_G","Strike_G","Strike_G","Defend_G","Defend_G","Defend_G","Survivor","Neutralize","PiercingWail","Backflip","Backflip","Malaise","Noxious Fumes+1","Backflip","Backflip","Corpse Explosion","Escape Plan","Poisoned Stab","Poisoned Stab","Poisoned Stab+1","Apotheosis+1","Crippling Poison","Flash of Steel","Well Laid Plans","Crippling Poison"],"relics":["Ring of the Snake","Bag of Marbles","Pear","Ninja Scroll","Snake Skull","Odd Mushroom","Sozu","Bottled Flame","Oddly Smooth Stone","MutagenicStrength","Lizard Tail","Vajra"],"potions_floor_usage":[6,6,8,33],"damage_taken":[{"damage":0,"enemies":"Cultist","floor":1,"turns":4},{"damage":2,"enemies":"Small Slimes","floor":2,"turns":5},{"damage":2,"enemies":"2 Louse","floor":3,"turns":2},{"damage":1,"enemies":"Red Slaver","floor":4,"turns":5},{"damage":4,"enemies":"2 Fungi Beasts","floor":5,"turns":4},{"damage":32,"enemies":"Gremlin Nob","floor":6,"turns":7},{"damage":0,"enemies":"Exordium Wildlife","floor":8,"turns":3},{"damage":3,"enemies":"Gremlin Gang","floor":11,"turns":4},{"damage":0,"enemies":"Large Slime","floor":13,"turns":4},{"damage":5,"enemies":"The Mushroom Lair","floor":14,"turns":4},{"damage":21,"enemies":"The Guardian","floor":16,"turns":11},{"damage":0,"enemies":"Chosen","floor":18,"turns":5},{"damage":0,"enemies":"Shell Parasite","floor":20,"turns":4},{"damage":5,"enemies":"Cultist and Chosen","floor":21,"turns":4},{"damage":16,"enemies":"3 Cultists","floor":22,"turns":5},{"damage":23,"enemies":"Slavers","floor":23,"turns":3},{"damage":6,"enemies":"Snecko","floor":25,"turns":5},{"damage":0,"enemies":"Centurion and Healer","floor":27,"turns":3},{"damage":0,"enemies":"Snake Plant","floor":29,"turns":3},{"damage":37,"enemies":"Automaton","floor":33,"turns":7},{"damage":8,"enemies":"3 Shapes","floor":35,"turns":3},{"damage":11,"enemies":"3 Darklings","floor":36,"turns":4},{"damage":13,"enemies":"Maw","floor":41,"turns":7},{"damage":19,"enemies":"Spire Growth","floor":45,"turns":5},{"damage":12,"enemies":"Sphere and 2 Shapes","floor":47,"turns":5},{"damage":12,"enemies":"Jaw Worm Horde","floor":48,"turns":3},{"damage":31,"enemies":"Donu and Deca","floor":50,"turns":8}],"seed_played":"-9016035480536167393","potions_obtained":[{"floor":1,"key":"SpeedPotion"},{"floor":5,"key":"Ancient Potion"},{"floor":6,"key":"Weak Potion"},{"floor":16,"key":"FearPotion"}],"is_trial":false,"path_per_floor":["M","M","M","M","M","E","R","M","T","R","M","$","M","?","R","B",null,"M","$","M","M","M","E","R","M","T","M","?","M","$","?","R","B",null,"M","M","$","?","?","R","M","R","T","R","M","$","M","M","R","B",null],"character_chosen":"THE_SILENT","items_purchased":["Snake Skull","Poisoned Stab","Apotheosis"],"campfire_rested":7,"item_purchase_floors":[12,19,30],"current_hp_per_floor":[70,68,66,65,61,39,63,63,63,63,60,60,60,55,79,58,80,80,80,80,75,59,36,60,54,54,54,54,54,54,54,78,41,80,72,61,61,61,61,80,67,80,80,80,61,61,49,37,61,30],"gold":123,"neow_bonus":"RANDOM_COMMON_RELIC","is_prod":false,"is_daily":false,"chose_seed":false,"campfire_upgraded":2,"win_rate":0.0,"timestamp":1563725679,"path_taken":["M","M","M","M","M","E","R","M","T","R","M","$","M","?","R","BOSS","M","$","M","M","M","E","R","M","T","M","?","M","$","?","R","BOSS","M","M","$","?","?","R","M","R","T","R","M","$","M","M","R","BOSS"],"build_version":"2019-07-17","purchased_purges":3,"victory":true,"max_hp_per_floor":[70,70,70,70,70,80,80,80,80,80,80,80,80,80,80,80,80,80,80,80,80,80,80,80,80,80,80,80,80,80,80,80,80,80,80,80,80,80,80,80,80,80,80,80,80,80,80,80,80,80],"card_choices":[{"not_picked":["Eviscerate","Cloak And Dagger"],"picked":"PiercingWail","floor":1},{"not_picked":["Quick Slash","Cloak And Dagger"],"picked":"Backflip","floor":2},{"not_picked":["Skewer","Endless Agony","Underhanded Strike"],"picked":"SKIP","floor":3},{"not_picked":["Bane","Heel Hook"],"picked":"Backflip","floor":4},{"not_picked":["Choke","Flying Knee","Deflect"],"picked":"SKIP","floor":5},{"not_picked":["Dodge and Roll","Catalyst"],"picked":"Malaise","floor":6},{"not_picked":["All Out Attack","Distraction"],"picked":"Noxious Fumes","floor":8},{"not_picked":["Underhanded Strike","Terror"],"picked":"Backflip","floor":11},{"not_picked":["Blur","Infinite Blades","Expertise"],"picked":"SKIP","floor":13},{"not_picked":["Dodge and Roll","Accuracy"],"picked":"Backflip","floor":14},{"not_picked":["Tools of the Trade","Storm of Steel"],"picked":"Corpse Explosion","floor":16},{"not_picked":["PiercingWail+1","Bane"],"picked":"Escape Plan","floor":18},{"not_picked":["Footwork+1","PiercingWail","Acrobatics"],"picked":"SKIP","floor":20},{"not_picked":["PiercingWail","Terror+1","Sucker Punch"],"picked":"SKIP","floor":21},{"not_picked":["Dash+1","Slice"],"picked":"Poisoned Stab","floor":22},{"not_picked":["Heel Hook","Slice+1","Blur"],"picked":"SKIP","floor":23},{"not_picked":["Dagger Spray","Terror"],"picked":"Poisoned Stab+1","floor":25},{"not_picked":["PiercingWail","Flying Knee","Outmaneuver"],"picked":"SKIP","floor":27},{"not_picked":["Backflip+1","Blade Dance+1","Riddle With Holes+1"],"picked":"SKIP","floor":29},{"not_picked":["Outmaneuver","Cloak And Dagger+1","Backflip"],"picked":"SKIP","floor":35},{"not_picked":["Dagger Spray+1","Cloak And Dagger+1"],"picked":"Crippling Poison","floor":36},{"not_picked":["Madness","Panache"],"picked":"Flash of Steel","floor":38},{"not_picked":["Deflect+1","Acrobatics+1","Underhanded Strike"],"picked":"SKIP","floor":41},{"not_picked":["Blade Dance+1","Bane+1"],"picked":"Well Laid Plans","floor":45},{"not_picked":["Heel Hook","PiercingWail"],"picked":"Crippling Poison","floor":47},{"not_picked":["Cloak And Dagger","Tactician","Choke+1"],"picked":"SKIP","floor":48}],"player_experience":66385,"relics_obtained":[{"floor":6,"key":"Pear"},{"floor":9,"key":"Ninja Scroll"},{"floor":14,"key":"Odd Mushroom"},{"floor":23,"key":"Bottled Flame"},{"floor":26,"key":"Oddly Smooth Stone"},{"floor":43,"key":"Vajra"}],"event_choices":[{"damage_healed":0,"gold_gain":0,"player_choice":"Fought Mushrooms","damage_taken":0,"max_hp_gain":0,"max_hp_loss":0,"event_name":"Mushrooms","floor":14,"gold_loss":0},{"damage_healed":0,"gold_gain":0,"player_choice":"Ignored","damage_taken":0,"max_hp_gain":0,"max_hp_loss":0,"event_name":"Ghosts","floor":28,"gold_loss":0},{"damage_healed":0,"gold_gain":0,"player_choice":"Inject Mutagens","damage_taken":0,"relics_obtained":["MutagenicStrength"],"max_hp_gain":0,"max_hp_loss":0,"event_name":"Drug Dealer","floor":31,"gold_loss":0},{"damage_healed":0,"gold_gain":0,"player_choice":"Memory 1","damage_taken":0,"max_hp_gain":0,"max_hp_loss":0,"event_name":"SensoryStone","floor":38,"gold_loss":0},{"damage_healed":0,"gold_gain":0,"player_choice":"Got Potions","damage_taken":0,"max_hp_gain":0,"max_hp_loss":0,"event_name":"Lab","floor":39,"gold_loss":0}],"is_beta":false,"boss_relics":[{"not_picked":["HoveringKite","Ectoplasm"],"picked":"Sozu"},{"not_picked":["Tiny House","Velvet Choker"],"picked":"Lizard Tail"}],"items_purged_floors":[12,19,37],"is_endless":false,"potions_floor_spawned":[1,5,6,16,18,21,25,33,41,45],"ascension_level":0}