{"gold_per_floor":[116,66,79,95,108,108,108,121,121,137,137,212,230,230,230,230],"floor_reached":16,"playtime":1527,"items_purged":[],"score":94,"play_id":"ae0d3924-efac-42e5-aa6b-737e3e533e43","local_time":"20190723013531","is_ascension_mode":false,"campfire_choices":[{"data":"Body Slam","floor":6,"key":"SMITH"},{"data":"Body Slam","floor":11,"key":"SMITH"},{"floor":15,"key":"REST"}],"neow_cost":"NONE","seed_source_timestamp":19839394762800,"circlet_count":0,"master_deck":["Strike_R","Strike_R","Strike_R","Strike_R","Defend_R","Defend_R","Defend_R","Defend_R","Bash","Flex","Body Slam","Berserk","Body Slam+1","Body Slam+1","Wild Strike","True Grit"],"relics":["Burning Blood","Bottled Tornado"],"potions_floor_usage":[13,13],"damage_taken":[{"damage":7,"enemies":"Cultist","floor":1,"turns":6},{"damage":0,"enemies":"Small Slimes","floor":3,"turns":3},{"damage":0,"enemies":"2 Louse","floor":4,"turns":3},{"damage":11,"enemies":"2 Fungi Beasts","floor":5,"turns":5},{"damage":18,"enemies":"Large Slime","floor":8,"turns":7},{"damage":26,"enemies":"3 Louse","floor":10,"turns":6},{"damage":25,"enemies":"Exordium Thugs","floor":13,"turns":5},{"damage":62,"enemies":"Slime Boss","floor":16,"turns":11}],"seed_played":"-591504417853420206","potions_obtained":[{"floor":5,"key":"SpeedPotion"},{"floor":10,"key":"BloodPotion"}],"is_trial":false,"path_per_floor":["?","?","?","?"],"character_chosen":"IRONCLAD","items_purchased":[],"campfire_rested":1,"item_purchase_floors":[],"current_hp_per_floor":[87,87,88,88,83,83,83,71,71,51,51,40,29,29,55,0],"gold":230,"neow_bonus":"TEN_PERCENT_HP_BONUS","is_prod":false,"is_daily":false,"chose_seed":false,"campfire_upgraded":2,"win_rate":0.0,"timestamp":1563860131,"path_taken":["M","?","M","M","M","R","?","M","T","M","R","?","M","?","R","BOSS"],"build_version":"2019-01-23","purchased_purges":0,"victory":false,"max_hp_per_floor":[88,88,88,88,88,88,88,88,88,88,88,88,88,88,88,88],"card_choices":[{"not_picked":["Cleave","Thunderclap"],"picked":"Flex","floor":1},{"not_picked":["Fire Breathing","Headbutt"],"picked":"Body Slam","floor":3},{"not_picked":["Pommel Strike","Combust"],"picked":"Berserk","floor":4},{"not_picked":["True Grit","Ghostly Armor"],"picked":"Body Slam","floor":5},{"not_picked":["Flex","Spot Weakness"],"picked":"Body Slam","floor":8},{"not_picked":["Sword Boomerang","Clothesline"],"picked":"Wild Strike","floor":10},{"not_picked":["Bloodletting","Warcry"],"picked":"True Grit","floor":13}],"player_experience":94675,"relics_obtained":[{"floor":9,"key":"Bottled Tornado"}],"event_choices":[{"cards_removed":["Strike_R"],"damage_healed":0,"gold_gain":0,"player_choice":"Card Removal","damage_taken":0,"max_hp_gain":0,"max_hp_loss":0,"event_name":"The Cleric","floor":2,"gold_loss":50},{"damage_healed":0,"gold_gain":0,"player_choice":"Ignored","damage_taken":0,"max_hp_gain":0,"max_hp_loss":0,"event_name":"Liars Game","floor":7,"gold_loss":0},{"damage_healed":0,"gold_gain":75,"player_choice":"Gather Gold","damage_taken":11,"max_hp_gain":0,"max_hp_loss":0,"event_name":"World of Goop","floor":12,"gold_loss":0},{"damage_healed":0,"gold_gain":0,"player_choice":"Ignored","damage_taken":0,"max_hp_gain":0,"max_hp_loss":0,"event_name":"Shining Light","floor":14,"gold_loss":0}],"is_beta":false,"boss_relics":[],"items_purged_floors":[],"is_endless":false,"potions_floor_spawned":[5,10],"killed_by":"Slime Boss","ascension_level":0}