{"gold_per_floor":[114,114,39,56,56,87,102,402,429,429,429,446,461,474,474,569,569,586,586,603,620,630,630,14,14,14,14,33,33,33,33,33,33],"floor_reached":33,"playtime":1897,"items_purged":["Strike_R","Strike_R"],"score":297,"play_id":"b5c0481c-8781-4a25-9aee-8a5f6b3e1031","local_time":"20190718192348","is_ascension_mode":false,"campfire_choices":[{"floor":8,"key":"DIG"},{"floor":10,"key":"REST"},{"data":"Strike_R","floor":15,"key":"PURGE"},{"floor":23,"key":"REST"},{"floor":25,"key":"DIG"},{"floor":27,"key":"DIG"},{"data":"Strike_R+1","floor":30,"key":"PURGE"},{"floor":32,"key":"DIG"}],"neow_cost":"PERCENT_DAMAGE","seed_source_timestamp":326787247622723,"circlet_count":0,"master_deck":["Defend_R","Defend_R","Defend_R","Defend_R","Bash+1","Bloodletting","Clothesline","Feed+1","Rampage","Reckless Charge","Feed+1","Reckless Charge","Warcry","Warcry","Uppercut+1","Whirlwind+1"],"relics":["Burning Blood","Shovel","Anchor","Peace Pipe","Old Coin","Whetstone","Runic Cube","Lee\u0027s Waffle","Gremlin Horn","Molten Egg 2","Self Forming Clay","PreservedInsect","Lantern"],"potions_floor_usage":[6,7,14,14,16,16,21,22,28,33],"damage_taken":[{"damage":11,"enemies":"Jaw Worm","floor":1,"turns":5},{"damage":7,"enemies":"2 Louse","floor":4,"turns":4},{"damage":17,"enemies":"Gremlin Nob","floor":6,"turns":4},{"damage":3,"enemies":"Cultist","floor":7,"turns":2},{"damage":3,"enemies":"2 Fungi Beasts","floor":12,"turns":3},{"damage":3,"enemies":"Blue Slaver","floor":13,"turns":2},{"damage":2,"enemies":"3 Louse","floor":14,"turns":7},{"damage":62,"enemies":"The Guardian","floor":16,"turns":11},{"damage":27,"enemies":"Shell Parasite","floor":18,"turns":5},{"damage":16,"enemies":"Chosen","floor":20,"turns":6},{"damage":76,"enemies":"Snecko","floor":21,"turns":8},{"damage":21,"enemies":"Snake Plant","floor":22,"turns":4},{"damage":30,"enemies":"3 Cultists","floor":28,"turns":6},{"damage":76,"enemies":"Automaton","floor":33,"turns":8}],"seed_played":"-6780162653646024203","potions_obtained":[{"floor":1,"key":"Weak Potion"},{"floor":6,"key":"Fire Potion"},{"floor":13,"key":"EntropicBrew"},{"floor":18,"key":"BloodPotion"},{"floor":20,"key":"Dexterity Potion"},{"floor":28,"key":"Block Potion"}],"is_trial":false,"path_per_floor":["M","?","$","M","?","E","M","R","T","R","?","M","M","M","R","B",null,"M","?","M","M","M","R","$","R","T","R","M","?","R","?","R","B"],"character_chosen":"IRONCLAD","items_purchased":["Lee\u0027s Waffle","Gremlin Horn","PowerPotion"],"campfire_rested":2,"item_purchase_floors":[24,24,24],"current_hp_per_floor":[51,44,44,43,31,20,23,23,23,47,47,54,61,69,69,13,92,71,71,65,23,12,43,111,111,111,111,91,91,91,75,75,0],"gold":33,"neow_bonus":"ONE_RARE_RELIC","is_prod":false,"is_daily":false,"chose_seed":false,"campfire_upgraded":0,"win_rate":0,"timestamp":1563492228,"path_taken":["M","?","$","M","?","E","?","R","T","R","?","M","M","M","R","BOSS","M","?","?","M","M","R","$","R","T","R","M","?","R","?","R","BOSS"],"build_version":"2019-07-17","purchased_purges":2,"victory":false,"max_hp_per_floor":[80,80,80,80,80,80,80,80,80,80,80,84,88,92,92,92,92,92,92,96,100,104,104,111,111,111,111,115,115,115,115,115,115],"card_choices":[{"not_picked":["True Grit","Ghostly Armor"],"picked":"Bloodletting","floor":1},{"not_picked":["Heavy Blade","Reckless Charge"],"picked":"Clothesline","floor":4},{"not_picked":["Thunderclap","Clash"],"picked":"Feed","floor":6},{"not_picked":["Fire Breathing","Havoc","Anger"],"picked":"SKIP","floor":7},{"not_picked":["Anger","Clash","Iron Wave"],"picked":"SKIP","floor":12},{"not_picked":["Wild Strike","Clash"],"picked":"Rampage","floor":13},{"not_picked":["Anger","True Grit"],"picked":"Reckless Charge","floor":14},{"not_picked":["Limit Break","Double Tap"],"picked":"Feed","floor":16},{"not_picked":["Dual Wield","Body Slam"],"picked":"Reckless Charge","floor":18},{"not_picked":["Perfected Strike","Rage","Pummel"],"picked":"SKIP","floor":20},{"not_picked":["Power Through","Dual Wield"],"picked":"Warcry","floor":21},{"not_picked":["Twin Strike+1","Havoc+1"],"picked":"Warcry","floor":22},{"not_picked":["Rage","Pummel+1"],"picked":"Uppercut+1","floor":28}],"player_experience":33933,"relics_obtained":[{"floor":6,"key":"Peace Pipe"},{"floor":8,"key":"Old Coin"},{"floor":9,"key":"Whetstone"},{"floor":25,"key":"Molten Egg 2"},{"floor":26,"key":"Self Forming Clay"},{"floor":27,"key":"PreservedInsect"},{"floor":32,"key":"Lantern"}],"event_choices":[{"cards_removed":["Strike_R"],"damage_healed":0,"gold_gain":0,"player_choice":"Card Removal","damage_taken":7,"max_hp_gain":0,"max_hp_loss":0,"event_name":"Golden Wing","floor":2,"gold_loss":0},{"damage_healed":0,"gold_gain":0,"player_choice":"Success","damage_taken":12,"relics_obtained":["Anchor"],"max_hp_gain":0,"max_hp_loss":0,"event_name":"Scrap Ooze","floor":5,"gold_loss":0},{"damage_healed":0,"gold_gain":0,"player_choice":"Grow","damage_taken":0,"max_hp_gain":0,"max_hp_loss":0,"event_name":"Living Wall","floor":11,"gold_loss":0,"cards_upgraded":["Feed"]},{"damage_healed":0,"gold_gain":0,"player_choice":"Upgraded","damage_taken":0,"max_hp_gain":0,"max_hp_loss":0,"event_name":"Upgrade Shrine","floor":19,"gold_loss":0,"cards_upgraded":["Feed"]},{"damage_healed":0,"gold_gain":0,"player_choice":"Read","damage_taken":0,"max_hp_gain":0,"max_hp_loss":0,"event_name":"The Library","floor":29,"gold_loss":0,"cards_obtained":["Whirlwind"]},{"damage_healed":0,"gold_gain":0,"player_choice":"Obtained Book","damage_taken":16,"max_hp_gain":0,"max_hp_loss":0,"event_name":"Cursed Tome","floor":31,"gold_loss":0}],"is_beta":false,"boss_relics":[{"not_picked":["Runic Dome","Astrolabe"],"picked":"Runic Cube"}],"items_purged_floors":[3,24],"is_endless":false,"potions_floor_spawned":[1,6,13,18,20,28],"killed_by":"Automaton","ascension_level":0}