{"gold_per_floor":[109,119,134,134,55,81,81,81,81,111,121,121,0,20,20,139,139,155,155,171,187,187],"floor_reached":22,"playtime":1545,"items_purged":[],"score":196,"play_id":"0be572d4-63d0-49a3-bc73-a94176a07657","local_time":"20190717232035","is_ascension_mode":false,"campfire_choices":[{"data":"Demon Form","floor":7,"key":"SMITH"},{"data":"Heavy Blade","floor":15,"key":"SMITH"}],"neow_cost":"NONE","seed_source_timestamp":254946305973986,"circlet_count":0,"master_deck":["Strike_R","Strike_R","Strike_R","Strike_R","Defend_R","Defend_R","Defend_R","Defend_R","Bash","Demon Form+1","Metallicize","Shrug It Off","Heavy Blade+1","Rupture","Pommel Strike","Parasite","Flame Barrier+1","Headbutt","Shrug It Off+1","Offering+1","Parasite","Clumsy","Doubt","Whirlwind"],"relics":["Burning Blood","Self Forming Clay","Toxic Egg 2","Bottled Lightning","Golden Idol","Calling Bell","Pen Nib","Dodecahedron","Peace Pipe"],"potions_floor_usage":[10,14,14,16,21,21],"damage_taken":[{"damage":6,"enemies":"Cultist","floor":1,"turns":3},{"damage":0,"enemies":"Small Slimes","floor":2,"turns":4},{"damage":11,"enemies":"Jaw Worm","floor":3,"turns":3},{"damage":25,"enemies":"Lagavulin","floor":6,"turns":8},{"damage":18,"enemies":"Gremlin Nob","floor":10,"turns":5},{"damage":5,"enemies":"3 Louse","floor":11,"turns":5},{"damage":30,"enemies":"Gremlin Gang","floor":14,"turns":6},{"damage":43,"enemies":"Hexaghost","floor":16,"turns":12},{"damage":25,"enemies":"Shell Parasite","floor":18,"turns":9},{"damage":33,"enemies":"Spheric Guardian","floor":20,"turns":6},{"damage":6,"enemies":"Centurion and Healer","floor":21,"turns":4},{"damage":24,"enemies":"Snake Plant","floor":22,"turns":3}],"seed_played":"-886853784553992595","potions_obtained":[{"floor":3,"key":"BloodPotion"},{"floor":6,"key":"Swift Potion"},{"floor":11,"key":"Poison Potion"},{"floor":20,"key":"SkillPotion"}],"is_trial":false,"path_per_floor":["M","M","M","?","$","E","R","?","T","E","M","?","$","M","R","B",null,"M","?","M","M","M"],"character_chosen":"IRONCLAD","items_purchased":["Rupture","Shrug It Off+1","Regen Potion"],"campfire_rested":0,"item_purchase_floors":[5,13,13],"current_hp_per_floor":[80,80,75,68,68,49,49,69,69,57,58,38,38,46,46,9,80,61,45,18,18,0],"gold":187,"neow_bonus":"ONE_RANDOM_RARE_CARD","is_prod":false,"is_daily":false,"chose_seed":false,"campfire_upgraded":2,"win_rate":0,"timestamp":1563420035,"path_taken":["M","M","M","?","$","E","R","?","T","E","M","?","$","?","R","BOSS","M","?","?","M","M"],"build_version":"2019-07-17","purchased_purges":0,"victory":false,"max_hp_per_floor":[80,80,80,80,80,80,80,80,80,80,80,80,80,80,80,80,80,80,80,80,80,80],"card_choices":[{"not_picked":["Body Slam","Clothesline"],"picked":"Metallicize","floor":1},{"not_picked":["Heavy Blade","Perfected Strike"],"picked":"Shrug It Off","floor":2},{"not_picked":["Thunderclap","Rampage"],"picked":"Heavy Blade","floor":3},{"not_picked":["Clash","True Grit"],"picked":"Pommel Strike","floor":6},{"not_picked":["Headbutt","Uppercut"],"picked":"Flame Barrier+1","floor":10},{"not_picked":["Bludgeon","Seeing Red+1"],"picked":"Headbutt","floor":11},{"not_picked":["Carnage","Fire Breathing","Clothesline"],"picked":"SKIP","floor":14},{"not_picked":["Berserk","Immolate"],"picked":"Offering+1","floor":16},{"not_picked":["Hemokinesis","Bloodletting+1","Fire Breathing"],"picked":"SKIP","floor":18},{"not_picked":["Rage+1","Thunderclap","Body Slam"],"picked":"SKIP","floor":20},{"not_picked":["True Grit+1","Flex+1"],"picked":"Whirlwind","floor":21}],"player_experience":20835,"relics_obtained":[{"floor":6,"key":"Self Forming Clay"},{"floor":9,"key":"Toxic Egg 2"},{"floor":10,"key":"Bottled Lightning"},{"floor":17,"key":"Pen Nib"},{"floor":17,"key":"Dodecahedron"},{"floor":17,"key":"Peace Pipe"}],"event_choices":[{"cards_removed":["Strike_R"],"damage_healed":0,"gold_gain":0,"player_choice":"Card Removal","damage_taken":7,"max_hp_gain":0,"max_hp_loss":0,"event_name":"Golden Wing","floor":4,"gold_loss":0},{"damage_healed":20,"gold_gain":0,"player_choice":"Healed and dodged fight","damage_taken":0,"max_hp_gain":0,"max_hp_loss":0,"event_name":"Mushrooms","floor":8,"gold_loss":0,"cards_obtained":["Parasite"]},{"damage_healed":0,"gold_gain":0,"player_choice":"Take Damage","damage_taken":20,"relics_obtained":["Golden Idol"],"max_hp_gain":0,"max_hp_loss":0,"event_name":"Golden Idol","floor":12,"gold_loss":0},{"damage_healed":0,"gold_gain":0,"player_choice":"POTION ","damage_taken":16,"max_hp_gain":0,"max_hp_loss":0,"event_name":"Knowing Skull","floor":19,"potions_obtained":["Fire Potion"],"gold_loss":0,"cards_obtained":[]}],"is_beta":false,"boss_relics":[{"not_picked":["Cursed Key","Snecko Eye"],"picked":"Calling Bell"}],"items_purged_floors":[],"is_endless":false,"potions_floor_spawned":[3,6,11,20],"killed_by":"Snake Plant","ascension_level":0}