{"gold_per_floor":[215,226,1,176,251,6,32,132,186,33,33,64,64,83,83,184,184,195,18,33,49,68,95,120,120,190,216,234,260,278,90,90,90],"floor_reached":33,"playtime":2221,"items_purged":["Strike_R","Doubt","Strike_R"],"score":318,"play_id":"95d85203-fbaf-46b6-9453-6ca2aa1704a0","local_time":"20190718111355","is_ascension_mode":false,"campfire_choices":[{"floor":11,"key":"REST"},{"data":"Carnage","floor":13,"key":"SMITH"},{"data":"Whirlwind","floor":15,"key":"SMITH"},{"data":"Bludgeon","floor":25,"key":"SMITH"},{"data":"Battle Trance","floor":32,"key":"SMITH"}],"neow_cost":"NONE","seed_source_timestamp":297070450389845,"circlet_count":0,"master_deck":["Strike_R","Strike_R","Strike_R","Defend_R","Defend_R","Defend_R","Defend_R","Bash","Reckless Charge","Ghostly Armor","Carnage+1","Whirlwind+1","Bludgeon+1","Shrug It Off","Warcry+1","Warcry+1","Battle Trance+1","Reckless Charge","Shrug It Off"],"relics":["Burning Blood","Lantern","Centennial Puzzle","PreservedInsect","Bag of Marbles","Vajra","Sundial","Eternal Feather","Self Forming Clay","Boot","Question Card","Red Mask","Kunai","Happy Flower"],"potions_floor_usage":[7,18,21,29,29,29],"damage_taken":[{"damage":13,"enemies":"Jaw Worm","floor":1,"turns":4},{"damage":0,"enemies":"Small Slimes","floor":2,"turns":3},{"damage":50,"enemies":"3 Sentries","floor":7,"turns":13},{"damage":0,"enemies":"Gremlin Nob","floor":12,"turns":2},{"damage":0,"enemies":"Cultist","floor":14,"turns":1},{"damage":48,"enemies":"The Guardian","floor":16,"turns":9},{"damage":7,"enemies":"Shell Parasite","floor":18,"turns":6},{"damage":0,"enemies":"Chosen","floor":20,"turns":3},{"damage":8,"enemies":"Snake Plant","floor":21,"turns":3},{"damage":10,"enemies":"Snecko","floor":22,"turns":3},{"damage":35,"enemies":"Gremlin Leader","floor":23,"turns":3},{"damage":2,"enemies":"Masked Bandits","floor":27,"turns":3},{"damage":11,"enemies":"Centurion and Healer","floor":28,"turns":4},{"damage":18,"enemies":"Book of Stabbing","floor":29,"turns":3},{"damage":2,"enemies":"Cultist and Chosen","floor":30,"turns":4},{"damage":86,"enemies":"Champ","floor":33,"turns":9}],"seed_played":"-6800914272043944858","potions_obtained":[{"floor":2,"key":"Regen Potion"},{"floor":7,"key":"BloodPotion"},{"floor":16,"key":"Energy Potion"},{"floor":18,"key":"Poison Potion"},{"floor":20,"key":"Energy Potion"},{"floor":23,"key":"Dexterity Potion"}],"is_trial":false,"path_per_floor":["M","M","$","?","?","$","E","?","T","$","R","E","R","M","R","B",null,"M","$","M","M","M","E","T","R","T","?","M","E","M","$","R","B"],"character_chosen":"IRONCLAD","items_purchased":["Lantern","Centennial Puzzle","Vajra","Shrug It Off","Happy Flower","Shrug It Off"],"campfire_rested":1,"item_purchase_floors":[3,6,10,19,31,31],"current_hp_per_floor":[73,79,79,79,68,68,39,39,39,39,63,69,69,75,75,33,80,79,79,80,78,74,45,45,54,54,58,53,61,65,65,74,0],"gold":90,"neow_bonus":"HUNDRED_GOLD","is_prod":false,"is_daily":false,"chose_seed":false,"campfire_upgraded":4,"win_rate":0,"timestamp":1563462835,"path_taken":["M","M","$","?","?","?","E","?","T","$","R","E","R","M","R","BOSS","M","$","M","M","M","E","?","R","T","?","M","E","M","$","R","BOSS"],"build_version":"2019-07-17","purchased_purges":3,"victory":false,"max_hp_per_floor":[80,80,80,80,80,80,80,80,80,80,80,80,80,80,80,80,80,80,80,80,80,80,80,80,80,80,80,80,80,80,80,80,80],"card_choices":[{"not_picked":["Thunderclap","Anger"],"picked":"Reckless Charge","floor":1},{"not_picked":["Iron Wave","Combust"],"picked":"Ghostly Armor","floor":2},{"not_picked":["Thunderclap","Second Wind"],"picked":"Carnage","floor":7},{"not_picked":["Hemokinesis","Second Wind","Armaments"],"picked":"SKIP","floor":12},{"not_picked":["Headbutt","Seeing Red"],"picked":"Whirlwind","floor":14},{"not_picked":["Barricade","Juggernaut"],"picked":"Bludgeon","floor":16},{"not_picked":["Heavy Blade","Armaments","Entrench"],"picked":"SKIP","floor":18},{"not_picked":["Havoc","Iron Wave"],"picked":"Warcry+1","floor":20},{"not_picked":["Intimidate","Wild Strike","Headbutt"],"picked":"SKIP","floor":21},{"not_picked":["Dual Wield","Armaments+1"],"picked":"Warcry+1","floor":22},{"not_picked":["Juggernaut","Clash+1","True Grit"],"picked":"SKIP","floor":23},{"not_picked":["Clash","Infernal Blade+1","Reckless Charge"],"picked":"Battle Trance","floor":28},{"not_picked":["Headbutt+1","Rage","Searing Blow"],"picked":"Reckless Charge","floor":29},{"not_picked":["Havoc+1","Limit Break","Second Wind","Headbutt"],"picked":"SKIP","floor":30}],"player_experience":25661,"relics_obtained":[{"floor":7,"key":"PreservedInsect"},{"floor":9,"key":"Bag of Marbles"},{"floor":12,"key":"Sundial"},{"floor":23,"key":"Self Forming Clay"},{"floor":24,"key":"Boot"},{"floor":26,"key":"Question Card"},{"floor":27,"key":"Red Mask"},{"floor":29,"key":"Kunai"}],"event_choices":[{"damage_healed":0,"gold_gain":175,"player_choice":"AGREE","damage_taken":0,"max_hp_gain":0,"max_hp_loss":0,"event_name":"Liars Game","floor":4,"gold_loss":0,"cards_obtained":["Doubt"]},{"damage_healed":0,"gold_gain":75,"player_choice":"Gather Gold","damage_taken":11,"max_hp_gain":0,"max_hp_loss":0,"event_name":"World of Goop","floor":5,"gold_loss":0},{"damage_healed":0,"gold_gain":100,"player_choice":"Gold","damage_taken":0,"max_hp_gain":0,"max_hp_loss":0,"event_name":"Wheel of Change","floor":8,"gold_loss":0},{"damage_healed":0,"gold_gain":0,"player_choice":"Fought Bandits","damage_taken":0,"max_hp_gain":0,"max_hp_loss":0,"event_name":"Masked Bandits","floor":27,"gold_loss":0}],"is_beta":false,"boss_relics":[{"not_picked":["Fusion Hammer","Mark of Pain"],"picked":"Eternal Feather"}],"items_purged_floors":[3,6,19],"is_endless":false,"potions_floor_spawned":[2,7,16,18,20,23],"killed_by":"Champ","ascension_level":0}