{"gold_per_floor":[113,132,152,152,171,171,19,31,57,72,98,98,98,48,48,147,147,158,158,174,192,117,142,160,160,160,186,213,235,247,259,271,283],"floor_reached":33,"playtime":2392,"items_purged":["Strike_R"],"score":289,"play_id":"d0ac4f7b-6c6a-4ee3-a573-82575f523e6b","local_time":"20190718095945","is_ascension_mode":false,"campfire_choices":[{"data":"Searing Blow","floor":6,"key":"SMITH"},{"data":"Searing Blow+1","floor":13,"key":"SMITH"},{"data":"Searing Blow+2","floor":15,"key":"SMITH"},{"floor":25,"key":"REST"},{"data":"Searing Blow+3","floor":30,"key":"SMITH"},{"floor":32,"key":"REST"}],"neow_cost":"NONE","seed_source_timestamp":0,"circlet_count":0,"master_deck":["Strike_R","Strike_R","Strike_R","Defend_R","Defend_R","Defend_R","Bash","Searing Blow+4","Inflame","Armaments","Heavy Blade","Battle Trance","Headbutt","Metallicize","Double Tap","Iron Wave","Anger","Inflame","Battle Trance","Flex+1"],"special_seed":0,"relics":["Burning Blood","NlothsMask","Orichalcum","Centennial Puzzle","Bag of Preparation","Runic Cube","Dream Catcher","Paper Frog","MawBank"],"potions_floor_usage":[16,16,21,24,28,29,33],"damage_taken":[{"damage":12,"enemies":"2 Louse","floor":1,"turns":3},{"damage":9,"enemies":"Cultist","floor":2,"turns":4},{"damage":8,"enemies":"Jaw Worm","floor":3,"turns":5},{"damage":6,"enemies":"2 Fungi Beasts","floor":5,"turns":3},{"damage":4,"enemies":"3 Louse","floor":8,"turns":3},{"damage":16,"enemies":"Gremlin Gang","floor":10,"turns":5},{"damage":20,"enemies":"3 Sentries","floor":11,"turns":8},{"damage":41,"enemies":"The Guardian","floor":16,"turns":9},{"damage":15,"enemies":"Shell Parasite","floor":18,"turns":4},{"damage":4,"enemies":"Spheric Guardian","floor":20,"turns":3},{"damage":8,"enemies":"Cultist and Chosen","floor":21,"turns":5},{"damage":36,"enemies":"Book of Stabbing","floor":23,"turns":5},{"damage":21,"enemies":"Shelled Parasite and Fungi","floor":24,"turns":4},{"damage":24,"enemies":"Slavers","floor":27,"turns":6},{"damage":15,"enemies":"Centurion and Healer","floor":28,"turns":6},{"damage":8,"enemies":"Cultist and Chosen","floor":29,"turns":5},{"damage":20,"enemies":"Colosseum Slavers","floor":31,"turns":4},{"damage":51,"enemies":"Collector","floor":33,"turns":4}],"seed_played":"1326464362791015753","potions_obtained":[{"floor":1,"key":"Poison Potion"},{"floor":2,"key":"SkillPotion"},{"floor":11,"key":"Energy Potion"},{"floor":20,"key":"SpeedPotion"},{"floor":27,"key":"Weak Potion"},{"floor":28,"key":"BloodPotion"},{"floor":29,"key":"GamblersBrew"}],"is_trial":false,"path_per_floor":["M","M","M","?","M","R","$","M","T","M","E","?","R","?","R","B",null,"M","?","M","M","$","E","M","R","T","E","M","M","R","?","R","B"],"character_chosen":"IRONCLAD","items_purchased":["Orichalcum"],"campfire_rested":2,"item_purchase_floors":[7],"current_hp_per_floor":[74,71,69,69,69,69,69,71,71,61,47,47,47,47,47,12,80,71,71,73,71,71,41,26,50,50,32,23,41,41,27,51,0],"gold":283,"neow_bonus":"THREE_CARDS","is_prod":false,"is_daily":false,"chose_seed":false,"campfire_upgraded":4,"win_rate":0,"timestamp":1563458385,"path_taken":["M","M","M","?","?","R","$","M","T","M","E","?","R","?","R","BOSS","M","?","M","M","$","E","?","R","T","E","M","M","R","?","R","BOSS"],"build_version":"2019-07-17","purchased_purges":1,"victory":false,"max_hp_per_floor":[80,80,80,80,80,80,80,80,80,80,80,80,80,80,80,80,80,80,80,80,80,80,80,80,80,80,80,80,80,80,80,80,80],"card_choices":[{"not_picked":["Iron Wave","Armaments"],"picked":"Searing Blow","floor":0.0},{"not_picked":["Entrench","Hemokinesis"],"picked":"Inflame","floor":1},{"not_picked":["Intimidate","Twin Strike"],"picked":"Armaments","floor":2},{"not_picked":["Intimidate","Hemokinesis","Sword Boomerang"],"picked":"SKIP","floor":3},{"not_picked":["Reckless Charge","Body Slam"],"picked":"Heavy Blade","floor":5},{"not_picked":["Berserk","Twin Strike"],"picked":"Battle Trance","floor":8},{"not_picked":["Iron Wave","Second Wind"],"picked":"Headbutt","floor":10},{"not_picked":["Thunderclap","Dropkick"],"picked":"Metallicize","floor":11},{"not_picked":["Barricade","Dark Embrace"],"picked":"Double Tap","floor":16},{"not_picked":["Bloodletting","Thunderclap","Evolve"],"picked":"SKIP","floor":18},{"not_picked":["Clothesline","Whirlwind"],"picked":"Anger","floor":20},{"not_picked":["True Grit","Whirlwind+1"],"picked":"Inflame","floor":21},{"not_picked":["Searing Blow+1","Dual Wield+1"],"picked":"Battle Trance","floor":23},{"not_picked":["Clothesline","Pummel","Sword Boomerang+1"],"picked":"SKIP","floor":24},{"not_picked":["Entrench","Flex","True Grit"],"picked":"SKIP","floor":27},{"not_picked":["Corruption","Carnage","Barricade"],"picked":"SKIP","floor":28},{"not_picked":["Entrench","Clothesline","Searing Blow"],"picked":"SKIP","floor":29},{"not_picked":["Twin Strike","Clash"],"picked":"Flex+1","floor":32}],"player_experience":22380,"relics_obtained":[{"floor":11,"key":"Centennial Puzzle"},{"floor":23,"key":"Dream Catcher"},{"floor":26,"key":"Paper Frog"},{"floor":27,"key":"MawBank"}],"event_choices":[{"damage_healed":0,"gold_gain":0,"player_choice":"Trade","damage_taken":0,"relics_obtained":["NlothsMask"],"max_hp_gain":0,"max_hp_loss":0,"event_name":"FaceTrader","floor":4,"gold_loss":0},{"damage_healed":0,"gold_gain":0,"player_choice":"Searched \u00272\u0027 times","damage_taken":0,"relics_obtained":["Bag of Preparation"],"max_hp_gain":0,"max_hp_loss":0,"event_name":"Dead Adventurer","floor":12,"gold_loss":0},{"cards_removed":["Strike_R"],"damage_healed":0,"gold_gain":0,"player_choice":"Card Removal","damage_taken":0,"max_hp_gain":0,"max_hp_loss":0,"event_name":"The Cleric","floor":14,"gold_loss":50},{"cards_removed":["Defend_R"],"damage_healed":0,"gold_gain":0,"player_choice":"Took Card","damage_taken":0,"max_hp_gain":0,"max_hp_loss":0,"event_name":"NoteForYourself","floor":19,"gold_loss":0,"cards_obtained":["Iron Wave"]},{"damage_healed":0,"gold_gain":0,"player_choice":"Fight","damage_taken":0,"max_hp_gain":0,"max_hp_loss":0,"event_name":"Colosseum","floor":31,"gold_loss":0},{"damage_healed":0,"gold_gain":0,"player_choice":"Fled From Nobs","damage_taken":0,"max_hp_gain":0,"max_hp_loss":0,"event_name":"Colosseum","floor":31,"gold_loss":0}],"is_beta":false,"boss_relics":[{"not_picked":["White Beast Statue","Black Blood"],"picked":"Runic Cube"}],"items_purged_floors":[22],"is_endless":false,"potions_floor_spawned":[1,2,11,20,27,28,29],"killed_by":"Collector","ascension_level":0}