{"gold_per_floor":[366,43,43,57,70,70,85,96,96,96,96,112,130,145,145,270,270,293,307,307,326,326,326,69,90,139,162,202,202,223,238,238,364,364,378,503,503,463,482,482,482,500,500,500],"floor_reached":44,"playtime":2141,"items_purged":["Dualcast","Strike_B"],"score":506,"play_id":"256eff5c-37d4-48fd-9536-74592bd12191","local_time":"20190721220417","is_ascension_mode":false,"campfire_choices":[{"floor":6,"key":"REST"},{"data":"Zap","floor":15,"key":"SMITH"},{"data":"Turbo","floor":23,"key":"SMITH"},{"floor":32,"key":"REST"},{"floor":41,"key":"REST"}],"neow_cost":"PERCENT_DAMAGE","seed_source_timestamp":595375421190109,"circlet_count":0,"master_deck":["Zap+1","Steam","Go for the Eyes","Turbo+1","Scrape","Beam Cell","Aggregate","All For One","Biased Cognition","White Noise","FTL","Redo+1","Clumsy","Hologram+1","Steam","Gash+1","All For One","Fission","Loop","Buffer","Blizzard","Conserve Battery","Turbo","Reprogram","FTL+1","Decay"],"relics":["Cracked Core","TheAbacus","Strawberry","Happy Flower","Golden Idol","Unceasing Top","Cursed Key","Regal Pillow","Pantograph","Pandora\u0027s Box","Ice Cream","Pocketwatch"],"potions_floor_usage":[13,16,16,16,28,28,31,33,39,40],"damage_taken":[{"damage":5,"enemies":"Small Slimes","floor":1,"turns":4},{"damage":1,"enemies":"Jaw Worm","floor":4,"turns":4},{"damage":0,"enemies":"Cultist","floor":5,"turns":3},{"damage":9,"enemies":"Gremlin Gang","floor":7,"turns":6},{"damage":2,"enemies":"2 Fungi Beasts","floor":8,"turns":4},{"damage":1,"enemies":"Blue Slaver","floor":12,"turns":3},{"damage":11,"enemies":"Exordium Wildlife","floor":13,"turns":4},{"damage":5,"enemies":"Looter","floor":14,"turns":3},{"damage":38,"enemies":"Hexaghost","floor":16,"turns":12},{"damage":0,"enemies":"3 Byrds","floor":18,"turns":4},{"damage":0,"enemies":"Chosen","floor":19,"turns":3},{"damage":12,"enemies":"Shelled Parasite and Fungi","floor":21,"turns":3},{"damage":0,"enemies":"Snake Plant","floor":25,"turns":1},{"damage":19,"enemies":"Snecko","floor":27,"turns":6},{"damage":29,"enemies":"Slavers","floor":28,"turns":3},{"damage":15,"enemies":"Colosseum Slavers","floor":29,"turns":3},{"damage":1,"enemies":"Centurion and Healer","floor":30,"turns":3},{"damage":0,"enemies":"Cultist and Chosen","floor":31,"turns":4},{"damage":35,"enemies":"Champ","floor":33,"turns":7},{"damage":0,"enemies":"3 Darklings","floor":35,"turns":4},{"damage":31,"enemies":"Mind Bloom Boss Battle","floor":36,"turns":4},{"damage":5,"enemies":"Orb Walker","floor":39,"turns":4},{"damage":0,"enemies":"Reptomancer","floor":40,"turns":1},{"damage":0,"enemies":"Spire Growth","floor":42,"turns":3},{"damage":79,"enemies":"Transient","floor":44,"turns":5}],"seed_played":"8428380549650523313","potions_obtained":[{"floor":7,"key":"Swift Potion"},{"floor":8,"key":"LiquidBronze"},{"floor":13,"key":"Ancient Potion"},{"floor":14,"key":"EssenceOfSteel"},{"floor":19,"key":"Explosive Potion"},{"floor":28,"key":"Fire Potion"},{"floor":30,"key":"Strength Potion"},{"floor":36,"key":"SteroidPotion"},{"floor":38,"key":"GamblersBrew"},{"floor":38,"key":"SmokeBomb"},{"floor":38,"key":"EssenceOfSteel"}],"is_trial":false,"path_per_floor":["M","$","?","M","M","R","M","M","T","?","T","M","M","M","R","B",null,"M","M","?","M","?","R","$","M","T","M","E","?","M","M","R","B",null,"M","?","?","?","M","E","R","M","T","M"],"character_chosen":"DEFECT","items_purchased":["TheAbacus","Go for the Eyes","FTL","Regen Potion"],"campfire_rested":3,"item_purchase_floors":[2,2,24,24],"current_hp_per_floor":[49,49,49,48,48,72,63,61,61,61,61,60,49,44,44,6,76,76,76,76,64,64,64,64,64,64,45,25,10,9,9,46,36,76,76,45,45,45,40,40,76,76,76,0],"gold":500,"neow_bonus":"TWO_FIFTY_GOLD","is_prod":false,"is_daily":false,"chose_seed":false,"campfire_upgraded":2,"win_rate":0.0,"timestamp":1563761057,"path_taken":["M","$","?","M","M","R","M","M","T","?","?","M","M","?","R","BOSS","M","?","?","M","?","R","$","M","T","M","E","?","?","M","R","BOSS","M","?","?","?","M","E","R","M","T","M"],"build_version":"2019-07-17","purchased_purges":2,"victory":false,"max_hp_per_floor":[75,75,82,82,82,82,82,82,82,76,76,76,76,76,76,76,76,76,76,76,76,76,76,76,76,76,76,76,76,76,76,76,76,76,76,76,76,76,76,76,76,76,76,76],"card_choices":[{"not_picked":["Redo","Skim"],"picked":"Steam","floor":1},{"not_picked":["White Noise","Conserve Battery"],"picked":"Turbo","floor":4},{"not_picked":["Cold Snap","Rebound","Glacier"],"picked":"SKIP","floor":5},{"not_picked":["Machine Learning","Rebound"],"picked":"Scrape","floor":7},{"not_picked":["Compile Driver","Sweeping Beam"],"picked":"Beam Cell","floor":8},{"not_picked":["Coolheaded","Leap","Stack"],"picked":"SKIP","floor":12},{"not_picked":["Redo","Defragment","Chaos"],"picked":"SKIP","floor":13},{"not_picked":["Conserve Battery","Darkness"],"picked":"Aggregate","floor":14},{"not_picked":["Rainbow","Thunder Strike"],"picked":"All For One","floor":16},{"not_picked":["Loop","Ball Lightning","Sweeping Beam"],"picked":"SKIP","floor":18},{"not_picked":["Heatsinks","White Noise","Steam"],"picked":"SKIP","floor":19},{"not_picked":["Capacitor+1","Stack+1","Barrage"],"picked":"SKIP","floor":21},{"not_picked":["Rip and Tear+1","Skim"],"picked":"Redo+1","floor":25},{"not_picked":["Chill+1","Chaos","Compile Driver"],"picked":"SKIP","floor":27},{"not_picked":["Leap","Rainbow"],"picked":"Hologram+1","floor":28},{"not_picked":["Sweeping Beam","Stack"],"picked":"Steam","floor":30},{"not_picked":["Go for the Eyes","Auto Shields"],"picked":"Gash+1","floor":31},{"not_picked":["Reboot","Buffer"],"picked":"All For One","floor":33},{"not_picked":["Heatsinks+1","Compile Driver"],"picked":"Turbo","floor":35},{"not_picked":["BootSequence+1","Undo"],"picked":"Reprogram","floor":36},{"not_picked":["Genetic Algorithm","Auto Shields","Conserve Battery"],"picked":"SKIP","floor":39},{"not_picked":["Doom and Gloom","BootSequence"],"picked":"FTL+1","floor":42}],"player_experience":91614,"relics_obtained":[{"floor":9,"key":"Happy Flower"},{"floor":11,"key":"Unceasing Top"},{"floor":26,"key":"Regal Pillow"},{"floor":28,"key":"Pantograph"},{"floor":36,"key":"Ice Cream"},{"floor":43,"key":"Pocketwatch"}],"event_choices":[{"damage_healed":0,"gold_gain":0,"player_choice":"Success","damage_taken":7,"relics_obtained":["Strawberry"],"max_hp_gain":0,"max_hp_loss":0,"event_name":"Scrap Ooze","floor":3,"gold_loss":0},{"damage_healed":0,"gold_gain":0,"player_choice":"Lose Max HP","damage_taken":0,"relics_obtained":["Golden Idol"],"max_hp_gain":0,"max_hp_loss":6,"event_name":"Golden Idol","floor":10,"gold_loss":0},{"damage_healed":0,"gold_gain":0,"cards_transformed":["Strike_B","Strike_B"],"player_choice":"Became Test Subject","damage_taken":0,"max_hp_gain":0,"max_hp_loss":0,"event_name":"Drug Dealer","floor":20,"gold_loss":0,"cards_obtained":["Biased Cognition","White Noise"]},{"damage_healed":0,"gold_gain":0,"player_choice":"Ignored","damage_taken":0,"max_hp_gain":0,"max_hp_loss":0,"event_name":"Vampires","floor":22,"gold_loss":0},{"damage_healed":0,"gold_gain":0,"player_choice":"Fight","damage_taken":0,"max_hp_gain":0,"max_hp_loss":0,"event_name":"Colosseum","floor":29,"gold_loss":0},{"damage_healed":0,"gold_gain":0,"player_choice":"Fled From Nobs","damage_taken":0,"max_hp_gain":0,"max_hp_loss":0,"event_name":"Colosseum","floor":29,"gold_loss":0},{"damage_healed":0,"gold_gain":0,"player_choice":"Fight","damage_taken":0,"max_hp_gain":0,"max_hp_loss":0,"event_name":"MindBloom","floor":36,"gold_loss":0},{"damage_healed":0,"gold_gain":0,"player_choice":"Ignored","damage_taken":0,"max_hp_gain":0,"max_hp_loss":0,"event_name":"Mysterious Sphere","floor":37,"gold_loss":0},{"damage_healed":0,"gold_gain":0,"player_choice":"Bought 3 Potions","damage_taken":0,"max_hp_gain":0,"max_hp_loss":0,"event_name":"The Woman in Blue","floor":38,"gold_loss":0}],"is_beta":false,"boss_relics":[{"not_picked":["Runic Pyramid","Velvet Choker"],"picked":"Cursed Key"},{"not_picked":["Runic Dome","Inserter"],"picked":"Pandora\u0027s Box"}],"items_purged_floors":[2,24],"is_endless":false,"potions_floor_spawned":[7,8,13,14,19,28,30,36],"killed_by":"Transient","ascension_level":0}