{"gold_per_floor":[113,213,230,246,263,298,298,327,327,344,344,373,390,405,405,503,503,521,532,547,559,576,576],"floor_reached":23,"playtime":1143,"items_purged":[],"score":219,"play_id":"aeab64a5-4b29-4454-ade6-58c08a8d51f5","local_time":"20190721112441","is_ascension_mode":false,"campfire_choices":[{"floor":7,"key":"REST"},{"floor":11,"key":"REST"},{"floor":15,"key":"REST"}],"neow_cost":"NONE","seed_source_timestamp":557996295774179,"circlet_count":0,"master_deck":["Strike_G","Strike_G","Strike_G","Strike_G","Strike_G","Defend_G","Defend_G","Defend_G","Defend_G","Defend_G","Survivor","Neutralize","Prepared","Deadly Poison","Crippling Poison","After Image","Escape Plan","Noxious Fumes","Caltrops","Envenom","Prepared","Acrobatics+1","Calculated Gamble"],"relics":["Ring of the Snake","NeowsBlessing","Question Card","Meat on the Bone","Letter Opener","Pear","White Beast Statue"],"potions_floor_usage":[6,8,12,16,19,20,21,22,22,23],"damage_taken":[{"damage":0,"enemies":"Jaw Worm","floor":1,"turns":1},{"damage":0,"enemies":"Cultist","floor":3,"turns":1},{"damage":0,"enemies":"Small Slimes","floor":4,"turns":1},{"damage":6,"enemies":"3 Louse","floor":5,"turns":5},{"damage":23,"enemies":"Gremlin Nob","floor":6,"turns":5},{"damage":23,"enemies":"3 Sentries","floor":8,"turns":12},{"damage":6,"enemies":"Red Slaver","floor":10,"turns":4},{"damage":33,"enemies":"Gremlin Nob","floor":12,"turns":6},{"damage":2,"enemies":"2 Fungi Beasts","floor":13,"turns":3},{"damage":7,"enemies":"Exordium Wildlife","floor":14,"turns":3},{"damage":26,"enemies":"Hexaghost","floor":16,"turns":10},{"damage":9,"enemies":"3 Byrds","floor":18,"turns":3},{"damage":0,"enemies":"Shell Parasite","floor":19,"turns":8},{"damage":30,"enemies":"Sentry and Sphere","floor":20,"turns":6},{"damage":30,"enemies":"Snecko","floor":21,"turns":6},{"damage":21,"enemies":"Snake Plant","floor":22,"turns":5},{"damage":24,"enemies":"Gremlin Leader","floor":23,"turns":4}],"seed_played":"-3521460175054415077","potions_obtained":[{"floor":1,"key":"SteroidPotion"},{"floor":6,"key":"Poison Potion"},{"floor":10,"key":"Ancient Potion"},{"floor":13,"key":"Regen Potion"},{"floor":16,"key":"GamblersBrew"},{"floor":18,"key":"EssenceOfSteel"},{"floor":19,"key":"Weak Potion"},{"floor":20,"key":"Energy Potion"},{"floor":21,"key":"Swift Potion"},{"floor":22,"key":"Energy Potion"}],"is_trial":false,"path_per_floor":["M","?","M","M","M","E","R","E","T","M","R","E","M","M","R","B",null,"M","M","M","M","M","E"],"character_chosen":"THE_SILENT","items_purchased":[],"campfire_rested":3,"item_purchase_floors":[],"current_hp_per_floor":[70,70,70,70,64,41,62,39,39,45,66,55,53,46,70,59,80,71,71,41,23,14,0],"gold":576,"neow_bonus":"THREE_ENEMY_KILL","is_prod":false,"is_daily":false,"chose_seed":false,"campfire_upgraded":0,"win_rate":0.0,"timestamp":1563722681,"path_taken":["M","?","M","M","M","E","R","E","T","M","R","E","M","M","R","BOSS","M","?","M","M","?","E"],"build_version":"2019-07-17","purchased_purges":0,"victory":false,"max_hp_per_floor":[70,70,70,70,70,70,70,70,70,70,70,80,80,80,80,80,80,80,80,80,80,80,80],"card_choices":[{"not_picked":["Riddle With Holes","Heel Hook","Outmaneuver"],"picked":"SKIP","floor":1},{"not_picked":["Sucker Punch","Dagger Spray"],"picked":"Prepared","floor":3},{"not_picked":["Outmaneuver","Deflect"],"picked":"Deadly Poison","floor":4},{"not_picked":["Underhanded Strike","Dagger Spray","Deflect"],"picked":"SKIP","floor":5},{"not_picked":["Masterful Stab","Dodge and Roll"],"picked":"Crippling Poison","floor":6},{"not_picked":["Wraith Form v2","Underhanded Strike","Cloak And Dagger"],"picked":"After Image","floor":8},{"not_picked":["Underhanded Strike","Sucker Punch","Flechettes"],"picked":"Escape Plan","floor":10},{"not_picked":["Sucker Punch","Expertise","All Out Attack","Terror"],"picked":"SKIP","floor":12},{"not_picked":["Caltrops","Underhanded Strike","Crippling Poison"],"picked":"Noxious Fumes","floor":13},{"not_picked":["Bane","Flying Knee","Sucker Punch"],"picked":"Caltrops","floor":14},{"not_picked":["Die Die Die","After Image","Tools of the Trade"],"picked":"Envenom","floor":16},{"not_picked":["Eviscerate","Leg Sweep+1","Acrobatics"],"picked":"Prepared","floor":18},{"not_picked":["Blur","Reflex+1","Slice+1","PiercingWail"],"picked":"SKIP","floor":19},{"not_picked":["Bane","Skewer","Outmaneuver","Slice+1"],"picked":"SKIP","floor":20},{"not_picked":["Endless Agony+1","Outmaneuver","Wraith Form v2"],"picked":"Acrobatics+1","floor":21},{"not_picked":["Slice","Bane","Dagger Throw"],"picked":"Calculated Gamble","floor":22}],"player_experience":65242,"relics_obtained":[{"floor":6,"key":"Question Card"},{"floor":8,"key":"Meat on the Bone"},{"floor":9,"key":"Letter Opener"},{"floor":12,"key":"Pear"}],"event_choices":[{"damage_healed":0,"gold_gain":100,"player_choice":"Pray","damage_taken":0,"max_hp_gain":0,"max_hp_loss":0,"event_name":"Golden Shrine","floor":2,"gold_loss":0}],"is_beta":false,"boss_relics":[{"not_picked":["Snecko Eye","WristBlade"],"picked":"White Beast Statue"}],"items_purged_floors":[],"is_endless":false,"potions_floor_spawned":[1,6,10,13,16,18,19,20,21,22],"killed_by":"Gremlin Leader","ascension_level":0}