{"gold_per_floor":[116,131,148,148,160,160,173,205,205,305,323,10,10,27,27,130,130,150,14,34,45,45,45],"floor_reached":23,"playtime":1388,"items_purged":["Strike_B","Strike_B"],"score":195,"play_id":"a976dfbe-de79-4038-8bc0-a8e200869664","local_time":"20190723121428","is_ascension_mode":false,"campfire_choices":[{"data":"Zap","floor":6,"key":"SMITH"},{"floor":13,"key":"REST"},{"floor":15,"key":"REST"}],"neow_cost":"NONE","seed_source_timestamp":37886818268774,"circlet_count":0,"master_deck":["Strike_B","Defend_B+1","Defend_B","Defend_B","Defend_B","Zap+1","Dualcast","Sweeping Beam","Streamline","Leap+1","Gash","Thunder Strike","Ball Lightning","Static Discharge","Gash","Static Discharge","Tempest","Coolheaded","Lockon","Core Surge","Loop+1","White Noise","Ball Lightning+1","Defragment","Buffer"],"relics":["Black Star","Dream Catcher","Lantern","Pantograph","Oddly Smooth Stone","Philosopher\u0027s Stone"],"potions_floor_usage":[3,5,16,16,18,23],"damage_taken":[{"damage":2,"enemies":"2 Louse","floor":1,"turns":3},{"damage":4,"enemies":"Jaw Worm","floor":2,"turns":4},{"damage":1,"enemies":"Cultist","floor":3,"turns":3},{"damage":0,"enemies":"Blue Slaver","floor":5,"turns":4},{"damage":16,"enemies":"Exordium Thugs","floor":7,"turns":5},{"damage":27,"enemies":"Lagavulin","floor":8,"turns":7},{"damage":0,"enemies":"Lots of Slimes","floor":11,"turns":3},{"damage":5,"enemies":"Looter","floor":14,"turns":3},{"damage":27,"enemies":"The Guardian","floor":16,"turns":9},{"damage":16,"enemies":"3 Byrds","floor":18,"turns":2},{"damage":17,"enemies":"Shell Parasite","floor":20,"turns":5},{"damage":13,"enemies":"3 Cultists","floor":21,"turns":4},{"damage":36,"enemies":"Book of Stabbing","floor":23,"turns":3}],"seed_played":"8726029501009799512","potions_obtained":[{"floor":1,"key":"Fire Potion"},{"floor":3,"key":"Block Potion"},{"floor":7,"key":"SteroidPotion"},{"floor":11,"key":"Explosive Potion"},{"floor":14,"key":"EssenceOfSteel"},{"floor":20,"key":"GamblersBrew"}],"is_trial":false,"path_per_floor":["M","M","M","?","M","R","M","E","T","?","M","$","R","M","R","B",null,"M","$","M","M","?","E"],"character_chosen":"DEFECT","items_purchased":["Gash","Oddly Smooth Stone","Static Discharge","White Noise"],"campfire_rested":2,"item_purchase_floors":[12,12,12,19],"current_hp_per_floor":[73,69,68,53,53,53,37,10,10,10,10,10,32,27,49,47,75,59,59,42,29,29,0],"gold":45,"neow_bonus":"BOSS_RELIC","is_prod":false,"is_daily":false,"chose_seed":false,"campfire_upgraded":1,"win_rate":0,"timestamp":1563876868,"path_taken":["M","M","M","?","M","R","M","E","T","?","?","$","R","M","R","BOSS","M","$","M","M","?","E"],"build_version":"2019-07-05","purchased_purges":2,"victory":false,"max_hp_per_floor":[75,75,75,75,75,75,75,75,75,75,75,75,75,75,75,75,75,75,75,75,75,75,75],"card_choices":[{"not_picked":["Force Field","Scrape"],"picked":"Sweeping Beam","floor":1},{"not_picked":["Sweeping Beam","Force Field"],"picked":"Streamline","floor":2},{"not_picked":["Rebound","Gash"],"picked":"Leap","floor":3},{"not_picked":["Barrage","Sweeping Beam"],"picked":"Gash","floor":5},{"not_picked":["Aggregate","Go for the Eyes"],"picked":"Thunder Strike","floor":7},{"not_picked":["Sweeping Beam","Recycle"],"picked":"Ball Lightning","floor":8},{"not_picked":["Conserve Battery","Reprogram"],"picked":"Static Discharge","floor":11},{"not_picked":["Redo","Turbo"],"picked":"Tempest","floor":13},{"not_picked":["Rip and Tear","Leap"],"picked":"Coolheaded","floor":14},{"not_picked":["Redo","Beam Cell"],"picked":"Lockon","floor":15},{"not_picked":["Creative AI","Echo Form"],"picked":"Core Surge","floor":16},{"not_picked":["Doom and Gloom+1","Ball Lightning"],"picked":"Loop+1","floor":18},{"not_picked":["Redo","Doom and Gloom"],"picked":"Ball Lightning+1","floor":20},{"not_picked":["Cold Snap","Heatsinks"],"picked":"Defragment","floor":21}],"player_experience":84799,"relics_obtained":[{"floor":8,"key":"Dream Catcher"},{"floor":8,"key":"Lantern"},{"floor":9,"key":"Pantograph"}],"event_choices":[{"damage_healed":0,"gold_gain":0,"player_choice":"Entered Light","damage_taken":15,"max_hp_gain":0,"max_hp_loss":0,"event_name":"Shining Light","floor":4,"gold_loss":0,"cards_upgraded":["Defend_B","Leap"]},{"damage_healed":0,"gold_gain":100,"player_choice":"Gold","damage_taken":0,"max_hp_gain":0,"max_hp_loss":0,"event_name":"Wheel of Change","floor":10,"gold_loss":0},{"damage_healed":0,"gold_gain":0,"cards_transformed":["Strike_B"],"player_choice":"Transformed","damage_taken":0,"max_hp_gain":0,"max_hp_loss":0,"event_name":"Transmorgrifier","floor":22,"gold_loss":0,"cards_obtained":["Buffer"]}],"is_beta":false,"boss_relics":[{"not_picked":["Eternal Feather","White Beast Statue"],"picked":"Philosopher\u0027s Stone"}],"items_purged_floors":[12,19],"is_endless":false,"potions_floor_spawned":[1,3,7,11,14,20],"killed_by":"Book of Stabbing","ascension_level":0}