{"gold_per_floor":[119,119,132,207,106,106,119,119,170,205,205,218,218,235,235,338,338,358,375,375,385,385,416,416,14,14,32,32,52,52,62,62,165,165,175,187,287,115,115,115,125,139,165,165,165,165],"floor_reached":46,"playtime":41870,"items_purged":["Strike_G","Strike_G","Strike_G"],"score":440,"play_id":"4674a0fe-6eab-4b37-b5c7-1cb469ae7f3e","local_time":"20190722153240","is_ascension_mode":false,"campfire_choices":[{"floor":6,"key":"REST"},{"floor":11,"key":"REST"},{"data":"Endless Agony","floor":13,"key":"SMITH"},{"data":"Underhanded Strike","floor":15,"key":"SMITH"},{"floor":24,"key":"REST"},{"floor":28,"key":"REST"},{"floor":30,"key":"REST"},{"floor":32,"key":"REST"},{"floor":40,"key":"REST"}],"neow_cost":"NONE","seed_source_timestamp":556537781261900,"circlet_count":0,"master_deck":["Defend_G","Defend_G","Defend_G","Defend_G","Defend_G","Survivor+1","Neutralize","Backflip","Endless Agony+1","Underhanded Strike+1","Prepared","Backflip","Choke","Choke","Burst","Infinite Blades+1","Backstab+1","Flying Knee","Backflip","Prepared","Infinite Blades+1","Infinite Blades","Dash+1","Reflex+1","Heel Hook+1","Blade Dance","Blade Dance+1","Deadly Poison+1","Dagger Throw+1","Discovery","Dodge and Roll","Eviscerate+1"],"relics":["Ring of the Serpent","Mercury Hourglass","Omamori","Letter Opener","MutagenicStrength","Oddly Smooth Stone","DollysMirror","Molten Egg 2","WristBlade","Ginger","Ancient Tea Set"],"potions_floor_usage":[16,16,19,23,31,33,37,41],"damage_taken":[{"damage":0,"enemies":"Small Slimes","floor":1,"turns":4},{"damage":6,"enemies":"Cultist","floor":3,"turns":4},{"damage":2,"enemies":"Jaw Worm","floor":7,"turns":4},{"damage":24,"enemies":"Gremlin Nob","floor":10,"turns":5},{"damage":0,"enemies":"Large Slime","floor":12,"turns":5},{"damage":0,"enemies":"2 Fungi Beasts","floor":14,"turns":3},{"damage":24,"enemies":"The Guardian","floor":16,"turns":11},{"damage":12,"enemies":"3 Byrds","floor":18,"turns":4},{"damage":12,"enemies":"2 Thieves","floor":19,"turns":3},{"damage":8,"enemies":"Shelled Parasite and Fungi","floor":21,"turns":4},{"damage":35,"enemies":"Book of Stabbing","floor":23,"turns":7},{"damage":8,"enemies":"Cultist and Chosen","floor":27,"turns":6},{"damage":1,"enemies":"Snake Plant","floor":29,"turns":4},{"damage":16,"enemies":"Centurion and Healer","floor":31,"turns":5},{"damage":36,"enemies":"Champ","floor":33,"turns":12},{"damage":19,"enemies":"3 Shapes","floor":35,"turns":4},{"damage":11,"enemies":"Orb Walker","floor":36,"turns":3},{"damage":2,"enemies":"Mind Bloom Boss Battle","floor":37,"turns":6},{"damage":24,"enemies":"Maw","floor":41,"turns":6},{"damage":27,"enemies":"3 Darklings","floor":42,"turns":4},{"damage":33,"enemies":"Spire Growth","floor":46,"turns":4}],"seed_played":"-7728785550594942110","potions_obtained":[{"floor":3,"key":"GamblersBrew"},{"floor":10,"key":"SpeedPotion"},{"floor":16,"key":"GamblersBrew"},{"floor":18,"key":"Fire Potion"},{"floor":29,"key":"Fire Potion"},{"floor":31,"key":"SkillPotion"},{"floor":36,"key":"Energy Potion"},{"floor":37,"key":"EssenceOfSteel"}],"is_trial":false,"path_per_floor":["?","M","?","T","?","?","M","?","?","?","?"],"character_chosen":"THE_SILENT","items_purchased":["Underhanded Strike","Prepared","DollysMirror","Infinite Blades","Dagger Throw+1"],"campfire_rested":7,"item_purchase_floors":[5,25,25,25,38],"current_hp_per_floor":[70,70,64,53,53,70,68,68,68,44,65,65,65,65,65,41,70,58,46,46,38,38,3,24,24,24,16,37,36,57,41,62,26,70,51,40,38,38,38,59,35,8,8,26,26,0],"gold":165,"neow_bonus":"UPGRADE_CARD","is_prod":false,"is_daily":false,"chose_seed":false,"campfire_upgraded":2,"win_rate":0,"timestamp":1563823960,"path_taken":["M","?","?","?","$","R","M","?","T","E","R","M","R","M","R","BOSS","M","M","?","M","?","E","R","$","T","M","R","?","R","M","R","BOSS","M","M","?","$","?","R","M","M","T","?","?","M"],"build_version":"2019-01-23","purchased_purges":3,"victory":false,"max_hp_per_floor":[70,70,70,70,70,70,70,70,70,70,70,70,70,70,70,70,70,70,70,70,70,70,70,70,70,70,70,70,70,70,70,70,70,70,70,70,70,70,70,70,70,70,70,70,70,70],"card_choices":[{"not_picked":["Prepared","Underhanded Strike"],"picked":"Backflip","floor":1},{"not_picked":["Distraction","Poisoned Stab"],"picked":"Endless Agony","floor":3},{"not_picked":["Quick Slash","After Image"],"picked":"Prepared","floor":7},{"not_picked":["Acrobatics","Leg Sweep"],"picked":"Backflip","floor":10},{"not_picked":["Acrobatics","Skewer"],"picked":"Choke","floor":12},{"not_picked":["Poisoned Stab","Acrobatics"],"picked":"Choke","floor":14},{"not_picked":["Envenom","Tools of the Trade"],"picked":"Burst","floor":16},{"not_picked":["Deadly Poison","Blade Dance"],"picked":"Infinite Blades+1","floor":18},{"not_picked":["Leg Sweep","Dash"],"picked":"Backstab+1","floor":19},{"not_picked":["Backflip","Dagger Spray"],"picked":"Flying Knee","floor":21},{"not_picked":["Sucker Punch","Crippling Poison"],"picked":"Backflip","floor":23},{"not_picked":["Predator+1","Deadly Poison+1"],"picked":"Dash+1","floor":27},{"not_picked":["Noxious Fumes","Blur"],"picked":"Reflex+1","floor":29},{"not_picked":["Night Terror","Prepared"],"picked":"Heel Hook+1","floor":31},{"not_picked":["Phantasmal Killer","Malaise"],"picked":"Doppelganger","floor":33},{"not_picked":["Bane+1","PiercingWail+1"],"picked":"Blade Dance","floor":35},{"not_picked":["Bane+1","Leg Sweep"],"picked":"Blade Dance+1","floor":36},{"not_picked":["Bouncing Flask+1","Leg Sweep"],"picked":"Deadly Poison+1","floor":37},{"not_picked":["Panacea","Madness"],"picked":"Discovery","floor":39},{"not_picked":["Footwork","Acrobatics"],"picked":"Dodge and Roll","floor":41},{"not_picked":["Infinite Blades","Prepared"],"picked":"Eviscerate+1","floor":42}],"player_experience":51995,"relics_obtained":[{"floor":8,"key":"Mercury Hourglass"},{"floor":9,"key":"Omamori"},{"floor":10,"key":"Letter Opener"},{"floor":23,"key":"Oddly Smooth Stone"},{"floor":26,"key":"Molten Egg 2"},{"floor":37,"key":"Ginger"},{"floor":43,"key":"Ancient Tea Set"}],"event_choices":[{"cards_removed":["Strike_G"],"damage_healed":0,"gold_gain":0,"player_choice":"Card Removal","damage_taken":0,"max_hp_gain":0,"max_hp_loss":0,"event_name":"Wheel of Change","floor":2,"gold_loss":0},{"damage_healed":0,"gold_gain":75,"player_choice":"Gather Gold","damage_taken":11,"max_hp_gain":0,"max_hp_loss":0,"event_name":"World of Goop","floor":4,"gold_loss":0},{"damage_healed":0,"gold_gain":0,"player_choice":"Inject Mutagens","damage_taken":0,"relics_obtained":["MutagenicStrength"],"max_hp_gain":0,"max_hp_loss":0,"event_name":"Drug Dealer","floor":20,"gold_loss":0},{"cards_removed":["Strike_G"],"damage_healed":0,"gold_gain":0,"player_choice":"Purged","damage_taken":0,"max_hp_gain":0,"max_hp_loss":0,"event_name":"Purifier","floor":22,"gold_loss":0},{"damage_healed":0,"gold_gain":0,"player_choice":"Fight","damage_taken":0,"max_hp_gain":0,"max_hp_loss":0,"event_name":"MindBloom","floor":37,"gold_loss":0},{"damage_healed":0,"gold_gain":0,"player_choice":"Memory 1","damage_taken":0,"max_hp_gain":0,"max_hp_loss":0,"event_name":"SensoryStone","floor":39,"gold_loss":0},{"damage_healed":18,"gold_gain":0,"player_choice":"Writhe","damage_taken":0,"max_hp_gain":0,"max_hp_loss":0,"event_name":"Winding Halls","floor":44,"gold_loss":0,"cards_obtained":["Writhe"]},{"cards_removed":["Doppelganger"],"damage_healed":0,"gold_gain":0,"player_choice":"Removed Skill","damage_taken":0,"max_hp_gain":0,"max_hp_loss":0,"event_name":"Falling","floor":45,"gold_loss":0}],"is_beta":false,"boss_relics":[{"not_picked":["Runic Pyramid","Astrolabe"],"picked":"Ring of the Serpent"},{"not_picked":["Sozu","Fusion Hammer"],"picked":"WristBlade"}],"items_purged_floors":[5,25,38],"is_endless":false,"potions_floor_spawned":[3,10,16,18,29,31,36,37],"killed_by":"Spire Growth","ascension_level":0}