{"gold_per_floor":[111,128,141,43,43,43,54,54,125,139,139,166,185,219,219,324,324,343,343,357,376,34,68,83,83,107,107,141,154,167,77,77,180,230,245,45,65,65,65,91,91,109,134,144,154,169,203,203,203,203],"floor_reached":51,"playtime":4263,"items_purged":["Strike_B","Strike_B","Strike_B"],"score":836,"play_id":"35223a3d-eac7-4ca3-8b01-cd6bbf216287","local_time":"20190724092713","is_ascension_mode":false,"campfire_choices":[{"data":"Zap","floor":6,"key":"SMITH"},{"data":"Dualcast","floor":8,"key":"SMITH"},{"data":"Cold Snap","floor":11,"key":"SMITH"},{"data":"Compile Driver","floor":15,"key":"SMITH"},{"floor":25,"key":"REST"},{"floor":27,"key":"REST"},{"data":"Consume","floor":32,"key":"SMITH"},{"floor":41,"key":"REST"},{"data":"Auto Shields","floor":49,"key":"SMITH"}],"neow_cost":"NONE","seed_source_timestamp":25279083920426,"circlet_count":0,"master_deck":["Defend_B+1","Defend_B","Defend_B","Defend_B","Zap+1","Dualcast+1","Auto Shields+1","Rebound","Steam","Cold Snap+1","Conserve Battery+1","Hello World+1","Buffer+1","Heatsinks+1","Compile Driver+1","Electrodynamics+1","Loop+1","Heatsinks+1","Heatsinks+1","Undo","Buffer+1","Consume+1","Creative AI+1","Biased Cognition+1","Redo+1","Static Discharge+1","Buffer+1","Capacitor+1","Capacitor+1","Glacier+1","BootSequence+1","Capacitor+1"],"relics":["Black Star","Pear","Frozen Egg 2","Bronze Scales","Ginger","Pen Nib","Turnip","Inserter","Letter Opener","HandDrill","Thread and Needle","Happy Flower","Potion Belt","Centennial Puzzle","Unceasing Top","Tiny House","Boot","Matryoshka","Mercury Hourglass","Lantern","PreservedInsect","Juzu Bracelet","Strawberry","Pantograph","Bottled Lightning"],"potions_floor_usage":[12,14,18,23,23,28,28,40,42,45,50,50],"damage_taken":[{"damage":1,"enemies":"Cultist","floor":1,"turns":4},{"damage":0,"enemies":"2 Louse","floor":2,"turns":2},{"damage":2,"enemies":"Small Slimes","floor":3,"turns":3},{"damage":7,"enemies":"Exordium Thugs","floor":7,"turns":5},{"damage":0,"enemies":"Large Slime","floor":10,"turns":8},{"damage":11,"enemies":"Gremlin Nob","floor":12,"turns":4},{"damage":2,"enemies":"Blue Slaver","floor":13,"turns":3},{"damage":0,"enemies":"Lagavulin","floor":14,"turns":6},{"damage":21,"enemies":"The Guardian","floor":16,"turns":9},{"damage":12,"enemies":"2 Thieves","floor":18,"turns":4},{"damage":3,"enemies":"Shell Parasite","floor":20,"turns":4},{"damage":14,"enemies":"Snake Plant","floor":21,"turns":4},{"damage":37,"enemies":"Slavers","floor":23,"turns":4},{"damage":0,"enemies":"Centurion and Healer","floor":24,"turns":5},{"damage":15,"enemies":"Book of Stabbing","floor":28,"turns":5},{"damage":11,"enemies":"Chosen and Byrds","floor":29,"turns":5},{"damage":7,"enemies":"Snake Plant","floor":30,"turns":3},{"damage":11,"enemies":"Automaton","floor":33,"turns":11},{"damage":7,"enemies":"3 Shapes","floor":35,"turns":3},{"damage":13,"enemies":"3 Darklings","floor":37,"turns":4},{"damage":21,"enemies":"Reptomancer","floor":40,"turns":4},{"damage":12,"enemies":"Spire Growth","floor":42,"turns":5},{"damage":1,"enemies":"4 Shapes","floor":44,"turns":2},{"damage":0,"enemies":"Maw","floor":45,"turns":6},{"damage":0,"enemies":"Spire Growth","floor":46,"turns":5},{"damage":0,"enemies":"Giant Head","floor":47,"turns":7},{"damage":50,"enemies":"Awakened One","floor":50,"turns":11}],"seed_played":"-5078870932145627818","potions_obtained":[{"floor":1,"key":"EssenceOfSteel"},{"floor":12,"key":"Poison Potion"},{"floor":13,"key":"Explosive Potion"},{"floor":16,"key":"Fire Potion"},{"floor":18,"key":"GamblersBrew"},{"floor":21,"key":"Poison Potion"},{"floor":24,"key":"Poison Potion"},{"floor":29,"key":"Ancient Potion"},{"floor":30,"key":"GamblersBrew"},{"floor":34,"key":"SkillPotion"},{"floor":35,"key":"Explosive Potion"},{"floor":40,"key":"Strength Potion"},{"floor":44,"key":"Fruit Juice"},{"floor":46,"key":"GamblersBrew"},{"floor":47,"key":"PowerPotion"}],"is_trial":false,"path_per_floor":["M","M","M","$","T","R","M","R","T","M","R","E","M","E","R","B",null,"M","T","M","M","$","E","M","R","T","R","E","M","M","?","R","B",null,"M","$","M","?","?","E","R","M","T","M","M","M","E","T","R","B",null],"character_chosen":"DEFECT","items_purchased":["Cold Snap","HandDrill","Heatsinks+1","Static Discharge+1"],"campfire_rested":3,"item_purchase_floors":[4,22,22,36],"current_hp_per_floor":[74,74,72,72,82,82,75,75,75,75,75,64,62,62,62,41,85,73,73,70,56,56,19,19,44,44,69,54,43,36,36,36,25,90,83,83,70,70,70,49,76,64,64,63,68,68,75,75,75,50],"gold":203,"neow_bonus":"BOSS_RELIC","is_prod":false,"is_daily":false,"chose_seed":false,"campfire_upgraded":6,"win_rate":0,"timestamp":1563953233,"path_taken":["M","M","M","?","?","R","M","R","T","M","R","E","M","E","R","BOSS","M","?","?","M","$","E","M","R","T","R","E","M","M","?","R","BOSS","M","$","M","?","?","E","R","M","T","M","M","?","E","?","R","BOSS"],"build_version":"2019-07-05","purchased_purges":3,"victory":true,"max_hp_per_floor":[75,75,75,75,85,85,85,85,85,85,85,85,85,85,85,85,85,85,85,85,85,85,85,85,85,85,85,85,85,85,85,85,85,90,90,90,90,90,90,90,90,90,90,90,95,95,102,102,102,102],"card_choices":[{"not_picked":["Redo","Rebound"],"picked":"Auto Shields","floor":1},{"not_picked":["Go for the Eyes","Consume"],"picked":"Rebound","floor":2},{"not_picked":["Tempest","Go for the Eyes"],"picked":"Steam","floor":3},{"not_picked":["Barrage","Turbo"],"picked":"Conserve Battery","floor":7},{"not_picked":["Reprogram","Chill"],"picked":"Hello World+1","floor":10},{"not_picked":["Gash","Sweeping Beam"],"picked":"Buffer+1","floor":12},{"not_picked":["Streamline","Redo"],"picked":"Heatsinks+1","floor":13},{"not_picked":["Barrage","Leap"],"picked":"Compile Driver","floor":14},{"not_picked":["All For One","Amplify"],"picked":"Electrodynamics+1","floor":16},{"not_picked":["Gash","Leap","Reprogram"],"picked":"SKIP","floor":18},{"not_picked":["Gash+1","Scrape"],"picked":"Loop+1","floor":20},{"not_picked":["Streamline","Gash+1"],"picked":"Compile Driver","floor":21},{"not_picked":["Tempest","Ball Lightning"],"picked":"Heatsinks+1","floor":23},{"not_picked":["Sweeping Beam","Beam Cell"],"picked":"Undo","floor":24},{"not_picked":["Sweeping Beam+1","Melter"],"picked":"Buffer+1","floor":28},{"not_picked":["Beam Cell","Conserve Battery"],"picked":"Consume","floor":29},{"not_picked":["Cold Snap","Fusion"],"picked":"Creative AI+1","floor":30},{"not_picked":["All For One","Hyperbeam"],"picked":"Biased Cognition+1","floor":33},{"not_picked":["Turbo","Rebound+1"],"picked":"Redo+1","floor":35},{"not_picked":["Steam","Glacier+1"],"picked":"Buffer+1","floor":37},{"not_picked":["Barrage+1","Chill"],"picked":"Capacitor+1","floor":40},{"not_picked":["Conserve Battery","Stack","Auto Shields"],"picked":"SKIP","floor":42},{"not_picked":["Self Repair+1","Stack+1"],"picked":"Capacitor+1","floor":44},{"not_picked":["Compile Driver","Sweeping Beam"],"picked":"Glacier+1","floor":45},{"not_picked":["Ball Lightning+1","Coolheaded"],"picked":"BootSequence+1","floor":46},{"not_picked":["Compile Driver+1","Darkness"],"picked":"Capacitor+1","floor":47}],"player_experience":96642,"relics_obtained":[{"floor":5,"key":"Pear"},{"floor":9,"key":"Frozen Egg 2"},{"floor":12,"key":"Bronze Scales"},{"floor":12,"key":"Ginger"},{"floor":14,"key":"Pen Nib"},{"floor":14,"key":"Turnip"},{"floor":19,"key":"Letter Opener"},{"floor":23,"key":"Thread and Needle"},{"floor":23,"key":"Happy Flower"},{"floor":26,"key":"Potion Belt"},{"floor":28,"key":"Centennial Puzzle"},{"floor":28,"key":"Unceasing Top"},{"floor":40,"key":"Matryoshka"},{"floor":40,"key":"Mercury Hourglass"},{"floor":43,"key":"Lantern"},{"floor":43,"key":"PreservedInsect"},{"floor":47,"key":"Juzu Bracelet"},{"floor":47,"key":"Strawberry"},{"floor":48,"key":"Pantograph"},{"floor":48,"key":"Bottled Lightning"}],"event_choices":[{"cards_removed":["Strike_B"],"damage_healed":0,"gold_gain":0,"player_choice":"Upgrade and Remove","damage_taken":0,"max_hp_gain":0,"max_hp_loss":0,"event_name":"Designer","floor":31,"gold_loss":90,"cards_upgraded":["Conserve Battery"]},{"cards_removed":["Compile Driver"],"damage_healed":0,"gold_gain":0,"player_choice":"Removed Attack","damage_taken":0,"max_hp_gain":0,"max_hp_loss":0,"event_name":"Falling","floor":38,"gold_loss":0},{"damage_healed":0,"gold_gain":0,"player_choice":"Gave Potion","damage_taken":0,"relics_obtained":["Boot"],"max_hp_gain":0,"max_hp_loss":0,"event_name":"WeMeetAgain","floor":39,"gold_loss":0}],"is_beta":false,"boss_relics":[{"not_picked":["Busted Crown","Astrolabe"],"picked":"Inserter"},{"not_picked":["Sozu","Calling Bell"],"picked":"Tiny House"}],"items_purged_floors":[4,22,36],"is_endless":false,"potions_floor_spawned":[1,12,13,16,18,21,24,29,30,35,40,44,46,47],"ascension_level":0}