{"gold_per_floor":[119,132,132,132,148,176,176,201,201,201,220,295,245,274,274,378,378,395,57,57,75,75,75,87,122,122,39,65,79,4,16,16,16],"floor_reached":33,"playtime":2813,"items_purged":["Corruption"],"score":454,"play_id":"2304c695-b0a1-4c0c-9e20-89c5a71818c2","local_time":"20190720105008","is_ascension_mode":true,"campfire_choices":[{"floor":10,"key":"REST"},{"floor":15,"key":"REST"},{"data":"Bash","floor":23,"key":"SMITH"},{"floor":32,"key":"REST"}],"neow_cost":"CURSE","seed_source_timestamp":780904972813000,"circlet_count":0,"master_deck":["AscendersBane","Bash+1","Warcry+1","Ghostly Armor","Pommel Strike","Shrug It Off","Anger","Spot Weakness","Armaments+1","Shrug It Off","Body Slam","Infernal Blade","Immolate","Rupture","Cleave","Burning Pact","Combust","Feel No Pain","Immolate","Offering","Rage+1","Violence","Headbutt+1","Bludgeon","Swift Strike","Iron Wave","Jack Of All Trades","Flex+1","Blood for Blood","Iron Wave","Havoc"],"relics":["Burning Blood","Torii","Mummified Hand","Bottled Flame","Dream Catcher","Kunai","Odd Mushroom","Pandora\u0027s Box","War Paint","Matryoshka","Blood Vial","Gremlin Horn","Pen Nib"],"potions_floor_usage":[6,14,16,28,31,33],"damage_taken":[{"damage":2,"enemies":"2 Louse","floor":1,"turns":4},{"damage":9,"enemies":"Jaw Worm","floor":2,"turns":6},{"damage":0,"enemies":"Small Slimes","floor":5,"turns":4},{"damage":42,"enemies":"3 Sentries","floor":6,"turns":14},{"damage":27,"enemies":"Gremlin Nob","floor":8,"turns":5},{"damage":0,"enemies":"2 Fungi Beasts","floor":11,"turns":4},{"damage":16,"enemies":"The Mushroom Lair","floor":14,"turns":6},{"damage":6,"enemies":"Hexaghost","floor":16,"turns":10},{"damage":9,"enemies":"Spheric Guardian","floor":18,"turns":4},{"damage":0,"enemies":"Shell Parasite","floor":21,"turns":3},{"damage":7,"enemies":"Centurion and Healer","floor":24,"turns":4},{"damage":7,"enemies":"Book of Stabbing","floor":25,"turns":5},{"damage":28,"enemies":"Gremlin Leader","floor":28,"turns":6},{"damage":25,"enemies":"Snake Plant","floor":29,"turns":3},{"damage":0,"enemies":"3 Cultists","floor":31,"turns":3},{"damage":68,"enemies":"Champ","floor":33,"turns":7}],"seed_played":"1252895687849194936","potions_obtained":[{"floor":5,"key":"EssenceOfSteel"},{"floor":8,"key":"SpeedPotion"},{"floor":11,"key":"EssenceOfSteel"},{"floor":24,"key":"FearPotion"},{"floor":28,"key":"Poison Potion"},{"floor":29,"key":"Strength Potion"}],"is_trial":false,"path_per_floor":["M","M","?","?","M","E","?","E","T","R","M","?","?","?","R","B",null,"M","$","?","M","?","R","M","E","T","$","E","M","$","M","R","B"],"character_chosen":"IRONCLAD","items_purchased":["War Paint","Violence","Jack Of All Trades"],"campfire_rested":3,"item_purchase_floors":[19,19,27],"current_hp_per_floor":[76,73,73,66,72,36,29,8,8,32,38,27,27,17,41,41,70,67,67,59,65,65,65,64,63,63,63,43,26,26,34,58,0],"gold":16,"neow_bonus":"ONE_RARE_RELIC","is_prod":false,"is_daily":false,"chose_seed":false,"campfire_upgraded":1,"win_rate":0,"timestamp":1563616208,"path_taken":["M","M","?","?","M","E","?","E","T","R","M","?","?","?","R","BOSS","M","$","?","?","?","R","M","E","T","$","E","?","?","?","R","BOSS"],"build_version":"2019-07-17","purchased_purges":1,"victory":false,"max_hp_per_floor":[80,80,80,80,80,80,80,80,80,80,80,80,80,80,80,80,80,80,80,80,80,80,80,80,80,80,80,80,80,80,80,80,80],"card_choices":[{"not_picked":["Perfected Strike","Wild Strike"],"picked":"Warcry","floor":1},{"not_picked":["Second Wind","Seeing Red"],"picked":"Ghostly Armor","floor":2},{"not_picked":["Anger","Dropkick"],"picked":"Shrug It Off","floor":5},{"not_picked":["Bloodletting","Heavy Blade"],"picked":"Anger","floor":6},{"not_picked":["Entrench","Havoc"],"picked":"Spot Weakness","floor":8},{"not_picked":["Sever Soul","Evolve"],"picked":"Armaments","floor":10},{"not_picked":["Second Wind","Armaments"],"picked":"Shrug It Off","floor":11},{"not_picked":["Metallicize","Armaments"],"picked":"Body Slam","floor":14},{"not_picked":["Flex","Bloodletting"],"picked":"Infernal Blade","floor":15},{"not_picked":["Impervious","Bludgeon"],"picked":"Immolate","floor":16},{"not_picked":["Thunderclap+1","Evolve"],"picked":"Rage+1","floor":18},{"not_picked":["Clothesline","Flex+1"],"picked":"Headbutt+1","floor":21},{"not_picked":["Fire Breathing","Wild Strike"],"picked":"Iron Wave","floor":24},{"not_picked":["Armaments","Cleave"],"picked":"Corruption","floor":25},{"not_picked":["True Grit","Sword Boomerang+1"],"picked":"Flex+1","floor":28},{"not_picked":["Wild Strike","Twin Strike+1"],"picked":"Blood for Blood","floor":29},{"not_picked":["Thunderclap","Havoc"],"picked":"Iron Wave","floor":31},{"not_picked":["Perfected Strike","True Grit"],"picked":"Havoc","floor":32}],"player_experience":1064463,"relics_obtained":[{"floor":6,"key":"Bottled Flame"},{"floor":8,"key":"Dream Catcher"},{"floor":9,"key":"Kunai"},{"floor":14,"key":"Odd Mushroom"},{"floor":25,"key":"Matryoshka"},{"floor":26,"key":"Blood Vial"},{"floor":26,"key":"Gremlin Horn"},{"floor":28,"key":"Pen Nib"}],"event_choices":[{"damage_healed":0,"gold_gain":0,"cards_transformed":["Strike_R"],"player_choice":"Change","damage_taken":0,"max_hp_gain":0,"max_hp_loss":0,"event_name":"Living Wall","floor":3,"gold_loss":0,"cards_obtained":["Pommel Strike"]},{"damage_healed":0,"gold_gain":0,"player_choice":"Success","damage_taken":7,"relics_obtained":["Mummified Hand"],"max_hp_gain":0,"max_hp_loss":0,"event_name":"Scrap Ooze","floor":4,"gold_loss":0},{"cards_removed":["Writhe"],"damage_healed":0,"gold_gain":0,"player_choice":"Card Removal","damage_taken":7,"max_hp_gain":0,"max_hp_loss":0,"event_name":"Golden Wing","floor":7,"gold_loss":0},{"damage_healed":0,"gold_gain":75,"player_choice":"Gather Gold","damage_taken":11,"max_hp_gain":0,"max_hp_loss":0,"event_name":"World of Goop","floor":12,"gold_loss":0},{"cards_removed":["Strike_R"],"damage_healed":0,"gold_gain":0,"player_choice":"Card Removal","damage_taken":0,"max_hp_gain":0,"max_hp_loss":0,"event_name":"The Cleric","floor":13,"gold_loss":50},{"damage_healed":0,"gold_gain":0,"player_choice":"Fought Mushrooms","damage_taken":0,"max_hp_gain":0,"max_hp_loss":0,"event_name":"Mushrooms","floor":14,"gold_loss":0},{"damage_healed":0,"gold_gain":0,"player_choice":"Damaged","damage_taken":8,"max_hp_gain":0,"max_hp_loss":0,"event_name":"Wheel of Change","floor":20,"gold_loss":0},{"damage_healed":0,"gold_gain":0,"player_choice":"2 cards matched","damage_taken":0,"max_hp_gain":0,"max_hp_loss":0,"event_name":"Match and Keep!","floor":22,"gold_loss":0,"cards_obtained":["Bludgeon","Swift Strike"]}],"is_beta":false,"boss_relics":[{"not_picked":["Orrery","Mark of Pain"],"picked":"Pandora\u0027s Box"}],"items_purged_floors":[30],"is_endless":false,"potions_floor_spawned":[5,8,11,24,28,29],"killed_by":"Champ","ascension_level":11}