{"gold_per_floor":[119,119,137,152,162,162,190,206,255,269,5,22,22,37,37,142,142,159,179,196,8,25,25,0,0,0,33,50,50,69,22,22,121,121,135,145,145,164,18,18,31,42,116,128,28,128,3,19,19,19],"floor_reached":50,"playtime":2338,"items_purged":["Strike_B","Strike_B","Defend_B"],"score":497,"play_id":"e93bdf7d-2505-4386-934c-8806df04110f","local_time":"20190721163403","is_ascension_mode":false,"campfire_choices":[{"data":"Zap","floor":6,"key":"SMITH"},{"floor":13,"key":"REST"},{"data":"Secret Weapon","floor":15,"key":"SMITH"},{"data":"Seek","floor":23,"key":"SMITH"},{"floor":29,"key":"REST"},{"data":"Reboot","floor":32,"key":"SMITH"},{"floor":40,"key":"REST"},{"floor":49,"key":"REST"}],"neow_cost":"NONE","seed_source_timestamp":575362814401468,"circlet_count":0,"master_deck":["Defend_B","Defend_B","Defend_B","Zap+1","Gash","Sweeping Beam","Gash","Gash","Leap","Gash","Secret Weapon+1","Beam Cell","Seek+1","Conserve Battery+1","Reprogram","Go for the Eyes","Gash","Steam Power","Steam","Skim+1","Reboot+1","Turbo","Hologram","Reboot","FTL+1","Conserve Battery+1","Gash","Beam Cell+1","Streamline","Gash+1"],"relics":["Cracked Core","NeowsBlessing","Gremlin Horn","Bag of Preparation","Nuclear Battery","Mummified Hand","Meat on the Bone","Empty Cage","Ornamental Fan","FossilizedHelix"],"potions_floor_usage":[16,16,16,27,30,38,41,46,50],"damage_taken":[{"damage":0,"enemies":"Cultist","floor":1,"turns":1},{"damage":0,"enemies":"Small Slimes","floor":3,"turns":1},{"damage":0,"enemies":"Jaw Worm","floor":4,"turns":1},{"damage":9,"enemies":"Blue Slaver","floor":5,"turns":4},{"damage":26,"enemies":"Lagavulin","floor":7,"turns":7},{"damage":0,"enemies":"Exordium Thugs","floor":8,"turns":4},{"damage":3,"enemies":"Red Slaver","floor":10,"turns":3},{"damage":0,"enemies":"Large Slime","floor":12,"turns":4},{"damage":1,"enemies":"3 Louse","floor":14,"turns":2},{"damage":35,"enemies":"The Guardian","floor":16,"turns":7},{"damage":0,"enemies":"Chosen","floor":18,"turns":4},{"damage":7,"enemies":"3 Byrds","floor":19,"turns":4},{"damage":10,"enemies":"Sentry and Sphere","floor":20,"turns":4},{"damage":1,"enemies":"Cultist and Chosen","floor":22,"turns":4},{"damage":3,"enemies":"Gremlin Leader","floor":27,"turns":3},{"damage":13,"enemies":"Shelled Parasite and Fungi","floor":28,"turns":3},{"damage":2,"enemies":"Chosen and Byrds","floor":30,"turns":5},{"damage":66,"enemies":"Champ","floor":33,"turns":7},{"damage":15,"enemies":"3 Shapes","floor":35,"turns":3},{"damage":0,"enemies":"Orb Walker","floor":36,"turns":2},{"damage":22,"enemies":"3 Darklings","floor":38,"turns":2},{"damage":43,"enemies":"Sphere and 2 Shapes","floor":41,"turns":3},{"damage":2,"enemies":"Maw","floor":42,"turns":6},{"damage":0,"enemies":"3 Darklings","floor":44,"turns":3},{"damage":0,"enemies":"Mind Bloom Boss Battle","floor":46,"turns":4},{"damage":0,"enemies":"Jaw Worm Horde","floor":48,"turns":3},{"damage":86,"enemies":"Time Eater","floor":50,"turns":7}],"seed_played":"5106242137654365090","potions_obtained":[{"floor":3,"key":"Swift Potion"},{"floor":7,"key":"Regen Potion"},{"floor":10,"key":"Ancient Potion"},{"floor":18,"key":"Fire Potion"},{"floor":19,"key":"SneckoOil"},{"floor":30,"key":"Fruit Juice"},{"floor":33,"key":"GamblersBrew"},{"floor":36,"key":"SpeedPotion"},{"floor":38,"key":"Explosive Potion"},{"floor":46,"key":"Weak Potion"}],"is_trial":false,"path_per_floor":["M","?","M","M","M","R","E","M","T","M","$","M","R","M","R","B",null,"M","M","M","$","M","R","?","?","T","E","M","R","M","$","R","B",null,"M","M","?","M","$","R","M","M","T","M","$","?","$","M","R","B"],"character_chosen":"DEFECT","items_purchased":["Gash","Secret Weapon","Gash","Steam Power","Steam","Hologram","Gash","Streamline","Regen Potion"],"campfire_rested":4,"item_purchase_floors":[11,11,21,21,21,31,39,45,45],"current_hp_per_floor":[75,75,75,75,66,66,40,40,40,37,37,37,59,58,58,38,75,75,68,58,58,57,57,57,50,50,47,46,68,71,71,71,17,80,65,65,65,43,43,67,36,46,46,46,46,58,58,58,80,0],"gold":19,"neow_bonus":"THREE_ENEMY_KILL","is_prod":false,"is_daily":false,"chose_seed":false,"campfire_upgraded":4,"win_rate":0.0,"timestamp":1563741243,"path_taken":["M","?","M","M","M","R","E","M","T","?","$","M","R","M","R","BOSS","M","M","?","$","M","R","?","?","T","E","M","R","?","?","R","BOSS","M","M","?","M","$","R","M","M","T","M","$","?","$","?","R","BOSS"],"build_version":"2019-07-17","purchased_purges":3,"victory":false,"max_hp_per_floor":[75,75,75,75,75,75,75,75,75,75,75,75,75,75,75,75,75,75,75,75,75,75,75,75,75,75,75,75,75,80,80,80,80,80,80,80,80,80,80,80,80,80,80,80,80,80,80,80,80,80],"card_choices":[{"not_picked":["Steam Power","Rebound"],"picked":"Gash","floor":1},{"not_picked":["Reinforced Body","Rebound"],"picked":"Sweeping Beam","floor":3},{"not_picked":["Compile Driver","Beam Cell"],"picked":"Gash","floor":4},{"not_picked":["Doom and Gloom","Consume","Ball Lightning"],"picked":"SKIP","floor":5},{"not_picked":["Sunder","Force Field","Ball Lightning"],"picked":"SKIP","floor":7},{"not_picked":["Hologram","Tempest"],"picked":"Gash","floor":8},{"not_picked":["Aggregate","Darkness"],"picked":"Leap","floor":10},{"not_picked":["Thunder Strike","Storm"],"picked":"Beam Cell","floor":12},{"not_picked":["Barrage","Storm","Ball Lightning"],"picked":"SKIP","floor":14},{"not_picked":["Creative AI","Thunder Strike"],"picked":"Seek","floor":16},{"not_picked":["Leap","Go for the Eyes+1"],"picked":"Conserve Battery+1","floor":18},{"not_picked":["FTL","Turbo+1"],"picked":"Reprogram","floor":19},{"not_picked":["Redo","Barrage"],"picked":"Go for the Eyes","floor":20},{"not_picked":["Coolheaded","Cold Snap"],"picked":"Skim+1","floor":22},{"not_picked":["Rebound","Sweeping Beam"],"picked":"Reboot","floor":27},{"not_picked":["Glacier","Reinforced Body"],"picked":"Turbo","floor":28},{"not_picked":["Ball Lightning","Barrage","Undo"],"picked":"SKIP","floor":30},{"not_picked":["Rainbow","Biased Cognition"],"picked":"Reboot","floor":33},{"not_picked":["Ball Lightning+1","Sweeping Beam"],"picked":"FTL+1","floor":35},{"not_picked":["Chill+1","Fusion"],"picked":"Leap+1","floor":36},{"not_picked":["Genetic Algorithm+1","Cold Snap"],"picked":"Conserve Battery+1","floor":38},{"not_picked":["Cold Snap","Amplify","Fusion+1"],"picked":"SKIP","floor":41},{"not_picked":["Ball Lightning+1","Defragment+1","Barrage"],"picked":"SKIP","floor":42},{"not_picked":["Conserve Battery+1","Redo"],"picked":"Beam Cell+1","floor":44},{"not_picked":["Turbo+1","Leap"],"picked":"Gash+1","floor":48}],"player_experience":77779,"relics_obtained":[{"floor":7,"key":"Gremlin Horn"},{"floor":9,"key":"Bag of Preparation"},{"floor":26,"key":"Mummified Hand"},{"floor":27,"key":"Meat on the Bone"},{"floor":43,"key":"Ornamental Fan"},{"floor":46,"key":"FossilizedHelix"}],"event_choices":[{"cards_removed":["Dualcast"],"damage_healed":0,"gold_gain":0,"player_choice":"Offered Basic","damage_taken":0,"max_hp_gain":0,"max_hp_loss":0,"event_name":"Bonfire Elementals","floor":2,"gold_loss":0},{"damage_healed":0,"gold_gain":0,"player_choice":"Paid Fearfully","damage_taken":0,"max_hp_gain":0,"max_hp_loss":0,"event_name":"Masked Bandits","floor":24,"gold_loss":25},{"damage_healed":0,"gold_gain":0,"player_choice":"","damage_taken":7,"max_hp_gain":0,"max_hp_loss":0,"event_name":"Knowing Skull","floor":25,"potions_obtained":[],"gold_loss":0,"cards_obtained":[]},{"cards_removed":["Leap"],"damage_healed":0,"gold_gain":0,"player_choice":"Removed Skill","damage_taken":0,"max_hp_gain":0,"max_hp_loss":0,"event_name":"Falling","floor":37,"gold_loss":0},{"damage_healed":0,"gold_gain":0,"player_choice":"Fight","damage_taken":0,"max_hp_gain":0,"max_hp_loss":0,"event_name":"MindBloom","floor":46,"gold_loss":0}],"is_beta":false,"boss_relics":[{"not_picked":["Lizard Tail","Sozu"],"picked":"Nuclear Battery"},{"not_picked":["Coffee Dripper","Astrolabe"],"picked":"Empty Cage"}],"items_purged_floors":[11,39,47],"is_endless":false,"potions_floor_spawned":[3,7,10,18,19,30,33,36,38,46],"killed_by":"Time Eater","ascension_level":0}