{"gold_per_floor":[117,117,67,67,84,84,100,100,148,4,4,21,21,47,47,143,143],"floor_reached":17,"playtime":880,"items_purged":["Defend_G"],"score":161,"play_id":"c3577371-d8d6-414b-b765-93eec1f9ab6d","local_time":"20190714005457","is_ascension_mode":true,"campfire_choices":[{"data":"Neutralize","floor":6,"key":"SMITH"},{"data":"Noxious Fumes","floor":8,"key":"SMITH"},{"data":"Sucker Punch","floor":13,"key":"SMITH"},{"data":"Leg Sweep","floor":15,"key":"SMITH"}],"neow_cost":"TEN_PERCENT_HP_LOSS","seed_source_timestamp":25676771928240,"circlet_count":0,"master_deck":["Strike_G","Strike_G","Strike_G","Strike_G","Defend_G","Defend_G","Defend_G","Defend_G","Survivor","Neutralize+1","PiercingWail","Dagger Spray","Sucker Punch+1","Noxious Fumes+1","Leg Sweep+1","Outmaneuver","Finisher","Envenom"],"relics":["Ring of the Snake","Pocketwatch","Omamori","Regal Pillow","Dream Catcher","Black Star"],"potions_floor_usage":[14],"damage_taken":[{"damage":0,"enemies":"Small Slimes","floor":1,"turns":4},{"damage":0,"enemies":"2 Louse","floor":5,"turns":3},{"damage":0,"enemies":"Cultist","floor":7,"turns":4},{"damage":10,"enemies":"Looter","floor":12,"turns":4},{"damage":15,"enemies":"3 Sentries","floor":14,"turns":5},{"damage":35,"enemies":"Slime Boss","floor":16,"turns":11}],"seed_played":"-8025469885286928661","potions_obtained":[{"floor":5,"key":"Swift Potion"},{"floor":12,"key":"Explosive Potion"},{"floor":16,"key":"LiquidBronze"}],"is_trial":false,"path_per_floor":["M","?","$","?","M","R","M","R","T","$","?","M","R","E","R","B",null],"character_chosen":"THE_SILENT","items_purchased":["Dagger Spray","Leg Sweep"],"campfire_rested":0,"item_purchase_floors":[3,10],"current_hp_per_floor":[63,63,63,63,63,63,63,63,63,63,63,53,53,38,38,3,63],"gold":143,"neow_bonus":"ONE_RARE_RELIC","is_prod":false,"is_daily":false,"chose_seed":false,"campfire_upgraded":4,"win_rate":0,"timestamp":1563083697,"path_taken":["M","?","$","?","M","R","M","R","T","$","?","?","R","E","R","BOSS"],"build_version":"2019-07-05","purchased_purges":1,"victory":false,"max_hp_per_floor":[63,63,63,63,63,63,63,63,63,63,63,63,63,63,63,63,63],"card_choices":[{"not_picked":["Expertise","Accuracy"],"picked":"PiercingWail","floor":1},{"not_picked":["Catalyst","Cloak And Dagger"],"picked":"Sucker Punch","floor":5},{"not_picked":["Prepared","Eviscerate"],"picked":"Noxious Fumes","floor":7},{"not_picked":["Prepared","Dagger Throw"],"picked":"Outmaneuver","floor":12},{"not_picked":["All Out Attack","Predator"],"picked":"Finisher","floor":14},{"not_picked":["Malaise","Doppelganger"],"picked":"Envenom","floor":16}],"player_experience":156050,"relics_obtained":[{"floor":9,"key":"Omamori"},{"floor":11,"key":"Regal Pillow"},{"floor":14,"key":"Dream Catcher"}],"event_choices":[{"damage_healed":0,"gold_gain":0,"player_choice":"Ignored","damage_taken":0,"max_hp_gain":0,"max_hp_loss":0,"event_name":"Liars Game","floor":2,"gold_loss":0},{"cards_removed":["Strike_G"],"damage_healed":0,"gold_gain":0,"player_choice":"Forget","damage_taken":0,"max_hp_gain":0,"max_hp_loss":0,"event_name":"Living Wall","floor":4,"gold_loss":0},{"damage_healed":0,"gold_gain":0,"player_choice":"Relic","damage_taken":0,"max_hp_gain":0,"max_hp_loss":0,"event_name":"Wheel of Change","floor":11,"gold_loss":0}],"is_beta":false,"boss_relics":[{"not_picked":["Runic Dome","Orrery"],"picked":"Black Star"}],"items_purged_floors":[10],"is_endless":false,"potions_floor_spawned":[5,12,16],"ascension_level":1}