{"gold_per_floor":[111,111,111,43,57,57,72,97,123,137,22,22,22,39,39,140,140,150,163,163,175,75,75,89,89,115,42,7,21,21,0,0,102,102,112,124,124,143,143,143,155,155,179,179,194,194],"floor_reached":46,"playtime":2950,"items_purged":["Strike_G","Strike_G"],"score":410,"play_id":"56bd7515-1dd8-480f-8bd1-376a2b2e6ae0","local_time":"20190719042057","is_ascension_mode":false,"campfire_choices":[{"data":"Sucker Punch","floor":6.0,"key":"SMITH"},{"data":"Footwork","floor":12.0,"key":"SMITH"},{"data":"Sucker Punch","floor":15.0,"key":"SMITH"},{"data":"Bouncing Flask","floor":23.0,"key":"SMITH"},{"data":"Caltrops","floor":25.0,"key":"SMITH"},{"data":"A Thousand Cuts","floor":30.0,"key":"SMITH"},{"data":"Dash","floor":32.0,"key":"SMITH"},{"data":"Leg Sweep","floor":40.0,"key":"SMITH"},{"data":"Bane","floor":42.0,"key":"SMITH"},{"data":"Backflip","floor":44.0,"key":"SMITH"}],"neow_cost":"NONE","seed_source_timestamp":0,"circlet_count":0,"master_deck":["Strike_G","Strike_G","Strike_G+1","Defend_G","Defend_G","Defend_G","Defend_G","Defend_G+1","Survivor","Neutralize+1","Sucker Punch+1","Well Laid Plans","Dash+1","Sucker Punch+1","Dagger Spray","Bane+1","Footwork+1","Backflip+1","A Thousand Cuts+1","Bouncing Flask+1","Poisoned Stab","Caltrops+1","Writhe","Poisoned Stab","Bane+1","Deflect+1","Leg Sweep+1","Slice","Setup+1","Normality","Leg Sweep+1"],"special_seed":0,"relics":["Ring of the Snake","Odd Mushroom","Orichalcum","Shuriken","Cursed Key","MawBank","Pantograph","Philosopher\u0027s Stone","Juzu Bracelet"],"potions_floor_usage":[46],"damage_taken":[{"damage":0.0,"enemies":"2 Louse","floor":1.0,"turns":3.0},{"damage":0.0,"enemies":"Small Slimes","floor":5.0,"turns":3.0},{"damage":0.0,"enemies":"Cultist","floor":7.0,"turns":4.0},{"damage":8.0,"enemies":"The Mushroom Lair","floor":8.0,"turns":4.0},{"damage":3.0,"enemies":"3 Louse","floor":10.0,"turns":2.0},{"damage":0.0,"enemies":"Exordium Wildlife","floor":14.0,"turns":2.0},{"damage":11.0,"enemies":"Hexaghost","floor":16.0,"turns":15.0},{"damage":0.0,"enemies":"3 Byrds","floor":18.0,"turns":6.0},{"damage":7.0,"enemies":"Spheric Guardian","floor":19.0,"turns":5.0},{"damage":0.0,"enemies":"Cultist and Chosen","floor":21.0,"turns":6.0},{"damage":2.0,"enemies":"Snake Plant","floor":24.0,"turns":4.0},{"damage":6.0,"enemies":"Snecko","floor":29.0,"turns":5.0},{"damage":39.0,"enemies":"Automaton","floor":33.0,"turns":11.0},{"damage":23.0,"enemies":"3 Shapes","floor":35.0,"turns":4.0},{"damage":17.0,"enemies":"3 Darklings","floor":36.0,"turns":5.0},{"damage":14.0,"enemies":"Jaw Worm Horde","floor":38.0,"turns":5.0},{"damage":6.0,"enemies":"Writhing Mass","floor":41.0,"turns":6.0},{"damage":35,"enemies":"Transient","floor":45,"turns":5},{"damage":0,"enemies":"Sphere and 2 Shapes","floor":46,"turns":2}],"seed_played":"-4983742798267582555","potions_obtained":[{"floor":7.0,"key":"Fire Potion"},{"floor":16.0,"key":"Fire Potion"},{"floor":21.0,"key":"GhostInAJar"},{"floor":24.0,"key":"Strength Potion"},{"floor":36.0,"key":"PowerPotion"},{"floor":45,"key":"PowerPotion"}],"is_trial":false,"path_per_floor":["M","?","?","$","M","R","M","?","T","M","$","R","T","M","R","B",null,"M","M","?","M","$","R","M","R","T","?","$","M","R","?","R","B",null,"M","M","?","M","?","R","M","R","T","R","M","M"],"character_chosen":"THE_SILENT","items_purchased":["Well Laid Plans","Footwork","Poisoned Stab"],"campfire_rested":0,"item_purchase_floors":[4,11,28],"current_hp_per_floor":[70,56,56,56,56,56,56,48,48,45,45,45,45,45,45,34,70,70,63,63,63,63,63,61,61,61,61,61,55,55,55,55,31,70,47,30,61,47,47,47,41,41,41,41,6,6],"gold":194,"neow_bonus":"UPGRADE_CARD","is_prod":false,"is_daily":false,"chose_seed":false,"campfire_upgraded":10,"win_rate":0,"timestamp":1563528057,"path_taken":["M","?","?","$","M","R","M","?","T","M","$","R","?","?","R","BOSS","M","M","?","M","$","R","M","R","T","?","?","M","R","?","R","BOSS","M","M","?","M","?","R","M","R","T","R","M","M"],"build_version":"2019-07-17","purchased_purges":2,"victory":false,"max_hp_per_floor":[70,70,70,70,70,70,70,70,70,70,70,70,70,70,70,70,70,70,70,70,70,70,70,70,70,70,70,70,70,70,70,70,70,70,70,70,61,61,58,58,58,58,58,58,58,58],"card_choices":[{"not_picked":["Deflect","All Out Attack"],"picked":"Sucker Punch","floor":1.0},{"not_picked":["Choke","Bane"],"picked":"Dash","floor":5.0},{"not_picked":["Well Laid Plans","Cloak And Dagger"],"picked":"Sucker Punch","floor":7.0},{"not_picked":["Sucker Punch","Blade Dance"],"picked":"Dagger Spray","floor":8.0},{"not_picked":["Prepared","Underhanded Strike"],"picked":"Bane","floor":10.0},{"not_picked":["Caltrops","Prepared"],"picked":"Backflip","floor":14.0},{"not_picked":["Burst","Storm of Steel"],"picked":"A Thousand Cuts","floor":16.0},{"not_picked":["Accuracy","Acrobatics","Dagger Throw"],"picked":"SKIP","floor":18.0},{"not_picked":["Catalyst","Terror"],"picked":"Bouncing Flask","floor":19.0},{"not_picked":["Outmaneuver","Blur"],"picked":"Poisoned Stab","floor":21.0},{"not_picked":["Sucker Punch","Quick Slash"],"picked":"Caltrops","floor":24.0},{"not_picked":["Setup","Dagger Throw"],"picked":"Bane+1","floor":29.0},{"not_picked":["Masterful Stab+1","Cloak And Dagger+1"],"picked":"Deflect+1","floor":35.0},{"not_picked":["Acrobatics","Dodge and Roll"],"picked":"Leg Sweep","floor":36.0},{"not_picked":["Underhanded Strike","Cloak And Dagger"],"picked":"Slice","floor":38.0},{"not_picked":["Cloak And Dagger+1","Dagger Spray+1"],"picked":"Setup+1","floor":41.0},{"not_picked":["Prepared+1","Poisoned Stab+1"],"picked":"Leg Sweep+1","floor":45}],"player_experience":179863,"relics_obtained":[{"floor":8.0,"key":"Odd Mushroom"},{"floor":9.0,"key":"Orichalcum"},{"floor":13.0,"key":"Shuriken"},{"floor":26.0,"key":"MawBank"},{"floor":43.0,"key":"Juzu Bracelet"}],"event_choices":[{"damage_healed":0.0,"max_hp_gain":0.0,"max_hp_loss":0.0,"gold_gain":0.0,"event_name":"Shining Light","player_choice":"Entered Light","floor":2.0,"gold_loss":0.0,"damage_taken":14.0,"cards_upgraded":["Strike_G","Defend_G"]},{"damage_healed":0.0,"max_hp_gain":0.0,"max_hp_loss":0.0,"gold_gain":0.0,"event_name":"Liars Game","player_choice":"Ignored","floor":3.0,"gold_loss":0.0,"damage_taken":0.0},{"damage_healed":0.0,"max_hp_gain":0.0,"max_hp_loss":0.0,"gold_gain":0.0,"event_name":"Mushrooms","player_choice":"Fought Mushrooms","floor":8.0,"gold_loss":0.0,"damage_taken":0.0},{"damage_healed":0.0,"max_hp_gain":0.0,"max_hp_loss":0.0,"gold_gain":0.0,"event_name":"Ghosts","player_choice":"Ignored","floor":20.0,"gold_loss":0.0,"damage_taken":0.0},{"damage_healed":0.0,"max_hp_gain":0.0,"max_hp_loss":0.0,"gold_gain":0.0,"event_name":"Addict","player_choice":"Obtained Relic","floor":27.0,"gold_loss":85.0,"damage_taken":0.0,"relics_obtained":["Pantograph"]},{"damage_healed":0.0,"max_hp_gain":0.0,"max_hp_loss":0.0,"gold_gain":0.0,"event_name":"Masked Bandits","player_choice":"Paid Fearfully","floor":31.0,"gold_loss":21.0,"damage_taken":0.0},{"damage_healed":61.0,"max_hp_gain":0.0,"max_hp_loss":9.0,"gold_gain":0.0,"event_name":"The Moai Head","player_choice":"Heal","floor":37.0,"gold_loss":0.0,"damage_taken":0.0},{"damage_healed":0.0,"max_hp_gain":0.0,"max_hp_loss":3.0,"gold_gain":0.0,"event_name":"Winding Halls","player_choice":"Max HP","floor":39.0,"gold_loss":0.0,"damage_taken":0.0}],"is_beta":false,"boss_relics":[{"not_picked":["Calling Bell","WristBlade"],"picked":"Cursed Key"},{"not_picked":["Ring of the Serpent","Black Star"],"picked":"Philosopher\u0027s Stone"}],"items_purged_floors":[11,22],"is_endless":false,"potions_floor_spawned":[7,16,21,24,36,45],"killed_by":"Sphere and 2 Shapes","ascension_level":0}