{"gold_per_floor":[113,113,131,131,28,48,58,82,136,136,153,153,26,38,38,134,134,149,49,229,85,97,97,112,131,131,158,158,173,173,190,190,290,290,310,310,14,28,74,74,104,16,16,29,29,47,47,78,78,78],"floor_reached":51,"playtime":3250,"items_purged":["Strike_R","Strike_R"],"score":767,"play_id":"4d1d6478-0004-4d21-80bd-c60c14b6082b","local_time":"20190709212407","is_ascension_mode":false,"campfire_choices":[{"data":"Whirlwind","floor":10,"key":"SMITH"},{"data":"Evolve","floor":12,"key":"SMITH"},{"data":"Armaments","floor":15,"key":"SMITH"},{"data":"Barricade","floor":23,"key":"SMITH"},{"data":"Body Slam","floor":28,"key":"SMITH"},{"data":"Shockwave","floor":30,"key":"SMITH"},{"data":"Entrench","floor":32,"key":"SMITH"},{"data":"Impervious","floor":40,"key":"SMITH"},{"data":"Shrug It Off","floor":49,"key":"SMITH"}],"neow_cost":"NONE","seed_source_timestamp":11826703151760,"circlet_count":0,"master_deck":["Strike_R","Strike_R","Defend_R","Defend_R","Defend_R","Defend_R","Bash","Whirlwind+1","Evolve+1","Shockwave+1","Uppercut","Armaments+1","Barricade+1","Battle Trance","Entrench+1","Battle Trance","Body Slam+1","Body Slam+1","Shrug It Off+1","Impervious+1","Flash of Steel","Flame Barrier+1","Enlightenment","Ghostly Armor+1"],"relics":["Burning Blood","NeowsBlessing","Red Skull","Bronze Scales","Anchor","Sozu","Pear","Lantern","Eternal Feather","Bag of Preparation","Oddly Smooth Stone","Ice Cream","Self Forming Clay","Meat on the Bone","Mummified Hand","Bag of Marbles"],"potions_floor_usage":[16,29,33,33],"damage_taken":[{"damage":0,"enemies":"2 Louse","floor":1,"turns":1},{"damage":0,"enemies":"Cultist","floor":3,"turns":1},{"damage":0,"enemies":"Small Slimes","floor":6,"turns":1},{"damage":13,"enemies":"Exordium Wildlife","floor":7,"turns":4},{"damage":1,"enemies":"Lots of Slimes","floor":11,"turns":3},{"damage":7,"enemies":"Exordium Thugs","floor":14,"turns":3},{"damage":33,"enemies":"Slime Boss","floor":16,"turns":8},{"damage":20,"enemies":"2 Thieves","floor":18,"turns":2},{"damage":0,"enemies":"Chosen","floor":22,"turns":3},{"damage":28,"enemies":"3 Cultists","floor":24,"turns":5},{"damage":0,"enemies":"Centurion and Healer","floor":25,"turns":4},{"damage":5,"enemies":"Book of Stabbing","floor":27,"turns":5},{"damage":0,"enemies":"Snecko","floor":29,"turns":3},{"damage":2,"enemies":"Shelled Parasite and Fungi","floor":31,"turns":4},{"damage":18,"enemies":"Champ","floor":33,"turns":7},{"damage":25,"enemies":"3 Darklings","floor":35,"turns":6},{"damage":0,"enemies":"Orb Walker","floor":38,"turns":2},{"damage":0,"enemies":"2 Orb Walkers","floor":39,"turns":4},{"damage":39,"enemies":"Reptomancer","floor":41,"turns":5},{"damage":17,"enemies":"Transient","floor":44,"turns":5},{"damage":0,"enemies":"3 Darklings","floor":46,"turns":4},{"damage":27,"enemies":"Nemesis","floor":48,"turns":5},{"damage":0,"enemies":"Time Eater","floor":50,"turns":6}],"seed_played":"-1233581554940196443","potions_obtained":[{"floor":6,"key":"Swift Potion"},{"floor":14,"key":"Poison Potion"},{"floor":16,"key":"Poison Potion"}],"is_trial":false,"path_per_floor":["M","?","M","?","$","M","M","T","T","R","M","R","$","M","R","B",null,"M","$","?","$","M","R","M","M","T","E","R","M","R","M","R","B",null,"M","?","$","M","?","R","E","$","T","M","T","M","?","E","R","B",null],"character_chosen":"IRONCLAD","items_purchased":["Whirlwind","Evolve","Energy Potion","Battle Trance","Entrench","Bag of Preparation","Oddly Smooth Stone","Enlightenment"],"campfire_rested":0,"item_purchase_floors":[5,5,13,21,21,37,37,42],"current_hp_per_floor":[80,80,80,73,73,79,72,72,72,72,77,77,77,76,76,49,80,66,66,42,42,48,48,26,32,42,43,43,49,49,53,53,41,90,71,71,71,77,83,90,57,57,57,58,58,64,64,55,67,73],"gold":78,"neow_bonus":"THREE_ENEMY_KILL","is_prod":false,"is_daily":false,"chose_seed":false,"campfire_upgraded":9,"win_rate":0,"timestamp":1562725447,"path_taken":["M","?","?","?","?","M","?","?","T","R","M","R","$","M","R","BOSS","M","$","?","$","M","R","M","?","T","E","R","M","R","M","R","BOSS","M","?","$","M","?","R","E","?","T","M","?","M","?","E","R","BOSS"],"build_version":"2019-07-05","purchased_purges":2,"victory":true,"max_hp_per_floor":[80,80,80,80,80,80,80,80,80,80,80,80,80,80,80,80,80,80,80,80,80,80,80,80,80,90,90,90,90,90,90,90,90,90,90,90,90,90,90,90,90,90,90,90,90,90,85,85,85,85],"card_choices":[{"not_picked":["Headbutt","Rage","Intimidate"],"picked":"SKIP","floor":1},{"not_picked":["Cleave","Heavy Blade","Flex"],"picked":"SKIP","floor":3},{"not_picked":["Havoc","Reckless Charge"],"picked":"Shockwave","floor":6},{"not_picked":["Metallicize","Spot Weakness","Wild Strike"],"picked":"SKIP","floor":7},{"not_picked":["Searing Blow","Clothesline"],"picked":"Uppercut","floor":11},{"not_picked":["Flex","Wild Strike"],"picked":"Armaments","floor":14},{"not_picked":["Exhume","Bludgeon"],"picked":"Barricade","floor":16},{"not_picked":["Second Wind","Flex","Wild Strike+1"],"picked":"SKIP","floor":18},{"not_picked":["Cleave","Fire Breathing+1"],"picked":"Battle Trance","floor":22},{"not_picked":["Clothesline","Flex+1"],"picked":"Body Slam","floor":24},{"not_picked":["Clothesline","Shockwave+1"],"picked":"Body Slam+1","floor":25},{"not_picked":["Body Slam","Armaments"],"picked":"Shrug It Off","floor":27},{"not_picked":["Rage","Dropkick+1","Clash"],"picked":"SKIP","floor":29},{"not_picked":["Second Wind","Twin Strike+1","Pommel Strike"],"picked":"SKIP","floor":31},{"not_picked":["Fiend Fire","Exhume"],"picked":"Impervious","floor":33},{"not_picked":["Sword Boomerang","Armaments","Fire Breathing+1"],"picked":"SKIP","floor":35},{"not_picked":["Deep Breath","Madness"],"picked":"Flash of Steel","floor":36},{"not_picked":["Iron Wave+1","Carnage","Sentinel"],"picked":"SKIP","floor":38},{"not_picked":["Cleave","True Grit+1"],"picked":"Flame Barrier+1","floor":41},{"not_picked":["Armaments+1","True Grit+1","Rage"],"picked":"SKIP","floor":44},{"not_picked":["Heavy Blade+1","Blood for Blood+1","Iron Wave"],"picked":"SKIP","floor":46},{"not_picked":["Bludgeon","Heavy Blade+1"],"picked":"Ghostly Armor+1","floor":48}],"player_experience":56517,"relics_obtained":[{"floor":8,"key":"Bronze Scales"},{"floor":9,"key":"Anchor"},{"floor":26,"key":"Pear"},{"floor":27,"key":"Lantern"},{"floor":39,"key":"Ice Cream"},{"floor":41,"key":"Self Forming Clay"},{"floor":43,"key":"Meat on the Bone"},{"floor":45,"key":"Mummified Hand"},{"floor":48,"key":"Bag of Marbles"}],"event_choices":[{"cards_removed":["Strike_R"],"damage_healed":0,"gold_gain":0,"player_choice":"Offered Basic","damage_taken":0,"max_hp_gain":0,"max_hp_loss":0,"event_name":"Bonfire Elementals","floor":2,"gold_loss":0},{"damage_healed":0,"gold_gain":0,"player_choice":"Success","damage_taken":7,"relics_obtained":["Red Skull"],"max_hp_gain":0,"max_hp_loss":0,"event_name":"Scrap Ooze","floor":4,"gold_loss":0},{"damage_healed":0,"gold_gain":180,"player_choice":"GOLD GOLD ","damage_taken":24,"max_hp_gain":0,"max_hp_loss":0,"event_name":"Knowing Skull","floor":20,"potions_obtained":[],"gold_loss":0,"cards_obtained":[]},{"damage_healed":0,"gold_gain":0,"player_choice":"Memory 1","damage_taken":0,"max_hp_gain":0,"max_hp_loss":0,"event_name":"SensoryStone","floor":36,"gold_loss":0},{"damage_healed":0,"gold_gain":0,"player_choice":"Fight","damage_taken":0,"max_hp_gain":0,"max_hp_loss":0,"event_name":"Mysterious Sphere","floor":39,"gold_loss":0},{"damage_healed":0,"gold_gain":0,"player_choice":"Max HP","damage_taken":0,"max_hp_gain":0,"max_hp_loss":5,"event_name":"Winding Halls","floor":47,"gold_loss":0}],"is_beta":false,"boss_relics":[{"not_picked":["Calling Bell","Runic Pyramid"],"picked":"Sozu"},{"not_picked":["Black Star","Empty Cage"],"picked":"Eternal Feather"}],"items_purged_floors":[13,19],"is_endless":false,"potions_floor_spawned":[6,14,16,25,27,29,31,38,44,46],"ascension_level":0}