{"gold_per_floor":[115,115,19,37,53,53,53,53,53,67,80,98,109,126,126,222,222,232,13,13,28,46,46,46,71,96,96,21,21,37,54,54,153,153,170,180,3,3,21,21,40,40,40,50,65,65,65],"floor_reached":47,"playtime":2432,"items_purged":["Strike_B"],"score":468,"play_id":"2594bd2b-6604-406a-bdfd-1635429c8995","local_time":"20190721211528","is_ascension_mode":false,"campfire_choices":[{"data":"Zap","floor":6,"key":"SMITH"},{"data":"Reprogram","floor":8,"key":"SMITH"},{"floor":15,"key":"REST"},{"floor":23,"key":"REST"},{"floor":27,"key":"REST"},{"floor":29,"key":"REST"},{"data":"Coolheaded","floor":32,"key":"SMITH"},{"data":"Steam Power","floor":40,"key":"SMITH"},{"data":"Hologram","floor":42,"key":"SMITH"}],"neow_cost":"NONE","seed_source_timestamp":592152655855489,"circlet_count":0,"master_deck":["Strike_B","Strike_B","Strike_B","Defend_B","Defend_B","Defend_B","Defend_B","Zap+1","Coolheaded+1","Reprogram+1","Beam Cell","Gash","Sweeping Beam","Hologram+1","Conserve Battery","Self Repair","Go for the Eyes","Go for the Eyes","Turbo+1","Gash","Steam","Self Repair","Hologram+1","Redo+1","Go for the Eyes","All For One","Streamline","Steam Power+1","Turbo+1","Turbo+1","FTL+1","Reprogram"],"relics":["Cracked Core","NeowsBlessing","Gremlin Horn","Cables","Unceasing Top","Black Star","Strange Spoon","MutagenicStrength","Torii","Anchor","Dream Catcher","Sozu","Bottled Tornado"],"potions_floor_usage":[13,16,31,33],"damage_taken":[{"damage":0,"enemies":"Cultist","floor":1,"turns":1},{"damage":0,"enemies":"Jaw Worm","floor":4,"turns":1},{"damage":0,"enemies":"2 Louse","floor":5,"turns":1},{"damage":1,"enemies":"Red Slaver","floor":10,"turns":4},{"damage":12,"enemies":"Exordium Thugs","floor":11,"turns":4},{"damage":7,"enemies":"Blue Slaver","floor":12,"turns":2},{"damage":15,"enemies":"Large Slime","floor":13,"turns":5},{"damage":11,"enemies":"Exordium Thugs","floor":14,"turns":4},{"damage":33,"enemies":"Slime Boss","floor":16,"turns":8},{"damage":28,"enemies":"2 Thieves","floor":18,"turns":5},{"damage":28,"enemies":"Spheric Guardian","floor":21,"turns":4},{"damage":31,"enemies":"Shelled Parasite and Fungi","floor":22,"turns":9},{"damage":16,"enemies":"Slavers","floor":25,"turns":4},{"damage":15,"enemies":"Snake Plant","floor":30,"turns":6},{"damage":8,"enemies":"Centurion and Healer","floor":31,"turns":5},{"damage":37,"enemies":"Automaton","floor":33,"turns":9},{"damage":0,"enemies":"3 Shapes","floor":35,"turns":1},{"damage":0,"enemies":"Orb Walker","floor":36,"turns":2},{"damage":0,"enemies":"Spire Growth","floor":39,"turns":1},{"damage":0,"enemies":"3 Darklings","floor":41,"turns":1},{"damage":15,"enemies":"Sphere and 2 Shapes","floor":44,"turns":3},{"damage":1,"enemies":"Transient","floor":45,"turns":5},{"damage":76,"enemies":"2 Orb Walkers","floor":47,"turns":5}],"seed_played":"5107736251555128879","potions_obtained":[{"floor":4,"key":"FearPotion"},{"floor":12,"key":"LiquidBronze"},{"floor":13,"key":"FocusPotion"},{"floor":25,"key":"Regen Potion"},{"floor":30,"key":"SkillPotion"}],"is_trial":false,"path_per_floor":["M","T","$","M","M","R","?","R","T","M","M","M","M","M","R","B",null,"M","$","?","M","M","R","?","E","T","R","?","R","M","M","R","B",null,"M","M","$","?","M","R","M","R","T","M","M","$","?"],"character_chosen":"DEFECT","items_purchased":["Reprogram","Beam Cell","Turbo","Strange Spoon","Streamline","Steam Power"],"campfire_rested":4,"item_purchase_floors":[3,3,19,19,37,37],"current_hp_per_floor":[75,75,75,75,75,75,75,75,75,74,62,55,40,36,58,32,75,54,54,54,33,9,31,31,22,22,44,44,66,65,71,71,60,75,75,75,75,75,75,75,75,75,75,74,75,75,0],"gold":65,"neow_bonus":"THREE_ENEMY_KILL","is_prod":false,"is_daily":false,"chose_seed":false,"campfire_upgraded":5,"win_rate":0.0,"timestamp":1563758128,"path_taken":["M","?","?","M","M","R","?","R","T","M","M","?","M","M","R","BOSS","M","$","?","M","?","R","?","E","T","R","?","R","M","M","R","BOSS","M","M","$","?","M","R","?","R","T","M","M","$","?"],"build_version":"2019-07-17","purchased_purges":1,"victory":false,"max_hp_per_floor":[75,75,75,75,75,75,75,75,75,75,75,75,75,75,75,75,75,75,75,75,75,75,75,75,75,75,75,75,75,75,75,75,75,75,75,75,75,75,75,75,75,75,75,75,75,75,75],"card_choices":[{"not_picked":["Rebound","Reprogram"],"picked":"Coolheaded","floor":1},{"not_picked":["Beam Cell","Stack"],"picked":"Gash","floor":4},{"not_picked":["Cold Snap","Heatsinks"],"picked":"Sweeping Beam","floor":5},{"not_picked":["Redo","Double Energy"],"picked":"Hologram","floor":10},{"not_picked":["Recycle","Sunder","Blizzard"],"picked":"SKIP","floor":11},{"not_picked":["Skim","Coolheaded"],"picked":"Conserve Battery","floor":12},{"not_picked":["Amplify","Compile Driver"],"picked":"Self Repair","floor":13},{"not_picked":["Rip and Tear","Compile Driver"],"picked":"Go for the Eyes","floor":14},{"not_picked":["Ball Lightning+1","Glacier"],"picked":"Go for the Eyes","floor":18},{"not_picked":["Barrage+1","Doom and Gloom"],"picked":"Gash","floor":21},{"not_picked":["Conserve Battery","Go for the Eyes"],"picked":"Steam","floor":22},{"not_picked":["BootSequence","Ball Lightning"],"picked":"Self Repair","floor":25},{"not_picked":["Beam Cell","Coolheaded+1"],"picked":"Hologram+1","floor":27},{"not_picked":["Hologram","Chill"],"picked":"Redo+1","floor":30},{"not_picked":["Beam Cell","Genetic Algorithm"],"picked":"Go for the Eyes","floor":31},{"not_picked":["Hyperbeam","Core Surge"],"picked":"All For One","floor":33},{"not_picked":["Storm+1","Cold Snap","Glacier"],"picked":"SKIP","floor":35},{"not_picked":["Sweeping Beam+1","Barrage","Leap+1"],"picked":"SKIP","floor":36},{"not_picked":["Ball Lightning+1","Rip and Tear+1"],"picked":"Turbo+1","floor":39},{"not_picked":["Barrage+1","Ball Lightning+1"],"picked":"FTL+1","floor":41},{"not_picked":["Rip and Tear","Blizzard"],"picked":"Reprogram","floor":44},{"not_picked":["Cold Snap","Doom and Gloom","Fusion+1"],"picked":"SKIP","floor":45}],"player_experience":89182,"relics_obtained":[{"floor":2,"key":"Gremlin Horn"},{"floor":9,"key":"Unceasing Top"},{"floor":25,"key":"Torii"},{"floor":25,"key":"Anchor"},{"floor":26,"key":"Dream Catcher"},{"floor":43,"key":"Bottled Tornado"}],"event_choices":[{"damage_healed":0,"gold_gain":0,"player_choice":"Gave Potion","damage_taken":0,"relics_obtained":["Cables"],"max_hp_gain":0,"max_hp_loss":0,"event_name":"WeMeetAgain","floor":7,"gold_loss":0},{"damage_healed":0,"gold_gain":0,"player_choice":"Upgraded","damage_taken":0,"max_hp_gain":0,"max_hp_loss":0,"event_name":"Upgrade Shrine","floor":20,"gold_loss":0,"cards_upgraded":["Turbo"]},{"damage_healed":0,"gold_gain":0,"player_choice":"Inject Mutagens","damage_taken":0,"relics_obtained":["MutagenicStrength"],"max_hp_gain":0,"max_hp_loss":0,"event_name":"Drug Dealer","floor":24,"gold_loss":0},{"cards_removed":["Dualcast"],"damage_healed":0,"gold_gain":0,"player_choice":"Gave Gold","damage_taken":0,"max_hp_gain":0,"max_hp_loss":0,"event_name":"Beggar","floor":28,"gold_loss":75},{"damage_healed":0,"gold_gain":0,"player_choice":"Copied","damage_taken":0,"max_hp_gain":0,"max_hp_loss":0,"event_name":"Duplicator","floor":38,"gold_loss":0,"cards_obtained":["Turbo"]},{"damage_healed":0,"gold_gain":0,"player_choice":"Fight","damage_taken":0,"max_hp_gain":0,"max_hp_loss":0,"event_name":"Mysterious Sphere","floor":47,"gold_loss":0}],"is_beta":false,"boss_relics":[{"not_picked":["White Beast Statue","Runic Pyramid"],"picked":"Black Star"},{"not_picked":["Coffee Dripper","Astrolabe"],"picked":"Sozu"}],"items_purged_floors":[37],"is_endless":false,"potions_floor_spawned":[4,12,13,25,30,41,45],"killed_by":"2 Orb Walkers","ascension_level":0}