{"gold_per_floor":[114,129,144,144,159,189,219,219,269,284,299,299,201,216,216,316,316,331,431,431,431,461,461],"floor_reached":23,"playtime":3711,"items_purged":["Strike_G"],"score":223,"play_id":"58a261d7-f2ac-4783-bce3-e778a137034d","local_time":"20190721154607","daily_mods":["Chimera","Uncertain Future","DeadlyEvents"],"is_ascension_mode":false,"campfire_choices":[{"floor":8.0,"key":"REST"},{"data":"Double Energy","floor":12.0,"key":"SMITH"},{"data":"Streamline","floor":15.0,"key":"SMITH"}],"neow_cost":"","seed_source_timestamp":0,"circlet_count":0,"master_deck":["Bash","Survivor","Zap","Strike_R","Strike_B","Defend_G","Defend_B","Cold Snap","Ball Lightning","Beam Cell","Go for the Eyes","Leap","Auto Shields","Streamline+1","Leap","Beam Cell","Double Energy+1","Leap","FTL","Core Surge","Ball Lightning","Rip and Tear+1","Conserve Battery+1"],"special_seed":18098,"relics":["Cracked Core","Dream Catcher","Regal Pillow","PreservedInsect","Eternal Feather","Nunchaku","Toxic Egg 2","Art of War"],"potions_floor_usage":[21,22,23],"damage_taken":[{"damage":0.0,"enemies":"Jaw Worm","floor":1.0,"turns":3.0},{"damage":0.0,"enemies":"Cultist","floor":2.0,"turns":4.0},{"damage":12.0,"enemies":"Small Slimes","floor":3.0,"turns":3.0},{"damage":9.0,"enemies":"2 Fungi Beasts","floor":5.0,"turns":2.0},{"damage":25.0,"enemies":"Gremlin Nob","floor":6.0,"turns":4.0},{"damage":4.0,"enemies":"Lagavulin","floor":7.0,"turns":6.0},{"damage":10.0,"enemies":"Lots of Slimes","floor":10.0,"turns":4.0},{"damage":1.0,"enemies":"Large Slime","floor":11.0,"turns":4.0},{"damage":0.0,"enemies":"3 Louse","floor":14.0,"turns":3.0},{"damage":36.0,"enemies":"The Guardian","floor":16.0,"turns":11.0},{"damage":5,"enemies":"Shell Parasite","floor":18,"turns":6},{"damage":21,"enemies":"Colosseum Slavers","floor":19,"turns":5},{"damage":14,"enemies":"Colosseum Nobs","floor":19,"turns":4},{"damage":0,"enemies":"Chosen","floor":21,"turns":3},{"damage":19,"enemies":"Book of Stabbing","floor":22,"turns":4},{"damage":18,"enemies":"Gremlin Leader","floor":23,"turns":2}],"seed_played":"-4166405544974942499","potions_obtained":[{"floor":2.0,"key":"Regen Potion"},{"floor":7.0,"key":"LiquidBronze"},{"floor":11.0,"key":"Poison Potion"},{"floor":16.0,"key":"LiquidBronze"},{"floor":19,"key":"SkillPotion"},{"floor":20,"key":"Explosive Potion"}],"is_trial":false,"path_per_floor":["?","M","E","?","?","E"],"character_chosen":"DEFECT","items_purchased":["Leap"],"campfire_rested":1,"item_purchase_floors":[13],"current_hp_per_floor":[75,75,63,63,54,29,25,62,62,52,63,63,63,63,63,27,75,70,35,35,35,16,0],"gold":461,"neow_bonus":"","is_prod":false,"is_daily":true,"chose_seed":false,"campfire_upgraded":2,"win_rate":0.0,"timestamp":1563738367,"path_taken":["M","M","M","?","?","E","?","R","T","M","M","R","$","M","R","BOSS","M","?","?","M","?","E"],"build_version":"2019-01-23","purchased_purges":1,"victory":false,"max_hp_per_floor":[75,75,75,75,75,75,75,75,75,75,75,75,75,75,75,75,75,75,75,75,75,75,75],"card_choices":[{"not_picked":["Rebound","Barrage"],"picked":"Cold Snap","floor":1.0},{"not_picked":["Rebound","Leap"],"picked":"Ball Lightning","floor":2.0},{"not_picked":["Barrage","Coolheaded"],"picked":"Beam Cell","floor":3.0},{"not_picked":["Sweeping Beam","Gash"],"picked":"Leap","floor":5.0},{"not_picked":["Rainbow","Storm"],"picked":"Auto Shields","floor":6.0},{"not_picked":["Stack","Turbo"],"picked":"Streamline","floor":7.0},{"not_picked":["Reinforced Body","Undo"],"picked":"Leap","floor":8.0},{"not_picked":["Compile Driver","Gash"],"picked":"Beam Cell","floor":10.0},{"not_picked":["Go for the Eyes","Loop"],"picked":"Double Energy","floor":11.0},{"not_picked":["Beam Cell","Heatsinks"],"picked":"FTL","floor":14.0},{"not_picked":["Amplify","Seek"],"picked":"Core Surge","floor":16.0},{"not_picked":["Leap","Coolheaded"],"picked":"Ball Lightning","floor":18},{"not_picked":["Barrage","Cold Snap"],"picked":"Rip and Tear+1","floor":19},{"not_picked":["Coolheaded+1","Ball Lightning","Undo+1"],"picked":"SKIP","floor":21},{"not_picked":["Redo+1","Genetic Algorithm+1"],"picked":"Conserve Battery+1","floor":22}],"player_experience":48284,"relics_obtained":[{"floor":6.0,"key":"Dream Catcher"},{"floor":7.0,"key":"Regal Pillow"},{"floor":9.0,"key":"PreservedInsect"},{"floor":19,"key":"Nunchaku"},{"floor":19,"key":"Toxic Egg 2"},{"floor":22,"key":"Art of War"}],"event_choices":[{"damage_healed":0.0,"max_hp_gain":0.0,"max_hp_loss":0.0,"gold_gain":0.0,"cards_transformed":["Defend_R"],"event_name":"Transmorgrifier","player_choice":"Transformed","floor":4.0,"gold_loss":0.0,"damage_taken":0.0,"cards_obtained":["Go for the Eyes"]},{"damage_healed":0,"gold_gain":0,"player_choice":"Fight","damage_taken":0,"max_hp_gain":0,"max_hp_loss":0,"event_name":"Colosseum","floor":19,"gold_loss":0},{"damage_healed":0,"gold_gain":0,"player_choice":"Fought Nobs","damage_taken":0,"max_hp_gain":0,"max_hp_loss":0,"event_name":"Colosseum","floor":19,"gold_loss":0},{"damage_healed":0,"gold_gain":0,"player_choice":"Got Potions","damage_taken":0,"max_hp_gain":0,"max_hp_loss":0,"event_name":"Lab","floor":20,"gold_loss":0}],"is_beta":false,"boss_relics":[{"not_picked":["Calling Bell","Velvet Choker"],"picked":"Eternal Feather"}],"items_purged_floors":[13],"is_endless":false,"potions_floor_spawned":[2,7,11,16,19,19],"killed_by":"Gremlin Leader","ascension_level":0}