{"gold_per_floor":[109,409,56,68,15,48,68,88,157,157,186,25,25,37,37,132,132,149,34,52,67,83,83,98,98,98,98,115,147,147,147,147,250,250,261,361,361,118,132,132,165,165,165,184,184,198,73,103,103,103],"floor_reached":51,"playtime":4348,"items_purged":["Strike_R","Strike_R","Strike_R"],"score":735,"play_id":"798f555a-1d06-4f2c-a656-712ae7f40aa3","local_time":"20190709183813","is_ascension_mode":false,"campfire_choices":[{"data":"Armaments","floor":10,"key":"SMITH"},{"data":"Body Slam","floor":13,"key":"SMITH"},{"data":"Flame Barrier","floor":15,"key":"SMITH"},{"data":"Body Slam","floor":23,"key":"SMITH"},{"floor":25,"key":"REST"},{"floor":27,"key":"REST"},{"data":"Whirlwind","floor":32,"key":"SMITH"},{"data":"Shrug It Off","floor":40,"key":"SMITH"},{"data":"Flash of Steel","floor":42,"key":"SMITH"},{"data":"Impervious","floor":45,"key":"SMITH"},{"data":"Trip","floor":49,"key":"SMITH"}],"neow_cost":"NONE","seed_source_timestamp":777751136649,"circlet_count":0,"master_deck":["Strike_R","Strike_R","Defend_R","Defend_R","Defend_R","Defend_R","Bash","Body Slam+1","Armaments+1","Pommel Strike","Shrug It Off+1","Inflame+1","Flame Barrier+1","Trip+1","Juggernaut+1","Demon Form+1","Body Slam+1","Flash of Steel+1","Iron Wave+1","Shrug It Off+1","Whirlwind+1","Impervious+1","Evolve+1","Body Slam+1","Parasite"],"relics":["Burning Blood","NeowsBlessing","Old Coin","Frozen Egg 2","Anchor","Question Card","Happy Flower","White Beast Statue","Torii","Bottled Tornado","Eternal Feather","FossilizedHelix","Incense Burner","Orichalcum","Shuriken","Ornamental Fan","Darkstone Periapt"],"potions_floor_usage":[11,16,16,22,24,24,29,33,33,35,39,41,44,46,46,48,50,50],"damage_taken":[{"damage":0,"enemies":"Small Slimes","floor":1,"turns":1},{"damage":0,"enemies":"Cultist","floor":4,"turns":1},{"damage":0,"enemies":"3 Sentries","floor":6,"turns":2},{"damage":0,"enemies":"Jaw Worm","floor":7,"turns":2},{"damage":4,"enemies":"2 Fungi Beasts","floor":8,"turns":4},{"damage":40,"enemies":"Gremlin Nob","floor":11,"turns":5},{"damage":4,"enemies":"Blue Slaver","floor":14,"turns":3},{"damage":30,"enemies":"Slime Boss","floor":16,"turns":6},{"damage":37,"enemies":"Spheric Guardian","floor":18,"turns":6},{"damage":17,"enemies":"2 Thieves","floor":20,"turns":4},{"damage":29,"enemies":"Chosen and Byrds","floor":21,"turns":7},{"damage":7,"enemies":"Snake Plant","floor":22,"turns":4},{"damage":6,"enemies":"Snecko","floor":24,"turns":4},{"damage":13,"enemies":"Centurion and Healer","floor":28,"turns":5},{"damage":20,"enemies":"Book of Stabbing","floor":29,"turns":5},{"damage":50,"enemies":"Champ","floor":33,"turns":10},{"damage":29,"enemies":"3 Darklings","floor":35,"turns":5},{"damage":16,"enemies":"Mind Bloom Boss Battle","floor":36,"turns":7},{"damage":0,"enemies":"Orb Walker","floor":39,"turns":4},{"damage":20,"enemies":"Giant Head","floor":41,"turns":8},{"damage":0,"enemies":"Writhing Mass","floor":44,"turns":5},{"damage":0,"enemies":"Transient","floor":46,"turns":5},{"damage":13,"enemies":"Reptomancer","floor":48,"turns":6},{"damage":37,"enemies":"Donu and Deca","floor":50,"turns":9}],"seed_played":"7221137663193733253","potions_obtained":[{"floor":4,"key":"Regen Potion"},{"floor":6,"key":"Regen Potion"},{"floor":14,"key":"Fire Potion"},{"floor":18,"key":"Strength Potion"},{"floor":20,"key":"EssenceOfSteel"},{"floor":21,"key":"PowerPotion"},{"floor":22,"key":"FearPotion"},{"floor":24,"key":"GamblersBrew"},{"floor":28,"key":"Regen Potion"},{"floor":29,"key":"SneckoOil"},{"floor":33,"key":"LiquidBronze"},{"floor":35,"key":"SteroidPotion"},{"floor":36,"key":"EssenceOfSteel"},{"floor":39,"key":"FearPotion"},{"floor":41,"key":"LiquidBronze"},{"floor":44,"key":"SpeedPotion"},{"floor":46,"key":"SteroidPotion"},{"floor":48,"key":"Swift Potion"}],"is_trial":false,"path_per_floor":["M","?","$","M","$","E","M","M","T","R","E","$","R","M","R","B",null,"M","$","M","M","M","R","M","R","T","R","M","E","?","?","R","B",null,"M","?","T","$","M","R","E","R","T","M","R","M","$","E","R","B",null],"character_chosen":"IRONCLAD","items_purchased":["Body Slam","Armaments","Frozen Egg 2","Shrug It Off","Trip","Body Slam","Flash of Steel","Orichalcum"],"campfire_rested":2,"item_purchase_floors":[3,3,3,5,12,19,19,38],"current_hp_per_floor":[80,80,80,80,80,80,80,80,80,80,51,51,51,53,53,41,80,49,49,38,15,14,14,14,38,38,62,55,55,80,65,65,21,85,62,52,52,52,58,70,56,71,71,77,85,85,85,78,85,54],"gold":103,"neow_bonus":"THREE_ENEMY_KILL","is_prod":false,"is_daily":false,"chose_seed":false,"campfire_upgraded":9,"win_rate":0.0,"timestamp":1562715493,"path_taken":["M","?","?","M","$","E","M","M","T","R","E","$","R","M","R","BOSS","M","$","M","M","M","R","M","R","T","R","M","E","?","?","R","BOSS","M","?","?","$","M","R","E","R","T","?","R","?","?","E","R","BOSS"],"build_version":"2019-07-05","purchased_purges":3,"victory":true,"max_hp_per_floor":[80,80,80,80,80,80,80,80,80,80,80,80,80,80,80,80,80,80,80,80,80,80,80,80,80,80,80,80,80,80,85,85,85,85,85,85,85,85,85,85,85,85,85,85,85,85,85,85,85,85],"card_choices":[{"not_picked":["Headbutt","Clash"],"picked":"True Grit","floor":1},{"not_picked":["Anger","Thunderclap"],"picked":"Pommel Strike","floor":4},{"not_picked":["Fiend Fire","Anger","Headbutt"],"picked":"SKIP","floor":6},{"not_picked":["Infernal Blade","Wild Strike"],"picked":"Inflame+1","floor":7},{"not_picked":["Intimidate","Cleave","Heavy Blade"],"picked":"SKIP","floor":8},{"not_picked":["Thunderclap","Uppercut","Pommel Strike"],"picked":"Flame Barrier","floor":11},{"not_picked":["Cleave","Carnage","Infernal Blade"],"picked":"Juggernaut+1","floor":14},{"not_picked":["Reaper","Brutality+1","Berserk+1"],"picked":"Demon Form+1","floor":16},{"not_picked":["Sword Boomerang","Dropkick","Armaments+1","Anger+1"],"picked":"SKIP","floor":18},{"not_picked":["Rampage","Perfected Strike","Searing Blow"],"picked":"Iron Wave+1","floor":20},{"not_picked":["Anger","Havoc","Dropkick","Clash"],"picked":"SKIP","floor":21},{"not_picked":["Clothesline+1","Combust+1","Flame Barrier","Clash"],"picked":"SKIP","floor":22},{"not_picked":["Sever Soul+1","Anger","Headbutt+1"],"picked":"Shrug It Off+1","floor":24},{"not_picked":["Bloodletting","Armaments+1","Sever Soul","Thunderclap+1"],"picked":"SKIP","floor":28},{"not_picked":["Uppercut","Perfected Strike","Metallicize+1"],"picked":"Whirlwind","floor":29},{"not_picked":["Fiend Fire","Limit Break","Juggernaut+1"],"picked":"Impervious","floor":33},{"not_picked":["Reckless Charge+1","Dual Wield","Perfected Strike","Anger+1"],"picked":"SKIP","floor":35},{"not_picked":["Warcry+1","Disarm","True Grit+1"],"picked":"Evolve+1","floor":36},{"not_picked":["Seeing Red","Pommel Strike+1","Second Wind","Warcry"],"picked":"SKIP","floor":39},{"not_picked":["Clothesline+1","Rampage+1","Offering"],"picked":"Body Slam+1","floor":41},{"not_picked":["Anger","Rupture+1","Wild Strike","Blood for Blood"],"picked":"SKIP","floor":44},{"not_picked":["Perfected Strike","Wild Strike","Clash+1","Anger+1"],"picked":"SKIP","floor":46},{"not_picked":["Thunderclap","Dual Wield+1","Whirlwind","Anger+1"],"picked":"SKIP","floor":48}],"player_experience":51543,"relics_obtained":[{"floor":6,"key":"Anchor"},{"floor":9,"key":"Question Card"},{"floor":11,"key":"Happy Flower"},{"floor":26,"key":"Torii"},{"floor":29,"key":"Bottled Tornado"},{"floor":36,"key":"FossilizedHelix"},{"floor":37,"key":"Incense Burner"},{"floor":41,"key":"Shuriken"},{"floor":43,"key":"Ornamental Fan"},{"floor":48,"key":"Darkstone Periapt"}],"event_choices":[{"cards_removed":["True Grit"],"damage_healed":0,"gold_gain":0,"player_choice":"Gave Card","damage_taken":0,"relics_obtained":["Old Coin"],"max_hp_gain":0,"max_hp_loss":0,"event_name":"WeMeetAgain","floor":2,"gold_loss":0},{"damage_healed":26,"gold_gain":0,"player_choice":"Heal","damage_taken":0,"max_hp_gain":0,"max_hp_loss":0,"event_name":"The Library","floor":30,"gold_loss":0},{"damage_healed":0,"gold_gain":0,"player_choice":"Shed Blood","damage_taken":20,"max_hp_gain":5,"max_hp_loss":0,"event_name":"Forgotten Altar","floor":31,"gold_loss":0},{"damage_healed":0,"gold_gain":0,"player_choice":"Fight","damage_taken":0,"max_hp_gain":0,"max_hp_loss":0,"event_name":"MindBloom","floor":36,"gold_loss":0}],"is_beta":false,"boss_relics":[{"not_picked":["Fusion Hammer","Ectoplasm"],"picked":"White Beast Statue"},{"not_picked":["Lizard Tail","Orrery"],"picked":"Eternal Feather"}],"items_purged_floors":[12,38,47],"is_endless":false,"potions_floor_spawned":[4,6,14,18,20,21,22,24,28,29,33,35,36,39,41,44,46,48],"ascension_level":0}