{"gold_per_floor":[112,112,112,124,25,25,39,39,112,130,144,176,199,41,41,139,139,153,172,185,4,14,32,32],"floor_reached":24,"playtime":1380,"items_purged":["Strike_R","Strike_R+1"],"score":225,"play_id":"6ec41570-3844-41b2-a252-461332060516","local_time":"20190717210348","is_ascension_mode":false,"campfire_choices":[{"data":"Pommel Strike","floor":6,"key":"SMITH"},{"data":"Brutality","floor":15,"key":"SMITH"}],"neow_cost":"NONE","seed_source_timestamp":246903949842105,"circlet_count":0,"master_deck":["Defend_R","Defend_R","Defend_R","Defend_R+1","Anger","Combust","Pommel Strike+1","Anger","Dual Wield","Pommel Strike","Burning Pact","Brutality+1","Double Tap","Flame Barrier+1","Armaments+1","Fire Breathing+1","Anger+1","Battle Trance","Anger","Fire Breathing"],"relics":["Burning Blood","NeowsBlessing","PreservedInsect","Pantograph","Bag of Marbles","Odd Mushroom","Astrolabe"],"potions_floor_usage":[11,16,16,16,20,20,23],"damage_taken":[{"damage":0,"enemies":"Jaw Worm","floor":1,"turns":1},{"damage":0,"enemies":"Small Slimes","floor":4,"turns":1},{"damage":0,"enemies":"Cultist","floor":7,"turns":1},{"damage":9,"enemies":"3 Louse","floor":10,"turns":4},{"damage":7,"enemies":"Large Slime","floor":11,"turns":2},{"damage":8,"enemies":"Gremlin Nob","floor":12,"turns":3},{"damage":10,"enemies":"The Mushroom Lair","floor":13,"turns":3},{"damage":60,"enemies":"Hexaghost","floor":16,"turns":7},{"damage":7,"enemies":"3 Byrds","floor":18,"turns":2},{"damage":20,"enemies":"Spheric Guardian","floor":19,"turns":4},{"damage":13,"enemies":"Cultist and Chosen","floor":20,"turns":4},{"damage":32,"enemies":"Snecko","floor":22,"turns":5},{"damage":31,"enemies":"Centurion and Healer","floor":23,"turns":5},{"damage":11,"enemies":"Gremlin Leader","floor":24,"turns":2}],"seed_played":"-8594525556905026869","potions_obtained":[{"floor":4,"key":"Fire Potion"},{"floor":7,"key":"LiquidBronze"},{"floor":10,"key":"Explosive Potion"},{"floor":13,"key":"Regen Potion"},{"floor":18,"key":"GamblersBrew"},{"floor":19,"key":"Ancient Potion"},{"floor":22,"key":"SpeedPotion"}],"is_trial":false,"path_per_floor":["M","?","?","M","$","R","M","?","T","M","M","E","?","$","R","B",null,"M","M","M","$","M","M","E"],"character_chosen":"IRONCLAD","items_purchased":["Pommel Strike","Brutality","Fire Breathing"],"campfire_rested":0,"item_purchase_floors":[5,14,21],"current_hp_per_floor":[80,77,77,80,80,80,80,64,64,61,60,58,54,54,54,39,80,79,65,58,58,32,7,0],"gold":32,"neow_bonus":"THREE_ENEMY_KILL","is_prod":false,"is_daily":false,"chose_seed":false,"campfire_upgraded":2,"win_rate":0,"timestamp":1563411828,"path_taken":["M","?","?","?","$","R","M","?","T","M","M","E","?","?","R","BOSS","M","M","M","$","?","M","E"],"build_version":"2019-07-05","purchased_purges":2,"victory":false,"max_hp_per_floor":[80,80,80,80,80,80,80,80,80,80,80,80,80,80,80,80,80,80,80,80,80,80,80,80],"card_choices":[{"not_picked":["Heavy Blade","Flame Barrier"],"picked":"Anger","floor":1},{"not_picked":["Headbutt","Wild Strike"],"picked":"Combust","floor":4},{"not_picked":["Rage","Metallicize"],"picked":"Anger","floor":7},{"not_picked":["Wild Strike","Perfected Strike","Blood for Blood"],"picked":"SKIP","floor":10},{"not_picked":["Iron Wave","Corruption"],"picked":"Dual Wield","floor":11},{"not_picked":["Searing Blow","Rupture"],"picked":"Pommel Strike","floor":12},{"not_picked":["Power Through","Inflame"],"picked":"Burning Pact","floor":13},{"not_picked":["Immolate","Juggernaut"],"picked":"Double Tap","floor":16},{"not_picked":["Heavy Blade","Body Slam"],"picked":"Anger+1","floor":18},{"not_picked":["Sword Boomerang","Ghostly Armor"],"picked":"Battle Trance","floor":19},{"not_picked":["Flex+1","Sword Boomerang+1"],"picked":"Anger","floor":20},{"not_picked":["Reckless Charge","Dark Embrace","Clothesline"],"picked":"SKIP","floor":22},{"not_picked":["Inflame","Armaments+1","Disarm"],"picked":"SKIP","floor":23}],"player_experience":13826,"relics_obtained":[{"floor":9,"key":"Pantograph"},{"floor":12,"key":"Bag of Marbles"},{"floor":13,"key":"Odd Mushroom"}],"event_choices":[{"damage_healed":0,"gold_gain":0,"player_choice":"Success","damage_taken":3,"relics_obtained":["PreservedInsect"],"max_hp_gain":0,"max_hp_loss":0,"event_name":"Scrap Ooze","floor":2,"gold_loss":0},{"cards_removed":["Bash"],"damage_healed":0,"gold_gain":0,"player_choice":"Purged","damage_taken":0,"max_hp_gain":0,"max_hp_loss":0,"event_name":"Purifier","floor":3,"gold_loss":0},{"damage_healed":0,"gold_gain":0,"player_choice":"Entered Light","damage_taken":16,"max_hp_gain":0,"max_hp_loss":0,"event_name":"Shining Light","floor":8,"gold_loss":0,"cards_upgraded":["Strike_R","Defend_R"]},{"damage_healed":0,"gold_gain":0,"player_choice":"Fought Mushrooms","damage_taken":0,"max_hp_gain":0,"max_hp_loss":0,"event_name":"Mushrooms","floor":13,"gold_loss":0}],"is_beta":false,"boss_relics":[{"not_picked":["White Beast Statue","Velvet Choker"],"picked":"Astrolabe"}],"items_purged_floors":[5,21],"is_endless":false,"potions_floor_spawned":[4,7,10,13,18,19,22],"killed_by":"Gremlin Leader","ascension_level":0}