{"gold_per_floor":[110,110,135,210,228,269,269,307,334,334,358,378,412,425,425,425],"floor_reached":16,"playtime":971,"items_purged":[],"score":183,"play_id":"7ff4c151-871b-4164-8212-32f538b2f307","local_time":"20190704075942","is_ascension_mode":true,"campfire_choices":[{"floor":7,"key":"REST"},{"floor":10,"key":"REST"},{"floor":15,"key":"REST"}],"neow_cost":"NONE","seed_source_timestamp":62036940212800,"circlet_count":0,"master_deck":["AscendersBane","Strike_R","Strike_R","Strike_R","Strike_R","Strike_R","Defend_R","Defend_R","Defend_R","Defend_R","Bash","Ghostly Armor","Shrug It Off","Rampage","Iron Wave","Inflame","Ghostly Armor","Thunderclap","Ghostly Armor","Intimidate"],"relics":["Burning Blood","NeowsBlessing","Golden Idol","Red Skull","Lantern","Ancient Tea Set","Juzu Bracelet"],"potions_floor_usage":[8,13,16,16,16],"damage_taken":[{"damage":0,"enemies":"Small Slimes","floor":1,"turns":1},{"damage":0,"enemies":"Jaw Worm","floor":3,"turns":1},{"damage":0,"enemies":"Cultist","floor":5,"turns":1},{"damage":34,"enemies":"Gremlin Nob","floor":6,"turns":5},{"damage":46,"enemies":"Lagavulin","floor":8,"turns":9},{"damage":2,"enemies":"Looter","floor":11,"turns":3},{"damage":17,"enemies":"Exordium Wildlife","floor":12,"turns":4},{"damage":17,"enemies":"3 Sentries","floor":13,"turns":9},{"damage":0,"enemies":"3 Louse","floor":14,"turns":2},{"damage":64,"enemies":"Hexaghost","floor":16,"turns":14}],"seed_played":"6391738437369289099","potions_obtained":[{"floor":6,"key":"SkillPotion"},{"floor":8,"key":"Weak Potion"},{"floor":11,"key":"SkillPotion"},{"floor":12,"key":"Explosive Potion"},{"floor":13,"key":"Swift Potion"}],"is_trial":false,"path_per_floor":["M","?","M","?","M","E","R","E","T","R","M","M","E","M","R","B"],"character_chosen":"IRONCLAD","items_purchased":[],"campfire_rested":3,"item_purchase_floors":[],"current_hp_per_floor":[78,74,74,63,69,41,63,23,23,45,49,38,27,33,55,0],"gold":425,"neow_bonus":"THREE_ENEMY_KILL","is_prod":false,"is_daily":false,"chose_seed":false,"campfire_upgraded":0,"win_rate":0,"timestamp":1562223582,"path_taken":["M","?","M","?","M","E","R","E","T","R","M","M","E","M","R","BOSS"],"build_version":"2019-07-01","purchased_purges":0,"victory":false,"max_hp_per_floor":[80,74,74,74,74,74,74,74,74,74,74,74,74,74,74,74],"card_choices":[{"not_picked":["Wild Strike","Sword Boomerang"],"picked":"Ghostly Armor","floor":1},{"not_picked":["Twin Strike","Iron Wave"],"picked":"Shrug It Off","floor":3},{"not_picked":["Rupture","Dual Wield"],"picked":"Rampage","floor":5},{"not_picked":["Carnage","Clash"],"picked":"Iron Wave","floor":6},{"not_picked":["Anger","True Grit"],"picked":"Inflame","floor":8},{"not_picked":["Iron Wave","Shrug It Off"],"picked":"Ghostly Armor","floor":11},{"not_picked":["Perfected Strike","Heavy Blade"],"picked":"Thunderclap","floor":12},{"not_picked":["Evolve","Wild Strike"],"picked":"Ghostly Armor","floor":13},{"not_picked":["Perfected Strike","Headbutt"],"picked":"Intimidate","floor":14}],"player_experience":949083,"relics_obtained":[{"floor":6,"key":"Red Skull"},{"floor":8,"key":"Lantern"},{"floor":9,"key":"Ancient Tea Set"},{"floor":13,"key":"Juzu Bracelet"}],"event_choices":[{"damage_healed":0,"gold_gain":0,"player_choice":"Lose Max HP","damage_taken":0,"relics_obtained":["Golden Idol"],"max_hp_gain":0,"max_hp_loss":6,"event_name":"Golden Idol","floor":2,"gold_loss":0},{"damage_healed":0,"gold_gain":75,"player_choice":"Gather Gold","damage_taken":11,"max_hp_gain":0,"max_hp_loss":0,"event_name":"World of Goop","floor":4,"gold_loss":0}],"is_beta":false,"boss_relics":[],"items_purged_floors":[],"is_endless":false,"potions_floor_spawned":[6,8,11,12,13],"killed_by":"Hexaghost","ascension_level":10}