{"gold_per_floor":[113,125,138,138,14,14,28,28,75,75,51,76,92,59,59,59],"floor_reached":16,"playtime":2263,"items_purged":["Strike_B"],"score":102,"play_id":"ae5091d4-27f5-4450-963b-2ed33aab4708","local_time":"20190720054842","is_ascension_mode":false,"campfire_choices":[{"data":"Hologram","floor":6,"key":"SMITH"},{"data":"Aggregate","floor":8,"key":"SMITH"},{"floor":15,"key":"REST"}],"neow_cost":"NONE","seed_source_timestamp":388781192771000,"circlet_count":0,"master_deck":["Strike_B","Strike_B","Strike_B","Defend_B+1","Defend_B","Defend_B","Defend_B","Zap","Dualcast+1","Redo+1","Leap","White Noise","Hologram+1","Aggregate+1","Redo","Static Discharge","Coolheaded","Conserve Battery"],"relics":["Cracked Core","War Paint","Blood Vial","Boot"],"potions_floor_usage":[],"damage_taken":[{"damage":0,"enemies":"Cultist","floor":1,"turns":3},{"damage":12,"enemies":"2 Louse","floor":2,"turns":3},{"damage":0,"enemies":"Jaw Worm","floor":3,"turns":3},{"damage":2,"enemies":"Blue Slaver","floor":7,"turns":3},{"damage":19,"enemies":"3 Sentries","floor":12,"turns":7},{"damage":20,"enemies":"Exordium Wildlife","floor":13,"turns":6},{"damage":4,"enemies":"Exordium Thugs","floor":14,"turns":5},{"damage":58,"enemies":"Slime Boss","floor":16,"turns":14}],"seed_played":"-1189239958776998252","potions_obtained":[{"floor":1,"key":"SkillPotion"},{"floor":7,"key":"Strength Potion"},{"floor":14,"key":"AttackPotion"}],"is_trial":false,"path_per_floor":["M","?","$","T","$"],"character_chosen":"DEFECT","items_purchased":["Hologram","Redo"],"campfire_rested":1,"item_purchase_floors":[5,11],"current_hp_per_floor":[82,70,70,70,70,70,68,68,68,68,68,51,33,31,55,0],"gold":59,"neow_bonus":"TEN_PERCENT_HP_BONUS","is_prod":false,"is_daily":false,"chose_seed":false,"campfire_upgraded":2,"win_rate":0.0,"timestamp":1563616122,"path_taken":["M","M","?","?","?","R","M","R","T","?","?","E","M","M","R","BOSS"],"build_version":"2019-01-23","purchased_purges":1,"victory":false,"max_hp_per_floor":[82,82,82,82,82,82,82,82,82,82,82,82,82,82,82,82],"card_choices":[{"not_picked":["Static Discharge","Sweeping Beam"],"picked":"Redo","floor":1},{"not_picked":["Redo","Blizzard"],"picked":"Leap","floor":2},{"not_picked":["Buffer","Double Energy"],"picked":"White Noise","floor":3},{"not_picked":["Compile Driver","Hello World"],"picked":"Aggregate","floor":7},{"not_picked":["Beam Cell","Force Field"],"picked":"Static Discharge","floor":12},{"not_picked":["Rip and Tear","Streamline"],"picked":"Coolheaded","floor":13},{"not_picked":["Reprogram","Self Repair"],"picked":"Conserve Battery","floor":14}],"player_experience":10892,"relics_obtained":[{"floor":9,"key":"War Paint"},{"floor":10,"key":"Blood Vial"},{"floor":12,"key":"Boot"}],"event_choices":[{"damage_healed":0,"gold_gain":0,"player_choice":"Forge","damage_taken":0,"max_hp_gain":0,"max_hp_loss":0,"event_name":"Accursed Blacksmith","floor":4,"gold_loss":0,"cards_upgraded":["Redo"]}],"is_beta":false,"boss_relics":[],"items_purged_floors":[5],"is_endless":false,"potions_floor_spawned":[1,7,14],"killed_by":"Slime Boss","ascension_level":0}