{"gold_per_floor":[115,15,15,28,48,79,79,96,96,96,16,16,31,44,44,148,148,162,175,191,201,20,20,38,52,52,52,52,81,81,93,93,198,198,212,212,228,239,239,264,264,68,68,78,90,42,55,70,70,70,70,70,21,52,52],"floor_reached":55,"playtime":5111,"items_purged":["Strike_G","Strike_G","Strike_G"],"score":775,"play_id":"06c84135-0d55-469e-ab81-ee485985d6a0","local_time":"20190114215740","is_ascension_mode":false,"campfire_choices":[{"floor":7,"key":"REST"},{"data":"Neutralize","floor":10,"key":"SMITH"},{"floor":15,"key":"REST"},{"data":"Accuracy","floor":23,"key":"SMITH"},{"data":"Infinite Blades","floor":30,"key":"SMITH"},{"floor":32,"key":"REST"},{"floor":41,"key":"REST"},{"floor":49,"key":"RECALL"},{"data":"Cloak And Dagger","floor":52,"key":"SMITH"}],"neow_cost":"NONE","seed_source_timestamp":433408984594924,"circlet_count":0,"master_deck":["Defend_G","Defend_G","Defend_G","Defend_G","Strike_G","Strike_G","Survivor","Neutralize+1","Blade Dance+1","Accuracy+1","Cloak And Dagger+1","Choke","Burst","Dash+1","Prepared+1","Infinite Blades+1","Cloak And Dagger+1","Terror","J.A.X.","Adrenaline","Tools of the Trade","Blade Dance","Cloak And Dagger+1","Madness","Madness","Cloak And Dagger+1","Accuracy+1","Infinite Blades","Accuracy+1","Expertise+1"],"relics":["Ring of the Snake","FossilizedHelix","Incense Burner","WristBlade","Thread and Needle","Bird Faced Urn","Orrery","Gremlin Horn","Lantern"],"potions_floor_usage":[6,16,20,20,29,31,31,37,40,50,55,55,55],"damage_taken":[{"damage":0,"enemies":"2 Louse","floor":1,"turns":3},{"damage":0,"enemies":"Cultist","floor":4,"turns":3},{"damage":0,"enemies":"Jaw Worm","floor":5,"turns":3},{"damage":59,"enemies":"Lagavulin","floor":6,"turns":10},{"damage":0,"enemies":"Looter","floor":8,"turns":4},{"damage":1,"enemies":"Large Slime","floor":13,"turns":7},{"damage":2,"enemies":"Exordium Thugs","floor":14,"turns":6},{"damage":46,"enemies":"The Guardian","floor":16,"turns":14},{"damage":13,"enemies":"3 Byrds","floor":18,"turns":4},{"damage":0,"enemies":"Chosen","floor":19,"turns":5},{"damage":19,"enemies":"Snake Plant","floor":20,"turns":6},{"damage":6,"enemies":"Sentry and Sphere","floor":21,"turns":7},{"damage":0,"enemies":"Snecko","floor":24,"turns":5},{"damage":15,"enemies":"Cultist and Chosen","floor":25,"turns":6},{"damage":0,"enemies":"Gremlin Leader","floor":29,"turns":6},{"damage":2,"enemies":"Shelled Parasite and Fungi","floor":31,"turns":3},{"damage":4,"enemies":"Champ","floor":33,"turns":6},{"damage":6,"enemies":"3 Shapes","floor":35,"turns":3},{"damage":18,"enemies":"3 Darklings","floor":37,"turns":4},{"damage":0,"enemies":"Spire Growth","floor":38,"turns":4},{"damage":27,"enemies":"Reptomancer","floor":40,"turns":6},{"damage":0,"enemies":"Maw","floor":44,"turns":6},{"damage":0,"enemies":"Sphere and 2 Shapes","floor":45,"turns":3},{"damage":0,"enemies":"4 Shapes","floor":47,"turns":2},{"damage":0,"enemies":"3 Darklings","floor":48,"turns":3},{"damage":32,"enemies":"Donu and Deca","floor":50,"turns":6},{"damage":27,"enemies":"Shield and Spear","floor":54,"turns":5},{"damage":66,"enemies":"The Heart","floor":55,"turns":8}],"seed_played":"-6060936657251813996","potions_obtained":[{"floor":5,"key":"FearPotion"},{"floor":6,"key":"SpeedPotion"},{"floor":13,"key":"SkillPotion"},{"floor":16,"key":"Weak Potion"},{"floor":18,"key":"Regen Potion"},{"floor":19,"key":"Dexterity Potion"},{"floor":24,"key":"FearPotion"},{"floor":28,"key":"GhostInAJar"},{"floor":28,"key":"PowerPotion"},{"floor":33,"key":"Ancient Potion"},{"floor":35,"key":"FearPotion"},{"floor":37,"key":"GamblersBrew"},{"floor":45,"key":"AttackPotion"}],"is_trial":false,"path_per_floor":["M","$","?","M","M","E","R","M","T","R","$","?","M","M","R","B",null,"M","M","M","M","$","R","M","M","T","?","?","E","R","M","R","B",null,"M","?","M","M","?","E","R","$","T","M","M","$","M","M","R","B",null,"R","$","E","B"],"character_chosen":"THE_SILENT","items_purchased":["Blade Dance","Accuracy","Infinite Blades","Infinite Blades","SpeedPotion","Block Potion"],"campfire_rested":4,"item_purchase_floors":[2,11,22,42,46,53],"current_hp_per_floor":[77,77,77,77,77,18,41,41,41,41,41,41,40,38,61,15,77,64,64,60,54,54,54,54,39,39,39,39,39,39,43,66,68,77,73,63,51,57,57,32,55,55,55,65,75,75,77,77,77,45,77,77,77,56,0],"gold":52,"neow_bonus":"TEN_PERCENT_HP_BONUS","is_prod":false,"is_daily":false,"chose_seed":false,"campfire_upgraded":4,"win_rate":0,"timestamp":1547499460,"path_taken":["M","$","?","M","M","E","R","?","T","R","$","?","M","M","R","BOSS","M","M","M","M","$","R","M","M","T","?","?","E","R","?","R","BOSS","M","?","M","M","?","E","R","$","T","M","M","$","M","M","R","BOSS","R","$","E","BOSS"],"build_version":"2019-01-10","purchased_purges":3,"victory":false,"max_hp_per_floor":[77,77,77,77,77,77,77,77,77,77,77,77,77,77,77,77,77,77,77,77,77,77,77,77,77,77,77,77,77,77,77,77,77,77,77,77,77,77,77,77,77,77,77,77,77,77,77,77,77,77,77,77,77,77,77],"card_choices":[{"not_picked":["Prepared","Acrobatics","Slice"],"picked":"SKIP","floor":1},{"not_picked":["Deadly Poison","Outmaneuver","Dodge and Roll"],"picked":"SKIP","floor":4},{"not_picked":["Dagger Throw","Dodge and Roll"],"picked":"Well Laid Plans","floor":5},{"not_picked":["Sucker Punch","Backstab","Glass Knife"],"picked":"SKIP","floor":6},{"not_picked":["Flying Knee","Slice","Dagger Spray"],"picked":"SKIP","floor":8},{"not_picked":["Choke","Well Laid Plans"],"picked":"Cloak And Dagger","floor":13},{"not_picked":["Underhanded Strike","Dagger Spray"],"picked":"Choke","floor":14},{"not_picked":["Night Terror","Unload"],"picked":"Burst","floor":16},{"not_picked":["Flying Knee+1","Slice","PiercingWail+1"],"picked":"SKIP","floor":18},{"not_picked":["Expertise","Dagger Spray","Bane+1"],"picked":"SKIP","floor":19},{"not_picked":["Flying Knee+1","Backflip"],"picked":"Dash+1","floor":20},{"not_picked":["Die Die Die","Flying Knee"],"picked":"Prepared+1","floor":21},{"not_picked":["Acrobatics+1","Underhanded Strike+1"],"picked":"Cloak And Dagger+1","floor":24},{"not_picked":["Expertise","PiercingWail"],"picked":"Terror","floor":25},{"not_picked":["Poisoned Stab+1","Dodge and Roll"],"picked":"Adrenaline","floor":29},{"not_picked":["Finisher","Well Laid Plans+1","Bane+1"],"picked":"SKIP","floor":31},{"not_picked":["Bullet Time","Storm of Steel"],"picked":"Tools of the Trade","floor":33},{"not_picked":["Cloak And Dagger","Bane+1"],"picked":"Blade Dance","floor":34},{"not_picked":["PiercingWail","Expertise"],"picked":"Cloak And Dagger+1","floor":35},{"not_picked":["Backflip","Flying Knee","Deflect"],"picked":"SKIP","floor":37},{"not_picked":["Slice+1","Expertise"],"picked":"Cloak And Dagger+1","floor":38},{"not_picked":["Finisher+1","Bouncing Flask+1"],"picked":"Accuracy+1","floor":40},{"not_picked":["Well Laid Plans","Masterful Stab+1","Burst"],"picked":"SKIP","floor":44},{"not_picked":["Dagger Spray+1","Flying Knee"],"picked":"Accuracy+1","floor":45},{"not_picked":["Distraction+1","Calculated Gamble+1"],"picked":"Expertise+1","floor":47},{"not_picked":["Dagger Spray","Slice+1","Poisoned Stab+1"],"picked":"SKIP","floor":48},{"not_picked":["Sucker Punch+1","Terror","Deflect"],"picked":"SKIP","floor":54}],"player_experience":88053,"relics_obtained":[{"floor":6,"key":"FossilizedHelix"},{"floor":9,"key":"Incense Burner"},{"floor":26,"key":"Thread and Needle"},{"floor":29,"key":"Bird Faced Urn"},{"floor":40,"key":"Gremlin Horn"},{"floor":54,"key":"Lantern"}],"event_choices":[{"damage_healed":0,"gold_gain":0,"player_choice":"Upgraded","damage_taken":0,"max_hp_gain":0,"max_hp_loss":0,"event_name":"Upgrade Shrine","floor":3,"gold_loss":0,"cards_upgraded":["Blade Dance"]},{"cards_removed":["Defend_G"],"damage_healed":0,"gold_gain":0,"player_choice":"Forget","damage_taken":0,"max_hp_gain":0,"max_hp_loss":0,"event_name":"Living Wall","floor":12,"gold_loss":0},{"damage_healed":0,"gold_gain":0,"player_choice":"Obtain J.A.X.","damage_taken":0,"max_hp_gain":0,"max_hp_loss":0,"event_name":"Drug Dealer","floor":27,"gold_loss":0,"cards_obtained":["J.A.X."]},{"damage_healed":0,"gold_gain":0,"player_choice":"Got Potions","damage_taken":0,"max_hp_gain":0,"max_hp_loss":0,"event_name":"Lab","floor":28,"gold_loss":0},{"damage_healed":0,"gold_gain":0,"player_choice":"Embrace Madness","damage_taken":10,"max_hp_gain":0,"max_hp_loss":0,"event_name":"Winding Halls","floor":36,"gold_loss":0,"cards_obtained":["Madness","Madness"]},{"cards_removed":["Well Laid Plans"],"damage_healed":0,"gold_gain":0,"player_choice":"Removed Power","damage_taken":0,"max_hp_gain":0,"max_hp_loss":0,"event_name":"Falling","floor":39,"gold_loss":0}],"is_beta":false,"boss_relics":[{"not_picked":["Runic Dome","Eternal Feather"],"picked":"WristBlade"},{"not_picked":["Coffee Dripper","Black Star"],"picked":"Orrery"}],"items_purged_floors":[2,22,42],"is_endless":false,"potions_floor_spawned":[5,6,13,16,18,19,24,33,35,37,45],"killed_by":"The Heart","ascension_level":0}