{"gold_per_floor":[116,116,126,57,74,103,114,32,56,69,69,18,49,49,49,146,146],"floor_reached":17,"playtime":1108,"items_purged":[],"score":165,"play_id":"305b7e89-a55a-4048-8d0e-a59f65415c7c","local_time":"20190708234025","is_ascension_mode":false,"campfire_choices":[{"floor":11,"key":"REST"},{"data":"Armaments","floor":15,"key":"SMITH"}],"neow_cost":"NONE","seed_source_timestamp":25822684098910,"circlet_count":0,"master_deck":["Strike_R","Strike_R","Strike_R+1","Strike_R","Strike_R","Defend_R","Defend_R","Defend_R","Bash","Shrug It Off","Thunderclap+1","Rage","Clash","Searing Blow","Finesse","Clash","Shrug It Off","Armaments+1","Parasite","Writhe","Regret"],"relics":["Burning Blood","NeowsBlessing","Whetstone","PreservedInsect","Anchor","Calling Bell","Mango","Mummified Hand","Bronze Scales"],"potions_floor_usage":[6,13,16],"damage_taken":[{"damage":0,"enemies":"2 Louse","floor":1,"turns":1},{"damage":0,"enemies":"Cultist","floor":3,"turns":1},{"damage":0,"enemies":"Jaw Worm","floor":5,"turns":1},{"damage":41,"enemies":"Lagavulin","floor":6,"turns":7},{"damage":2,"enemies":"Red Slaver","floor":7,"turns":4},{"damage":20,"enemies":"Large Slime","floor":10,"turns":8},{"damage":1,"enemies":"3 Sentries","floor":13,"turns":5},{"damage":65,"enemies":"Hexaghost","floor":16,"turns":15}],"seed_played":"-5153171172809795399","potions_obtained":[{"floor":1,"key":"FearPotion"},{"floor":6,"key":"Block Potion"},{"floor":7,"key":"SteroidPotion"},{"floor":10,"key":"BloodPotion"},{"floor":13,"key":"Explosive Potion"}],"is_trial":false,"path_per_floor":["M","?","M","$","M","E","M","$","T","M","R","$","E","?","R","B",null],"character_chosen":"IRONCLAD","items_purchased":["Rage","Finesse","Shrug It Off"],"campfire_rested":1,"item_purchase_floors":[4,8,12],"current_hp_per_floor":[80,80,80,80,80,45,49,49,49,35,59,59,64,57,57,18,94],"gold":146,"neow_bonus":"THREE_ENEMY_KILL","is_prod":false,"is_daily":false,"chose_seed":false,"campfire_upgraded":1,"win_rate":0.0,"timestamp":1562647225,"path_taken":["M","?","M","?","?","E","M","?","T","M","R","$","E","?","R","BOSS"],"build_version":"2019-07-05","purchased_purges":0,"victory":false,"max_hp_per_floor":[80,80,80,80,80,80,80,80,80,80,80,80,80,80,80,80,94],"card_choices":[{"not_picked":["Shockwave","Dual Wield"],"picked":"Shrug It Off","floor":1},{"not_picked":["Twin Strike","Body Slam"],"picked":"Thunderclap","floor":3},{"not_picked":["Heavy Blade","Disarm"],"picked":"Clash","floor":5},{"not_picked":["Impervious","Flame Barrier"],"picked":"Searing Blow","floor":6},{"not_picked":["Cleave","Flex","Body Slam"],"picked":"SKIP","floor":7},{"not_picked":["Intimidate","Seeing Red"],"picked":"Clash","floor":10},{"not_picked":["Cleave","Reaper"],"picked":"Armaments","floor":13}],"player_experience":21497,"relics_obtained":[{"floor":6,"key":"Whetstone"},{"floor":9,"key":"PreservedInsect"},{"floor":13,"key":"Anchor"},{"floor":17,"key":"Mango"},{"floor":17,"key":"Mummified Hand"},{"floor":17,"key":"Bronze Scales"}],"event_choices":[{"damage_healed":0,"gold_gain":0,"player_choice":"Ignored","damage_taken":0,"max_hp_gain":0,"max_hp_loss":0,"event_name":"NoteForYourself","floor":2,"gold_loss":0},{"cards_removed":["Defend_R"],"damage_healed":0,"gold_gain":0,"player_choice":"Card Removal","damage_taken":7,"max_hp_gain":0,"max_hp_loss":0,"event_name":"Golden Wing","floor":14,"gold_loss":0}],"is_beta":false,"boss_relics":[{"not_picked":["Philosopher\u0027s Stone","Mark of Pain"],"picked":"Calling Bell"}],"items_purged_floors":[],"is_endless":false,"potions_floor_spawned":[1,6,7,10,13],"ascension_level":0}