{"gold_per_floor":[111,121,121,137,137,137,212,247,273,289,289,289,313,333,333,461,461,475,9,34,58,79,79,114,129,156,156,156,156,191,214,214,214],"floor_reached":33,"playtime":2314,"items_purged":[],"score":434,"play_id":"79b49167-5c4c-4276-8d87-44bd9888b153","local_time":"20190708094055","is_ascension_mode":true,"campfire_choices":[{"floor":15,"key":"REST"},{"floor":23,"key":"REST"},{"floor":27,"key":"REST"},{"floor":32,"key":"REST"}],"neow_cost":"NONE","seed_source_timestamp":0,"circlet_count":0,"master_deck":["AscendersBane","Strike_R","Strike_R","Strike_R","Strike_R","Defend_R+1","Defend_R","Defend_R","Defend_R+1","Bash","Spot Weakness","Cleave","Pommel Strike","Evolve","Reckless Charge","Body Slam","Barricade","Shockwave","Feed","Feel No Pain","Inflame","Havoc","Reckless Charge","Shrug It Off+1","Carnage","Entrench","Armaments+1","Fiend Fire","Demon Form","Rage"],"special_seed":0,"relics":["Burning Blood","Bronze Scales","Self Forming Clay","Omamori","Golden Idol","Fusion Hammer","Sling","Lantern","Happy Flower","Pen Nib","Smiling Mask","Gremlin Horn"],"potions_floor_usage":[2,8,13,16,22,25,33],"damage_taken":[{"damage":15,"enemies":"Cultist","floor":1,"turns":5},{"damage":7,"enemies":"2 Louse","floor":2,"turns":2},{"damage":4,"enemies":"Small Slimes","floor":4,"turns":4},{"damage":25,"enemies":"3 Sentries","floor":8,"turns":5},{"damage":9,"enemies":"3 Louse","floor":10,"turns":3},{"damage":0,"enemies":"2 Fungi Beasts","floor":13,"turns":2},{"damage":14,"enemies":"Large Slime","floor":14,"turns":4},{"damage":57,"enemies":"The Guardian","floor":16,"turns":10},{"damage":0,"enemies":"3 Byrds","floor":18,"turns":3},{"damage":17,"enemies":"Shell Parasite","floor":20,"turns":6},{"damage":22,"enemies":"Shelled Parasite and Fungi","floor":21,"turns":5},{"damage":9,"enemies":"Centurion and Healer","floor":22,"turns":6},{"damage":32,"enemies":"Slavers","floor":24,"turns":4},{"damage":7,"enemies":"Cultist and Chosen","floor":25,"turns":6},{"damage":59,"enemies":"Book of Stabbing","floor":30,"turns":6},{"damage":18,"enemies":"Snake Plant","floor":31,"turns":2},{"damage":46,"enemies":"Automaton","floor":33,"turns":10}],"seed_played":"7003729489319924914","potions_obtained":[{"floor":1,"key":"Fire Potion"},{"floor":2,"key":"AttackPotion"},{"floor":10,"key":"LiquidBronze"},{"floor":13,"key":"SteroidPotion"},{"floor":20,"key":"Dexterity Potion"},{"floor":21,"key":"Poison Potion"},{"floor":24,"key":"AttackPotion"}],"is_trial":false,"path_per_floor":["M","M","?","M","?","?","?","E","T","M","?","?","M","M","R","B",null,"M","$","M","M","M","R","E","M","T","R","?","?","E","M","R","B"],"character_chosen":"IRONCLAD","items_purchased":["Sling","Lantern","Inflame","Havoc"],"campfire_rested":4,"item_purchase_floors":[19,19,19,19],"current_hp_per_floor":[71,70,58,60,60,88,77,58,58,55,37,37,43,35,59,8,63,69,69,61,48,45,71,45,47,47,74,74,74,21,9,36,0],"gold":214,"neow_bonus":"TEN_PERCENT_HP_BONUS","is_prod":false,"is_daily":false,"chose_seed":false,"campfire_upgraded":0,"win_rate":0,"timestamp":1562575255,"path_taken":["M","M","?","M","?","?","?","E","T","M","?","?","?","M","R","BOSS","M","$","M","?","M","R","E","M","T","R","?","?","E","M","R","BOSS"],"build_version":"2019-07-05","purchased_purges":0,"victory":false,"max_hp_per_floor":[88,88,88,88,88,88,88,88,88,88,88,81,81,81,81,81,81,81,81,84,87,87,87,87,90,90,90,90,90,90,90,90,90],"card_choices":[{"not_picked":["Pommel Strike","Uppercut"],"picked":"Spot Weakness","floor":1},{"not_picked":["Clash","Perfected Strike"],"picked":"Cleave","floor":2},{"not_picked":["Body Slam","Thunderclap"],"picked":"Pommel Strike","floor":4},{"not_picked":["Cleave","Infernal Blade"],"picked":"Reckless Charge","floor":8},{"not_picked":["Hemokinesis","Perfected Strike"],"picked":"Body Slam","floor":10},{"not_picked":["Perfected Strike","Dual Wield"],"picked":"Barricade","floor":13},{"not_picked":["Bloodletting","Twin Strike"],"picked":"Shockwave","floor":14},{"not_picked":["Brutality","Double Tap"],"picked":"Feed","floor":16},{"not_picked":["Blood for Blood","Twin Strike+1"],"picked":"Feel No Pain","floor":18},{"not_picked":["Headbutt","Heavy Blade"],"picked":"Reckless Charge","floor":20},{"not_picked":["Wild Strike+1","Combust"],"picked":"Shrug It Off+1","floor":21},{"not_picked":["Anger","Entrench"],"picked":"Carnage","floor":22},{"not_picked":["Sword Boomerang","Armaments"],"picked":"Entrench","floor":24},{"not_picked":["Bloodletting","Shrug It Off"],"picked":"Armaments+1","floor":25},{"not_picked":["Blood for Blood","Fire Breathing+1"],"picked":"Demon Form","floor":30},{"not_picked":["Heavy Blade","Hemokinesis"],"picked":"Rage","floor":31}],"player_experience":991270,"relics_obtained":[{"floor":8,"key":"Self Forming Clay"},{"floor":9,"key":"Omamori"},{"floor":24,"key":"Happy Flower"},{"floor":26,"key":"Pen Nib"},{"floor":30,"key":"Gremlin Horn"}],"event_choices":[{"damage_healed":0,"gold_gain":0,"player_choice":"Success","damage_taken":12,"relics_obtained":["Bronze Scales"],"max_hp_gain":0,"max_hp_loss":0,"event_name":"Scrap Ooze","floor":3,"gold_loss":0},{"damage_healed":0,"gold_gain":0,"cards_transformed":["Strike_R"],"player_choice":"Change","damage_taken":0,"max_hp_gain":0,"max_hp_loss":0,"event_name":"Living Wall","floor":5,"gold_loss":0,"cards_obtained":["Evolve"]},{"damage_healed":29,"gold_gain":0,"player_choice":"Banana","damage_taken":0,"max_hp_gain":0,"max_hp_loss":0,"event_name":"Big Fish","floor":6,"gold_loss":0},{"damage_healed":0,"gold_gain":75,"player_choice":"Gather Gold","damage_taken":11,"max_hp_gain":0,"max_hp_loss":0,"event_name":"World of Goop","floor":7,"gold_loss":0},{"damage_healed":0,"gold_gain":0,"player_choice":"Entered Light","damage_taken":18,"max_hp_gain":0,"max_hp_loss":0,"event_name":"Shining Light","floor":11,"gold_loss":0,"cards_upgraded":["Defend_R","Defend_R"]},{"damage_healed":0,"gold_gain":0,"player_choice":"Lose Max HP","damage_taken":0,"relics_obtained":["Golden Idol"],"max_hp_gain":0,"max_hp_loss":7,"event_name":"Golden Idol","floor":12,"gold_loss":0},{"damage_healed":0,"gold_gain":0,"player_choice":"Read","damage_taken":0,"max_hp_gain":0,"max_hp_loss":0,"event_name":"The Library","floor":28,"gold_loss":0,"cards_obtained":["Fiend Fire"]},{"damage_healed":0,"gold_gain":0,"player_choice":"Opened","damage_taken":0,"relics_obtained":["Smiling Mask"],"max_hp_gain":0,"max_hp_loss":0,"event_name":"The Mausoleum","floor":29,"gold_loss":0}],"is_beta":false,"boss_relics":[{"not_picked":["Black Star","Orrery"],"picked":"Fusion Hammer"}],"items_purged_floors":[],"is_endless":false,"potions_floor_spawned":[1,2,10,13,20,21,24],"killed_by":"Automaton","ascension_level":10}