{"gold_per_floor":[212,212,226,82,102,27,27,38,38,38,38,113,148,148,148,252,252,272,284,284,284,118,118,118,118,190,204,204,222,238,250,250,250],"floor_reached":33,"playtime":2105,"items_purged":["Strike_B"],"score":245,"play_id":"d1f8c229-8a32-4e4f-8335-8801b4c05f0e","local_time":"20190712214425","is_ascension_mode":false,"campfire_choices":[{"data":"Defragment","floor":7,"key":"SMITH"},{"data":"Zap","floor":11,"key":"SMITH"},{"floor":15,"key":"REST"},{"data":"Chill","floor":23,"key":"SMITH"},{"data":"Zap","floor":25,"key":"SMITH"},{"data":"Sunder","floor":28,"key":"SMITH"},{"floor":32,"key":"REST"}],"neow_cost":"NONE","seed_source_timestamp":17917508566647,"circlet_count":0,"master_deck":["Strike_B","Strike_B","Defend_B+1","Defend_B","Defend_B","Zap+1","Dualcast","Chill+1","Hologram","Melter","Go for the Eyes+1","Defragment+1","Cold Snap","Gash","Rebound","Beam Cell","Capacitor","Sunder+1","Zap+1","Injury","Ball Lightning","Conserve Battery+1","Aggregate+1","Hologram+1"],"relics":["Cracked Core","Oddly Smooth Stone","Question Card","Cursed Key","Toxic Egg 2"],"potions_floor_usage":[19,27,33,33],"damage_taken":[{"damage":0,"enemies":"Cultist","floor":1,"turns":4},{"damage":1,"enemies":"Small Slimes","floor":3,"turns":4},{"damage":0,"enemies":"2 Louse","floor":5,"turns":1},{"damage":0,"enemies":"Large Slime","floor":8,"turns":4},{"damage":14,"enemies":"Gremlin Nob","floor":13,"turns":5},{"damage":19,"enemies":"Slime Boss","floor":16,"turns":12},{"damage":0,"enemies":"Chosen","floor":18,"turns":4},{"damage":0,"enemies":"Shell Parasite","floor":19,"turns":5},{"damage":11,"enemies":"Shelled Parasite and Fungi","floor":27,"turns":5},{"damage":0,"enemies":"Sentry and Sphere","floor":29,"turns":3},{"damage":11,"enemies":"Centurion and Healer","floor":30,"turns":7},{"damage":19,"enemies":"Chosen and Byrds","floor":31,"turns":7},{"damage":59,"enemies":"Collector","floor":33,"turns":9}],"seed_played":"-70371156744528298","potions_obtained":[{"floor":5,"key":"Block Potion"},{"floor":16,"key":"Fruit Juice"},{"floor":29,"key":"FearPotion"},{"floor":31,"key":"Weak Potion"}],"is_trial":false,"path_per_floor":["M","?","M","$","M","$","R","M","T","?","R","?","E","?","R","B",null,"M","M","?","?","$","R","?","R","T","M","R","M","M","M","R","B"],"character_chosen":"DEFECT","items_purchased":["Melter","Defragment","Beam Cell","Capacitor","Sunder"],"campfire_rested":2,"item_purchase_floors":[4,6,22,22,22],"current_hp_per_floor":[75,75,74,74,74,74,74,74,74,74,74,63,49,34,56,37,75,75,80,80,80,80,80,80,80,80,69,69,69,58,39,63,4],"gold":250,"neow_bonus":"HUNDRED_GOLD","is_prod":false,"is_daily":false,"chose_seed":false,"campfire_upgraded":5,"win_rate":0.0,"timestamp":1562985865,"path_taken":["M","?","?","$","M","$","R","M","T","?","R","?","E","?","R","BOSS","M","M","?","?","$","R","?","R","T","M","R","M","M","M","R","BOSS"],"build_version":"2019-07-05","purchased_purges":1,"victory":false,"max_hp_per_floor":[75,75,75,75,75,75,75,75,75,75,75,75,75,75,75,75,75,75,80,80,80,80,80,80,80,80,80,80,80,80,80,80,80],"card_choices":[{"not_picked":["Turbo","Self Repair"],"picked":"Chill","floor":1},{"not_picked":["Auto Shields","Heatsinks"],"picked":"Hologram","floor":3},{"not_picked":["Streamline","Coolheaded"],"picked":"Go for the Eyes","floor":5},{"not_picked":["Recycle","Steam"],"picked":"Cold Snap","floor":8},{"not_picked":["Reprogram","Darkness","Compile Driver"],"picked":"SKIP","floor":13},{"not_picked":["BootSequence","Aggregate","Redo"],"picked":"Gash","floor":18},{"not_picked":["Redo","Turbo","Genetic Algorithm"],"picked":"Rebound","floor":19},{"not_picked":["Sweeping Beam","Turbo+1","Aggregate+1"],"picked":"Ball Lightning","floor":27},{"not_picked":["Compile Driver+1","Amplify+1","Self Repair"],"picked":"Conserve Battery+1","floor":29},{"not_picked":["Darkness+1","Scrape","Leap+1"],"picked":"Aggregate+1","floor":30},{"not_picked":["Rebound+1","Redo+1","Ball Lightning"],"picked":"Hologram+1","floor":31}],"player_experience":139925,"relics_obtained":[{"floor":9,"key":"Oddly Smooth Stone"},{"floor":13,"key":"Question Card"},{"floor":26,"key":"Toxic Egg 2"}],"event_choices":[{"cards_removed":["Strike_B"],"damage_healed":0,"gold_gain":0,"player_choice":"Offered Basic","damage_taken":0,"max_hp_gain":0,"max_hp_loss":0,"event_name":"Bonfire Elementals","floor":2,"gold_loss":0},{"damage_healed":0,"gold_gain":0,"player_choice":"Leave","damage_taken":0,"max_hp_gain":0,"max_hp_loss":0,"event_name":"The Cleric","floor":10,"gold_loss":0},{"damage_healed":0,"gold_gain":75,"player_choice":"Gather Gold","damage_taken":11,"max_hp_gain":0,"max_hp_loss":0,"event_name":"World of Goop","floor":12,"gold_loss":0},{"damage_healed":0,"gold_gain":0,"player_choice":"Entered Light","damage_taken":15,"max_hp_gain":0,"max_hp_loss":0,"event_name":"Shining Light","floor":14,"gold_loss":0,"cards_upgraded":["Defend_B","Go for the Eyes"]},{"cards_removed":["Defend_B"],"damage_healed":0,"gold_gain":0,"player_choice":"Elegance","damage_taken":0,"max_hp_gain":0,"max_hp_loss":0,"event_name":"Back to Basics","floor":20,"gold_loss":0},{"damage_healed":0,"gold_gain":0,"player_choice":"Ignored","damage_taken":0,"max_hp_gain":0,"max_hp_loss":0,"event_name":"Cursed Tome","floor":21,"gold_loss":0},{"damage_healed":0,"gold_gain":0,"player_choice":"1 cards matched","damage_taken":0,"max_hp_gain":0,"max_hp_loss":0,"event_name":"Match and Keep!","floor":24,"gold_loss":0,"cards_obtained":["Zap"]}],"is_beta":false,"boss_relics":[{"not_picked":["Snecko Eye","Calling Bell"],"picked":"Cursed Key"}],"items_purged_floors":[4],"is_endless":false,"potions_floor_spawned":[5,16,29,31],"killed_by":"Collector","ascension_level":0}