{"gold_per_floor":[99,99,113,133,146,146,160,160,160,173,191,201,233,243,243,346,346,359,379,379,389,389],"floor_reached":22,"playtime":1728,"items_purged":[],"score":194,"play_id":"1211e47f-3b77-4c94-ac6b-898826f9a28d","local_time":"20190719160727","is_ascension_mode":false,"campfire_choices":[{"floor":6,"key":"REST"},{"floor":8,"key":"REST"},{"floor":15,"key":"REST"}],"neow_cost":"NONE","seed_source_timestamp":42236386851565,"circlet_count":0,"master_deck":["Strike_B","Strike_B","Strike_B","Strike_B","Defend_B","Defend_B","Defend_B","Defend_B","Zap","Dualcast","Echo Form","Hello World","Skim","Go for the Eyes","Compile Driver","Static Discharge","Biased Cognition","Chaos","White Noise","Beam Cell","Electrodynamics","Lockon","Go for the Eyes","Doom and Gloom+1"],"relics":["FrozenCore","Shuriken","Bag of Marbles","Bronze Scales"],"potions_floor_usage":[11,12,13,13,13,13,13,14,16,16,16,19],"damage_taken":[{"damage":10,"enemies":"Cultist","floor":1,"turns":4},{"damage":8,"enemies":"Jaw Worm","floor":3,"turns":3},{"damage":15,"enemies":"Small Slimes","floor":4,"turns":3},{"damage":28,"enemies":"Gremlin Gang","floor":5,"turns":5},{"damage":12,"enemies":"Blue Slaver","floor":7,"turns":3},{"damage":16,"enemies":"Lots of Slimes","floor":10,"turns":6},{"damage":10,"enemies":"Red Slaver","floor":11,"turns":3},{"damage":15,"enemies":"Gremlin Gang","floor":12,"turns":4},{"damage":11,"enemies":"Lagavulin","floor":13,"turns":6},{"damage":7,"enemies":"2 Fungi Beasts","floor":14,"turns":3},{"damage":8,"enemies":"Hexaghost","floor":16,"turns":8},{"damage":19,"enemies":"Spheric Guardian","floor":18,"turns":5},{"damage":36,"enemies":"2 Thieves","floor":19,"turns":4},{"damage":17,"enemies":"Sentry and Sphere","floor":21,"turns":4},{"damage":3,"enemies":"Chosen and Byrds","floor":22,"turns":1}],"seed_played":"-5104541468909094275","potions_obtained":[{"floor":2,"key":"Fire Potion"},{"floor":2,"key":"SneckoOil"},{"floor":2,"key":"LiquidBronze"},{"floor":4,"key":"EntropicBrew"},{"floor":10,"key":"Dexterity Potion"},{"floor":11,"key":"Weak Potion"},{"floor":13,"key":"EntropicBrew"},{"floor":18,"key":"FocusPotion"},{"floor":19,"key":"GamblersBrew"}],"is_trial":false,"path_per_floor":["M","?","M","M","M","R","M","R","T","M","M","M","E","M","R","B",null,"M","M","T","M","M"],"character_chosen":"DEFECT","items_purchased":[],"campfire_rested":3,"item_purchase_floors":[],"current_hp_per_floor":[65,65,57,42,14,36,24,46,46,30,20,5,9,2,24,16,75,56,20,20,3,0],"gold":389,"neow_bonus":"ONE_RANDOM_RARE_CARD","is_prod":false,"is_daily":false,"chose_seed":false,"campfire_upgraded":0,"win_rate":0.0,"timestamp":1563545247,"path_taken":["M","?","M","M","M","R","M","R","T","M","M","M","E","M","R","BOSS","M","M","?","M","M"],"build_version":"2019-07-05","purchased_purges":0,"victory":false,"max_hp_per_floor":[75,75,75,75,75,75,75,75,75,75,75,75,75,75,75,75,75,75,75,75,75,75],"card_choices":[{"not_picked":["Gash","Ball Lightning","Redo"],"picked":"SKIP","floor":1},{"not_picked":["Stack","Skim"],"picked":"Hello World","floor":3},{"not_picked":["Gash","Hello World"],"picked":"Skim","floor":4},{"not_picked":["Compile Driver","Cold Snap"],"picked":"Go for the Eyes","floor":5},{"not_picked":["Force Field","Conserve Battery"],"picked":"Compile Driver","floor":7},{"not_picked":["Force Field","Redo"],"picked":"Static Discharge","floor":10},{"not_picked":["Loop","Compile Driver"],"picked":"Biased Cognition","floor":11},{"not_picked":["Leap","Go for the Eyes"],"picked":"Chaos","floor":12},{"not_picked":["Skim","Beam Cell"],"picked":"White Noise","floor":13},{"not_picked":["Sweeping Beam","Rebound"],"picked":"Beam Cell","floor":14},{"not_picked":["Buffer","Fission"],"picked":"Electrodynamics","floor":16},{"not_picked":["Loop","Leap"],"picked":"Lockon","floor":18},{"not_picked":["Steam Power","Aggregate"],"picked":"Go for the Eyes","floor":19},{"not_picked":["Gash","Double Energy"],"picked":"Doom and Gloom+1","floor":21}],"player_experience":21813,"relics_obtained":[{"floor":9,"key":"Shuriken"},{"floor":13,"key":"Bag of Marbles"},{"floor":20,"key":"Bronze Scales"}],"event_choices":[{"damage_healed":0,"gold_gain":0,"player_choice":"Got Potions","damage_taken":0,"max_hp_gain":0,"max_hp_loss":0,"event_name":"Lab","floor":2,"gold_loss":0}],"is_beta":false,"boss_relics":[{"not_picked":["Sozu","Snecko Eye"],"picked":"FrozenCore"}],"items_purged_floors":[],"is_endless":false,"potions_floor_spawned":[4,10,11,13,18,19],"killed_by":"Chosen and Byrds","ascension_level":0}