{"gold_per_floor":[119,119,138,5,17,17,50,50,50,64,64,128,159,178,178,280,280,298,298,89,89,106,106,121,152,226,59,77,103,103,133,133,228,228,246,246,246,2,2],"floor_reached":39,"playtime":3146,"items_purged":["Strike_G"],"score":545,"play_id":"f065ec0e-66c4-47aa-bf40-67555dabcfff","local_time":"20190710221701","is_ascension_mode":false,"campfire_choices":[{"data":"Cloak And Dagger","floor":6,"key":"SMITH"},{"data":"Accuracy","floor":8,"key":"SMITH"},{"data":"Flash of Steel","floor":11,"key":"SMITH"},{"data":"Outmaneuver","floor":15,"key":"SMITH"},{"data":"Adrenaline","floor":23,"key":"SMITH"},{"data":"Terror","floor":32,"key":"SMITH"}],"neow_cost":"NONE","seed_source_timestamp":22334035850803,"circlet_count":0,"master_deck":["Strike_G","Strike_G+1","Strike_G+1","Defend_G","Defend_G","Defend_G","Defend_G","Survivor","Neutralize","Accuracy+1","Dagger Spray","Flash of Steel+1","Slice","Cloak And Dagger+1","Well Laid Plans+1","Dagger Throw","Dagger Spray","Outmaneuver+1","Underhanded Strike","Adrenaline+1","Sucker Punch+1","Finesse","Slice","Blade Dance","Caltrops+1","Terror+1","PiercingWail","Predator","Deflect","Blade Dance+1","RitualDagger","PiercingWail","Burst","Cloak And Dagger+1","Cloak And Dagger"],"relics":["Ring of the Snake","Whetstone","Frozen Egg 2","PreservedInsect","Ninja Scroll","Thread and Needle","Philosopher\u0027s Stone","MutagenicStrength","Bird Faced Urn","Question Card","WingedGreaves","Pear","Sozu","MealTicket"],"potions_floor_usage":[12,16,22,29,33,33],"damage_taken":[{"damage":1,"enemies":"Cultist","floor":1,"turns":4},{"damage":0,"enemies":"Jaw Worm","floor":3,"turns":4},{"damage":0,"enemies":"2 Louse","floor":5,"turns":1},{"damage":20,"enemies":"Lagavulin","floor":7,"turns":7},{"damage":1,"enemies":"Blue Slaver","floor":10,"turns":3},{"damage":2,"enemies":"Gremlin Nob","floor":12,"turns":3},{"damage":0,"enemies":"Gremlin Nob","floor":13,"turns":2},{"damage":0,"enemies":"Exordium Wildlife","floor":14,"turns":3},{"damage":9,"enemies":"Slime Boss","floor":16,"turns":7},{"damage":0,"enemies":"Shell Parasite","floor":18,"turns":6},{"damage":0,"enemies":"2 Thieves","floor":22,"turns":1},{"damage":0,"enemies":"Snecko","floor":24,"turns":3},{"damage":0,"enemies":"Gremlin Leader","floor":25,"turns":4},{"damage":0,"enemies":"Sentry and Sphere","floor":28,"turns":3},{"damage":4,"enemies":"Slavers","floor":29,"turns":3},{"damage":0,"enemies":"Book of Stabbing","floor":31,"turns":2},{"damage":81,"enemies":"Automaton","floor":33,"turns":9},{"damage":39,"enemies":"3 Darklings","floor":35,"turns":6},{"damage":22,"enemies":"2 Orb Walkers","floor":39,"turns":3}],"seed_played":"4750411395525731296","potions_obtained":[{"floor":1,"key":"Energy Potion"},{"floor":10,"key":"Weak Potion"},{"floor":16,"key":"Dexterity Potion"},{"floor":18,"key":"SteroidPotion"},{"floor":24,"key":"AttackPotion"},{"floor":28,"key":"SkillPotion"}],"is_trial":false,"path_per_floor":["M","?","M","$","M","R","E","R","T","M","R","?","E","M","R","B",null,"M","?","$","?","M","R","M","E","T","$","M","E","?","E","R","B",null,"M","?","?","$","?"],"character_chosen":"THE_SILENT","items_purchased":["Flash of Steel","Slice","Finesse","Slice","Terror","PiercingWail","Predator","Cloak And Dagger","MealTicket"],"campfire_rested":0,"item_purchase_floors":[4,4,20,20,27,27,27,38,38],"current_hp_per_floor":[69,69,69,69,69,69,49,49,49,48,48,46,46,46,46,37,70,70,70,70,70,70,70,70,70,70,70,70,68,62,76,76,1,80,47,47,47,47,29],"gold":2,"neow_bonus":"RANDOM_COMMON_RELIC","is_prod":false,"is_daily":false,"chose_seed":false,"campfire_upgraded":6,"win_rate":0.0,"timestamp":1562815021,"path_taken":["M","?","?","$","M","R","E","R","T","M","R","?","E","M","R","BOSS","M","?","$","?","M","R","M","E","T","?","?","E","?","E","R","BOSS","M","?","?","$","?"],"build_version":"2019-07-05","purchased_purges":1,"victory":false,"max_hp_per_floor":[70,70,70,70,70,70,70,70,70,70,70,70,70,70,70,70,70,70,70,70,70,70,70,70,70,70,70,70,70,70,80,80,80,80,80,80,80,80,80],"card_choices":[{"not_picked":["Dodge and Roll","Distraction"],"picked":"Accuracy","floor":1},{"not_picked":["Dodge and Roll","Underhanded Strike"],"picked":"Dagger Spray","floor":3},{"not_picked":["Reflex","Leg Sweep"],"picked":"Cloak And Dagger","floor":5},{"not_picked":["Choke","Dodge and Roll"],"picked":"Well Laid Plans","floor":7},{"not_picked":["Quick Slash","Riddle With Holes"],"picked":"Dagger Throw","floor":10},{"not_picked":["Escape Plan","Well Laid Plans+1"],"picked":"Dagger Spray","floor":12},{"not_picked":["Sucker Punch","Dash"],"picked":"Outmaneuver","floor":13},{"not_picked":["PiercingWail","Storm of Steel"],"picked":"Underhanded Strike","floor":14},{"not_picked":["Bullet Time","Malaise"],"picked":"Adrenaline","floor":16},{"not_picked":["Caltrops+1","Deadly Poison+1"],"picked":"Sucker Punch+1","floor":18},{"not_picked":["Leg Sweep","Terror"],"picked":"Blade Dance","floor":22},{"not_picked":["Deadly Poison","Bane"],"picked":"Caltrops+1","floor":24},{"not_picked":["Dodge and Roll","Tools of the Trade+1","Well Laid Plans+1"],"picked":"SKIP","floor":25},{"not_picked":["Expertise+1","Crippling Poison","Prepared"],"picked":"Deflect","floor":28},{"not_picked":["Endless Agony","Caltrops+1","Well Laid Plans+1"],"picked":"Blade Dance+1","floor":29},{"not_picked":["Choke+1","Dodge and Roll","Quick Slash"],"picked":"PiercingWail","floor":31},{"not_picked":["Bullet Time","Storm of Steel","Adrenaline"],"picked":"Burst","floor":33},{"not_picked":["Heel Hook","Distraction+1","Poisoned Stab+1"],"picked":"Cloak And Dagger+1","floor":35}],"player_experience":90955,"relics_obtained":[{"floor":7,"key":"Frozen Egg 2"},{"floor":9,"key":"PreservedInsect"},{"floor":12,"key":"Ninja Scroll"},{"floor":13,"key":"Thread and Needle"},{"floor":25,"key":"Bird Faced Urn"},{"floor":26,"key":"Question Card"},{"floor":29,"key":"WingedGreaves"},{"floor":31,"key":"Pear"}],"event_choices":[{"cards_removed":["Strike_G"],"damage_healed":0,"gold_gain":0,"player_choice":"Purged","damage_taken":0,"max_hp_gain":0,"max_hp_loss":0,"event_name":"Purifier","floor":2,"gold_loss":0},{"damage_healed":0,"gold_gain":30,"player_choice":"Searched \u00272\u0027 times","damage_taken":0,"max_hp_gain":0,"max_hp_loss":0,"event_name":"Dead Adventurer","floor":12,"gold_loss":0},{"damage_healed":0,"gold_gain":0,"player_choice":"Ignored","damage_taken":0,"max_hp_gain":0,"max_hp_loss":0,"event_name":"The Mausoleum","floor":19,"gold_loss":0},{"damage_healed":0,"gold_gain":0,"player_choice":"Inject Mutagens","damage_taken":0,"relics_obtained":["MutagenicStrength"],"max_hp_gain":0,"max_hp_loss":0,"event_name":"Drug Dealer","floor":21,"gold_loss":0},{"damage_healed":0,"gold_gain":0,"player_choice":"Joined the Cult","damage_taken":6,"max_hp_gain":0,"max_hp_loss":0,"event_name":"Nest","floor":30,"gold_loss":0,"cards_obtained":["RitualDagger"]},{"cards_removed":["Defend_G"],"damage_healed":0,"gold_gain":0,"player_choice":"Removed Skill","damage_taken":0,"max_hp_gain":0,"max_hp_loss":0,"event_name":"Falling","floor":36,"gold_loss":0},{"damage_healed":0,"gold_gain":0,"player_choice":"Ignored","damage_taken":0,"max_hp_gain":0,"max_hp_loss":0,"event_name":"Tomb of Lord Red Mask","floor":37,"gold_loss":0},{"damage_healed":0,"gold_gain":0,"player_choice":"Fight","damage_taken":0,"max_hp_gain":0,"max_hp_loss":0,"event_name":"Mysterious Sphere","floor":39,"gold_loss":0}],"is_beta":false,"boss_relics":[{"not_picked":["Ring of the Serpent","Ectoplasm"],"picked":"Philosopher\u0027s Stone"},{"not_picked":["Runic Dome","HoveringKite"],"picked":"Sozu"}],"items_purged_floors":[20],"is_endless":false,"potions_floor_spawned":[1,10,16,18,24,28,35],"killed_by":"2 Orb Walkers","ascension_level":0}