{"gold_per_floor":[114,64,64,139,152,152,172,198,221,244,256,280,292,31,31,31],"floor_reached":16,"playtime":864,"items_purged":[],"score":100,"play_id":"c8ec4c1d-3d15-4dd9-9a35-87b771f471f8","local_time":"20190709090847","is_ascension_mode":false,"campfire_choices":[{"data":"Ghostly Armor","floor":6,"key":"SMITH"},{"data":"Armaments","floor":11,"key":"SMITH"},{"data":"Shockwave","floor":13,"key":"SMITH"},{"data":"Flame Barrier","floor":15,"key":"SMITH"}],"neow_cost":"NONE","seed_source_timestamp":60167943126109,"circlet_count":0,"master_deck":["Strike_R","Strike_R","Strike_R","Strike_R","Strike_R","Defend_R+1","Defend_R","Defend_R+1","Bash","Ghostly Armor+1","Battle Trance","Armaments+1","Shockwave+1","Flame Barrier+1"],"relics":["Burning Blood","NeowsBlessing","War Paint","MawBank","Chemical X"],"potions_floor_usage":[8,16,16],"damage_taken":[{"damage":0,"enemies":"Jaw Worm","floor":1,"turns":1},{"damage":0,"enemies":"Cultist","floor":5,"turns":1},{"damage":0,"enemies":"2 Louse","floor":7,"turns":1},{"damage":29,"enemies":"Lagavulin","floor":8,"turns":9},{"damage":12,"enemies":"Looter","floor":10,"turns":4},{"damage":7,"enemies":"Lots of Slimes","floor":12,"turns":5},{"damage":54,"enemies":"Hexaghost","floor":16,"turns":16}],"seed_played":"7247121089210709012","potions_obtained":[{"floor":5,"key":"PowerPotion"},{"floor":7,"key":"SneckoOil"},{"floor":8,"key":"GamblersBrew"},{"floor":12,"key":"EssenceOfSteel"}],"is_trial":false,"path_per_floor":["M","?","$","?","M","R","M","E","T","M","R","M","R","$","R","B"],"character_chosen":"IRONCLAD","items_purchased":["Flame Barrier","Chemical X"],"campfire_rested":0,"item_purchase_floors":[14,14],"current_hp_per_floor":[80,80,80,69,75,75,80,57,57,51,51,50,50,50,50,0],"gold":31,"neow_bonus":"THREE_ENEMY_KILL","is_prod":false,"is_daily":false,"chose_seed":false,"campfire_upgraded":4,"win_rate":0.0,"timestamp":1562681327,"path_taken":["M","?","$","?","M","R","M","E","T","?","R","M","R","?","R","BOSS"],"build_version":"2019-07-05","purchased_purges":0,"victory":false,"max_hp_per_floor":[80,80,80,80,80,80,80,80,80,80,80,80,80,80,80,80],"card_choices":[{"not_picked":["Flex","Shrug It Off"],"picked":"Ghostly Armor","floor":1},{"not_picked":["Sword Boomerang","Wild Strike"],"picked":"Battle Trance","floor":5},{"not_picked":["Dual Wield","Headbutt","Metallicize"],"picked":"SKIP","floor":7},{"not_picked":["Searing Blow","Combust"],"picked":"Armaments","floor":8},{"not_picked":["Clash","Sentinel"],"picked":"Shockwave","floor":10},{"not_picked":["Wild Strike","Warcry","Disarm"],"picked":"SKIP","floor":12}],"player_experience":49466,"relics_obtained":[{"floor":8,"key":"War Paint"},{"floor":9,"key":"MawBank"}],"event_choices":[{"cards_removed":["Defend_R"],"damage_healed":0,"gold_gain":0,"player_choice":"Card Removal","damage_taken":0,"max_hp_gain":0,"max_hp_loss":0,"event_name":"The Cleric","floor":2,"gold_loss":50},{"damage_healed":0,"gold_gain":75,"player_choice":"Gather Gold","damage_taken":11,"max_hp_gain":0,"max_hp_loss":0,"event_name":"World of Goop","floor":4,"gold_loss":0}],"is_beta":false,"boss_relics":[],"items_purged_floors":[],"is_endless":false,"potions_floor_spawned":[5,7,8,12],"killed_by":"Hexaghost","ascension_level":0}