{"gold_per_floor":[114,39,57,69,84,84,104,131,131,158,158,158],"floor_reached":12,"playtime":632,"items_purged":["Strike_G"],"score":92,"play_id":"b975ff1f-27b2-409a-9494-6de75b2a1057","local_time":"20190720173935","is_ascension_mode":false,"campfire_choices":[{"data":"Poisoned Stab","floor":6,"key":"SMITH"}],"neow_cost":"NONE","seed_source_timestamp":494600294524935,"circlet_count":0,"master_deck":["Strike_G","Strike_G","Strike_G","Strike_G","Defend_G","Defend_G","Defend_G","Defend_G","Defend_G","Survivor","Neutralize","Deadly Poison","Poisoned Stab+1","Backflip"],"relics":["Ring of the Snake","Dodecahedron","Unceasing Top","Bottled Lightning"],"potions_floor_usage":[10,11],"damage_taken":[{"damage":5,"enemies":"Small Slimes","floor":1,"turns":5},{"damage":0,"enemies":"2 Louse","floor":3,"turns":4},{"damage":1,"enemies":"Jaw Worm","floor":4,"turns":4},{"damage":0,"enemies":"2 Fungi Beasts","floor":5,"turns":4},{"damage":0,"enemies":"3 Louse","floor":7,"turns":2},{"damage":47,"enemies":"Gremlin Nob","floor":8,"turns":5},{"damage":22,"enemies":"3 Sentries","floor":10,"turns":12},{"damage":0,"enemies":"Exordium Wildlife","floor":11,"turns":1},{"damage":19,"enemies":"Gremlin Nob","floor":12,"turns":3}],"seed_played":"3360026080923744211","potions_obtained":[{"floor":3,"key":"SmokeBomb"},{"floor":5,"key":"Regen Potion"}],"is_trial":false,"path_per_floor":["M","$","M","M","M","R","M","E","T","E","M","E"],"character_chosen":"THE_SILENT","items_purchased":[],"campfire_rested":0,"item_purchase_floors":[],"current_hp_per_floor":[72,72,72,71,71,71,71,24,24,17,17,0],"gold":158,"neow_bonus":"TEN_PERCENT_HP_BONUS","is_prod":false,"is_daily":false,"chose_seed":false,"campfire_upgraded":1,"win_rate":0.0,"timestamp":1563658775,"path_taken":["M","$","M","M","M","R","M","E","T","E","M","E"],"build_version":"2019-07-17","purchased_purges":1,"victory":false,"max_hp_per_floor":[77,77,77,77,77,77,77,77,77,77,77,77],"card_choices":[{"not_picked":["Quick Slash","Blade Dance","Masterful Stab"],"picked":"SKIP","floor":1},{"not_picked":["Slice","Dagger Throw"],"picked":"Deadly Poison","floor":3},{"not_picked":["Reflex","Dagger Spray"],"picked":"Poisoned Stab","floor":4},{"not_picked":["Dagger Throw","Sucker Punch","Outmaneuver"],"picked":"SKIP","floor":5},{"not_picked":["Outmaneuver","Terror","Underhanded Strike"],"picked":"SKIP","floor":7},{"not_picked":["Dagger Spray","Quick Slash"],"picked":"Backflip","floor":8},{"not_picked":["Quick Slash","Caltrops","Distraction"],"picked":"SKIP","floor":10}],"player_experience":51050,"relics_obtained":[{"floor":8,"key":"Dodecahedron"},{"floor":9,"key":"Unceasing Top"},{"floor":10,"key":"Bottled Lightning"}],"event_choices":[],"is_beta":false,"boss_relics":[],"items_purged_floors":[2],"is_endless":false,"potions_floor_spawned":[3,5,11],"killed_by":"Gremlin Nob","ascension_level":0}