{"gold_per_floor":[118,118,130,130,55,55,230,230,230,248,288,311,311,334,334,334],"floor_reached":16,"playtime":748,"items_purged":["Strike_R"],"score":155,"play_id":"5ede7b33-11c8-4ded-ace3-89c4ee547f56","local_time":"20190724183602","is_ascension_mode":true,"campfire_choices":[{"data":"Clothesline","floor":6,"key":"SMITH"},{"data":"Bash","floor":8,"key":"SMITH"},{"floor":13,"key":"REST"},{"floor":15,"key":"REST"}],"neow_cost":"CURSE","seed_source_timestamp":1156526403297100,"circlet_count":0,"master_deck":["AscendersBane","Strike_R","Strike_R","Strike_R","Defend_R","Defend_R","Defend_R","Defend_R","Bash+1","Dramatic Entrance","Enlightenment","Injury","Clothesline+1","Sever Soul","Injury","Doubt","Battle Trance","Power Through","Shockwave","Power Through"],"relics":["Burning Blood","Golden Idol","PreservedInsect","Bag of Marbles"],"potions_floor_usage":[16,16],"damage_taken":[{"damage":12,"enemies":"Small Slimes","floor":1,"turns":4},{"damage":0,"enemies":"2 Louse","floor":3,"turns":3},{"damage":12,"enemies":"Jaw Worm","floor":10,"turns":2},{"damage":36,"enemies":"Lagavulin","floor":11,"turns":6},{"damage":6,"enemies":"3 Louse","floor":12,"turns":3},{"damage":9,"enemies":"Red Slaver","floor":14,"turns":2},{"damage":76,"enemies":"Slime Boss","floor":16,"turns":18}],"seed_played":"-2928073049672142987","potions_obtained":[{"floor":10,"key":"Explosive Potion"},{"floor":11,"key":"Block Potion"}],"is_trial":false,"path_per_floor":["M","?","M","?","$","R","?","R","T","M","E","M","R","M","R","B"],"character_chosen":"IRONCLAD","items_purchased":[],"campfire_rested":2,"item_purchase_floors":[],"current_hp_per_floor":[66,59,65,65,65,65,65,65,65,59,29,29,53,50,74,0],"gold":334,"neow_bonus":"RANDOM_COLORLESS_2","is_prod":false,"is_daily":false,"chose_seed":false,"campfire_upgraded":2,"win_rate":0,"timestamp":1563989762,"path_taken":["M","?","M","?","$","R","?","R","T","M","E","M","R","M","R","BOSS"],"build_version":"2019-07-17","purchased_purges":1,"victory":false,"max_hp_per_floor":[80,80,80,80,80,80,80,80,80,80,80,80,80,80,80,80],"card_choices":[{"not_picked":["Rupture","Spot Weakness"],"picked":"Clothesline","floor":1},{"not_picked":["Blood for Blood","Body Slam"],"picked":"Sever Soul","floor":3},{"not_picked":["Carnage","Anger"],"picked":"Battle Trance","floor":10},{"not_picked":["Infernal Blade","Flex"],"picked":"Power Through","floor":11},{"not_picked":["Rupture","Battle Trance"],"picked":"Shockwave","floor":12},{"not_picked":["Battle Trance","Sword Boomerang"],"picked":"Power Through","floor":14}],"player_experience":1082206,"relics_obtained":[{"floor":9,"key":"PreservedInsect"},{"floor":11,"key":"Bag of Marbles"}],"event_choices":[{"cards_removed":["Strike_R"],"damage_healed":0,"gold_gain":0,"player_choice":"Card Removal","damage_taken":7,"max_hp_gain":0,"max_hp_loss":0,"event_name":"Golden Wing","floor":2,"gold_loss":0},{"damage_healed":0,"gold_gain":0,"player_choice":"Take Wound","damage_taken":0,"relics_obtained":["Golden Idol"],"max_hp_gain":0,"max_hp_loss":0,"event_name":"Golden Idol","floor":4,"gold_loss":0,"cards_obtained":["Injury"]},{"damage_healed":0,"gold_gain":175,"player_choice":"AGREE","damage_taken":0,"max_hp_gain":0,"max_hp_loss":0,"event_name":"Liars Game","floor":7,"gold_loss":0,"cards_obtained":["Doubt"]}],"is_beta":false,"boss_relics":[],"items_purged_floors":[5],"is_endless":false,"potions_floor_spawned":[10,11,14],"killed_by":"Slime Boss","ascension_level":11}