{"gold_per_floor":[215,228,242,80,95,95,170,170,245,17,32,32,32],"floor_reached":13,"playtime":582,"items_purged":["Strike_B","Defend_B"],"score":75,"play_id":"a5dad46c-6fd4-4c30-9f12-9ad8f863b0c6","local_time":"20190712174853","is_ascension_mode":false,"campfire_choices":[{"data":"Zap","floor":6,"key":"SMITH"},{"data":"Hologram","floor":8,"key":"SMITH"}],"neow_cost":"NONE","seed_source_timestamp":5309012354792,"circlet_count":0,"master_deck":["Strike_B","Strike_B","Strike_B","Defend_B","Defend_B","Defend_B","Zap+1","Dualcast","Gash","Hologram+1","Beam Cell","Enlightenment","Streamline","Beam Cell","Ball Lightning"],"relics":["Cracked Core","Pear"],"potions_floor_usage":[],"damage_taken":[{"damage":0,"enemies":"Cultist","floor":1,"turns":4},{"damage":0,"enemies":"Small Slimes","floor":2,"turns":4},{"damage":8,"enemies":"Jaw Worm","floor":3,"turns":2},{"damage":7,"enemies":"Blue Slaver","floor":5,"turns":3},{"damage":7,"enemies":"Exordium Wildlife","floor":11,"turns":2}],"seed_played":"-135196101859187009","potions_obtained":[{"floor":1,"key":"Explosive Potion"},{"floor":5,"key":"Strength Potion"}],"is_trial":false,"path_per_floor":["M","M","M","$","M","R","?","R","T","$","M","$","?"],"character_chosen":"DEFECT","items_purchased":["Enlightenment","Loop","Beam Cell"],"campfire_rested":0,"item_purchase_floors":[4,10,10],"current_hp_per_floor":[75,75,67,67,60,60,49,49,59,59,52,52,45],"gold":32,"neow_bonus":"HUNDRED_GOLD","is_prod":false,"is_daily":false,"chose_seed":false,"campfire_upgraded":2,"win_rate":0.0,"timestamp":1562971733,"path_taken":["M","M","?","$","M","R","?","R","T","$","M","?","?"],"build_version":"2019-07-05","purchased_purges":2,"victory":false,"max_hp_per_floor":[75,75,75,75,75,75,75,75,85,85,85,85,85],"card_choices":[{"not_picked":["Blizzard","Redo"],"picked":"Gash","floor":1},{"not_picked":["Turbo","Steam"],"picked":"Hologram","floor":2},{"not_picked":["Hologram","Self Repair"],"picked":"Beam Cell","floor":3},{"not_picked":["Reboot","Rebound"],"picked":"Streamline","floor":5},{"not_picked":["Beam Cell","Hologram"],"picked":"Ball Lightning","floor":11}],"player_experience":131228,"relics_obtained":[{"floor":9,"key":"Pear"}],"event_choices":[{"damage_healed":0,"gold_gain":75,"player_choice":"Gather Gold","damage_taken":11,"max_hp_gain":0,"max_hp_loss":0,"event_name":"World of Goop","floor":7,"gold_loss":0},{"cards_removed":["Loop"],"damage_healed":0,"gold_gain":0,"player_choice":"Card Removal","damage_taken":7,"max_hp_gain":0,"max_hp_loss":0,"event_name":"Golden Wing","floor":13,"gold_loss":0}],"is_beta":false,"boss_relics":[],"items_purged_floors":[4,10],"is_endless":false,"potions_floor_spawned":[1,5],"ascension_level":0}