{"gold_per_floor":[110,121,70,84,97,97,110,128,128,148,66,66,66,82,82,182,182,193,205,13,23,23],"floor_reached":22,"playtime":883,"items_purged":[],"score":182,"play_id":"704f86cf-8d7f-4a5b-8dc8-97f761c159f7","local_time":"20190722204411","is_ascension_mode":false,"campfire_choices":[{"data":"Zap","floor":6,"key":"SMITH"},{"data":"Turbo","floor":13,"key":"SMITH"},{"data":"Turbo","floor":15,"key":"SMITH"}],"neow_cost":"NONE","seed_source_timestamp":15239751484329,"circlet_count":0,"master_deck":["Strike_B","Strike_B","Strike_B","Strike_B","Defend_B","Defend_B","Defend_B","Defend_B","Zap+1","Core Surge","Conserve Battery","Turbo+1","Turbo+1","Gash","Beam Cell","Streamline","Streamline","BootSequence","FTL","Fission","Hologram","Seek","Steam","Streamline"],"relics":["Cracked Core","Meat on the Bone","Black Star"],"potions_floor_usage":[5,7,16,16,16,21,21],"damage_taken":[{"damage":1,"enemies":"Jaw Worm","floor":1,"turns":3},{"damage":0,"enemies":"2 Louse","floor":2,"turns":3},{"damage":0,"enemies":"Small Slimes","floor":4,"turns":2},{"damage":9,"enemies":"Exordium Thugs","floor":5,"turns":3},{"damage":0,"enemies":"2 Fungi Beasts","floor":7,"turns":3},{"damage":12,"enemies":"Gremlin Gang","floor":8,"turns":4},{"damage":0,"enemies":"Looter","floor":10,"turns":3},{"damage":9,"enemies":"2 Fungi Beasts","floor":14,"turns":3},{"damage":39,"enemies":"The Guardian","floor":16,"turns":10},{"damage":9,"enemies":"3 Byrds","floor":18,"turns":6},{"damage":20,"enemies":"Spheric Guardian","floor":19,"turns":4},{"damage":22,"enemies":"Snecko","floor":21,"turns":4},{"damage":40,"enemies":"Sentry and Sphere","floor":22,"turns":5}],"seed_played":"875854265737553745","potions_obtained":[{"floor":1,"key":"Poison Potion"},{"floor":5,"key":"Strength Potion"},{"floor":8,"key":"Swift Potion"},{"floor":10,"key":"PowerPotion"},{"floor":14,"key":"AttackPotion"},{"floor":16,"key":"FearPotion"},{"floor":19,"key":"SteroidPotion"}],"is_trial":false,"path_per_floor":["M","M","$","M","M","R","M","M","T","M","$","?","R","M","R","B",null,"M","M","$","M","M"],"character_chosen":"DEFECT","items_purchased":["Turbo","BootSequence","Seek","Steam"],"campfire_rested":0,"item_purchase_floors":[3,11,20,20],"current_hp_per_floor":[74,74,74,74,65,65,65,53,53,53,53,46,46,49,49,22,75,66,46,46,36,0],"gold":23,"neow_bonus":"ONE_RANDOM_RARE_CARD","is_prod":false,"is_daily":false,"chose_seed":false,"campfire_upgraded":3,"win_rate":0.0,"timestamp":1563842651,"path_taken":["M","M","$","M","M","R","M","M","T","M","$","?","R","M","R","BOSS","M","M","$","M","M"],"build_version":"2019-07-17","purchased_purges":0,"victory":false,"max_hp_per_floor":[75,75,75,75,75,75,75,75,75,75,75,75,75,75,75,75,75,75,75,75,75,75],"card_choices":[{"not_picked":["Heatsinks","Hello World"],"picked":"Conserve Battery","floor":1},{"not_picked":["Static Discharge","Barrage"],"picked":"Turbo","floor":2},{"not_picked":["Lockon","Ball Lightning"],"picked":"Gash","floor":4},{"not_picked":["Reinforced Body","Skim","Auto Shields"],"picked":"SKIP","floor":5},{"not_picked":["Consume","Melter"],"picked":"Beam Cell","floor":7},{"not_picked":["Conserve Battery","Undo"],"picked":"Streamline","floor":8},{"not_picked":["Capacitor","Tempest"],"picked":"Streamline","floor":10},{"not_picked":["Cold Snap","Coolheaded"],"picked":"FTL","floor":14},{"not_picked":["Buffer","Biased Cognition"],"picked":"Fission","floor":16},{"not_picked":["Recycle","Coolheaded","Consume"],"picked":"SKIP","floor":18},{"not_picked":["Rebound","Cold Snap+1"],"picked":"Hologram","floor":19},{"not_picked":["Chill","Darkness+1"],"picked":"Streamline","floor":21}],"player_experience":103542,"relics_obtained":[{"floor":9,"key":"Meat on the Bone"}],"event_choices":[{"cards_removed":["Dualcast"],"damage_healed":0,"gold_gain":0,"player_choice":"Card Removal","damage_taken":7,"max_hp_gain":0,"max_hp_loss":0,"event_name":"Golden Wing","floor":12,"gold_loss":0}],"is_beta":false,"boss_relics":[{"not_picked":["Philosopher\u0027s Stone","Calling Bell"],"picked":"Black Star"}],"items_purged_floors":[],"is_endless":false,"potions_floor_spawned":[1,5,8,10,14,16,19],"killed_by":"Sentry and Sphere","ascension_level":0}