{"gold_per_floor":[116,146,146,96,16,16,48,48,73,84,109,127,148,167,167,270,270,288,57,57,72,91,117,117,137,162,162,190,190,220,240,240,240],"floor_reached":33,"playtime":1103,"items_purged":["Strike_R"],"score":355,"play_id":"bef64d5c-ddad-4a48-916a-add9cf1c9a68","local_time":"20190118213556","is_ascension_mode":true,"campfire_choices":[{"data":"Sword Boomerang","floor":6,"key":"SMITH"},{"data":"Pommel Strike","floor":8,"key":"SMITH"},{"floor":15,"key":"REST"},{"data":"Armaments","floor":24,"key":"SMITH"},{"data":"Brutality","floor":27,"key":"SMITH"},{"floor":29,"key":"REST"},{"floor":32,"key":"REST"}],"neow_cost":"NONE","seed_source_timestamp":781717753636883,"circlet_count":0,"master_deck":["Strike_R","Strike_R","Strike_R","Strike_R","Defend_R","Defend_R+1","Defend_R+1","Bash+1","Armaments+1","Sword Boomerang+1","Pommel Strike+1","Brutality+1","Heavy Blade","Cleave","Inflame","Offering+1","Shrug It Off","Decay","Warcry+1","Pommel Strike+1","Carnage+1","Pummel"],"relics":["Burning Blood","NeowsBlessing","Tiny Chest","Happy Flower","Bag of Preparation","Vajra","Odd Mushroom","Eternal Feather","PreservedInsect","Shuriken","War Paint","Question Card","Red Skull"],"potions_floor_usage":[22,22,25,33,33],"damage_taken":[{"damage":0,"enemies":"Small Slimes","floor":1,"turns":1},{"damage":0,"enemies":"Lagavulin","floor":7,"turns":1},{"damage":0,"enemies":"Jaw Worm","floor":10,"turns":1},{"damage":38,"enemies":"3 Sentries","floor":11,"turns":7},{"damage":1,"enemies":"Cultist","floor":12,"turns":2},{"damage":17,"enemies":"The Mushroom Lair","floor":13,"turns":3},{"damage":3,"enemies":"Looter","floor":14,"turns":3},{"damage":20,"enemies":"Slime Boss","floor":16,"turns":5},{"damage":11,"enemies":"3 Byrds","floor":18,"turns":4},{"damage":22,"enemies":"2 Thieves","floor":21,"turns":4},{"damage":22,"enemies":"Shelled Parasite and Fungi","floor":22,"turns":3},{"damage":22,"enemies":"Gremlin Leader","floor":23,"turns":4},{"damage":9,"enemies":"Snecko","floor":25,"turns":3},{"damage":27,"enemies":"Book of Stabbing","floor":28,"turns":3},{"damage":26,"enemies":"Gremlin Leader","floor":30,"turns":4},{"damage":35,"enemies":"Centurion and Healer","floor":31,"turns":4},{"damage":59,"enemies":"Automaton","floor":33,"turns":4}],"seed_played":"-6680607344580607295","potions_obtained":[{"floor":10,"key":"Energy Potion"},{"floor":12,"key":"EssenceOfSteel"},{"floor":13,"key":"LiquidBronze"},{"floor":18,"key":"Block Potion"},{"floor":28,"key":"BloodPotion"},{"floor":30,"key":"SpeedPotion"}],"is_trial":false,"path_per_floor":["M","?","?","?","$","R","E","R","T","M","E","M","?","M","R","B",null,"M","$","?","M","M","E","R","M","T","R","E","R","E","M","R","B"],"character_chosen":"IRONCLAD","items_purchased":["Sword Boomerang","Pommel Strike","PreservedInsect"],"campfire_rested":3,"item_purchase_floors":[5,5,19],"current_hp_per_floor":[80,73,57,57,57,57,63,63,63,69,37,42,31,34,58,44,80,75,75,75,59,43,27,39,36,36,48,27,63,43,14,50,0],"gold":240,"neow_bonus":"THREE_ENEMY_KILL","is_prod":false,"is_daily":false,"chose_seed":false,"campfire_upgraded":4,"win_rate":0,"timestamp":1547843756,"path_taken":["M","?","?","?","$","R","E","R","T","M","E","?","?","M","R","BOSS","M","$","?","M","M","E","R","?","T","R","E","R","E","M","R","BOSS"],"build_version":"2019-01-17v2","purchased_purges":1,"victory":false,"max_hp_per_floor":[80,80,80,80,80,80,80,80,80,80,80,80,80,80,80,80,80,80,80,80,80,80,80,80,80,80,80,80,80,80,80,80,80],"card_choices":[{"not_picked":["Dual Wield","Flame Barrier"],"picked":"Armaments","floor":1},{"not_picked":["Warcry","Clothesline"],"picked":"Brutality","floor":7},{"not_picked":["Disarm","Thunderclap"],"picked":"Heavy Blade","floor":10},{"not_picked":["Searing Blow","Perfected Strike","True Grit"],"picked":"SKIP","floor":11},{"not_picked":["Shrug It Off","Power Through"],"picked":"Cleave","floor":12},{"not_picked":["Headbutt","Warcry"],"picked":"Inflame","floor":14},{"not_picked":["Impervious","Barricade"],"picked":"Offering","floor":16},{"not_picked":["Disarm","Wild Strike"],"picked":"Shrug It Off","floor":18},{"not_picked":["Headbutt","Iron Wave","Body Slam+1"],"picked":"SKIP","floor":21},{"not_picked":["Dropkick","Headbutt"],"picked":"Warcry+1","floor":22},{"not_picked":["Feel No Pain","Carnage"],"picked":"Pommel Strike+1","floor":23},{"not_picked":["Headbutt","Pommel Strike","True Grit+1"],"picked":"SKIP","floor":25},{"not_picked":["Berserk","Feed"],"picked":"Carnage+1","floor":28},{"not_picked":["Body Slam","Heavy Blade","Cleave"],"picked":"Pummel","floor":30},{"not_picked":["Havoc","Clothesline","Wild Strike+1","Anger"],"picked":"SKIP","floor":31}],"player_experience":124041,"relics_obtained":[{"floor":7,"key":"Happy Flower"},{"floor":9,"key":"Bag of Preparation"},{"floor":11,"key":"Vajra"},{"floor":13,"key":"Odd Mushroom"},{"floor":23,"key":"Shuriken"},{"floor":26,"key":"War Paint"},{"floor":28,"key":"Question Card"},{"floor":30,"key":"Red Skull"}],"event_choices":[{"damage_healed":0,"gold_gain":0,"player_choice":"Success","damage_taken":7,"relics_obtained":["Tiny Chest"],"max_hp_gain":0,"max_hp_loss":0,"event_name":"Scrap Ooze","floor":2,"gold_loss":0},{"damage_healed":0,"gold_gain":0,"player_choice":"Entered Light","damage_taken":16,"max_hp_gain":0,"max_hp_loss":0,"event_name":"Shining Light","floor":3,"gold_loss":0,"cards_upgraded":["Bash","Defend_R"]},{"cards_removed":["Defend_R"],"damage_healed":0,"gold_gain":0,"player_choice":"Card Removal","damage_taken":0,"max_hp_gain":0,"max_hp_loss":0,"event_name":"The Cleric","floor":4,"gold_loss":50},{"damage_healed":0,"gold_gain":0,"player_choice":"Fought Mushrooms","damage_taken":0,"max_hp_gain":0,"max_hp_loss":0,"event_name":"Mushrooms","floor":13,"gold_loss":0},{"damage_healed":0,"gold_gain":0,"player_choice":"Cursed","damage_taken":0,"max_hp_gain":0,"max_hp_loss":0,"event_name":"Wheel of Change","floor":20,"gold_loss":0,"cards_obtained":["Decay"]}],"is_beta":false,"boss_relics":[{"not_picked":["Sozu","Philosopher\u0027s Stone"],"picked":"Eternal Feather"}],"items_purged_floors":[19],"is_endless":false,"potions_floor_spawned":[10,12,13,18,28,30],"killed_by":"Automaton","ascension_level":1}