{"gold_per_floor":[113,113,66,115,133,133,36,36,36,66,79,79,93,18,18,115,115,129,129,129,147,147,147,162,162,162,177,188,204,204,204,204,204],"floor_reached":33,"playtime":2001,"items_purged":["Defend_R"],"score":260,"play_id":"a4b6b80a-7a77-418c-abd3-9586a48f17ff","local_time":"20190707034850","is_ascension_mode":false,"campfire_choices":[{"data":"Searing Blow+1","floor":6,"key":"SMITH"},{"data":"Searing Blow+2","floor":8,"key":"SMITH"},{"data":"Searing Blow+3","floor":12,"key":"SMITH"},{"data":"Searing Blow+4","floor":15,"key":"SMITH"},{"data":"Armaments","floor":23,"key":"SMITH"},{"data":"Searing Blow+5","floor":25,"key":"SMITH"},{"data":"Searing Blow+7","floor":32,"key":"SMITH"}],"neow_cost":"NONE","seed_source_timestamp":46582408611727,"circlet_count":0,"master_deck":["Strike_R","Strike_R","Strike_R","Strike_R","Strike_R","Defend_R","Defend_R","Defend_R","Bash","Searing Blow+8","Clash","Battle Trance","Deep Breath","Iron Wave","Armaments+1","Infernal Blade","Perfected Strike","Ghostly Armor"],"relics":["Burning Blood","NeowsBlessing","Orichalcum","Pen Nib","Odd Mushroom","Philosopher\u0027s Stone","Bottled Flame"],"potions_floor_usage":[16,27,29],"damage_taken":[{"damage":0,"enemies":"2 Louse","floor":1,"turns":1},{"damage":0,"enemies":"Cultist","floor":5,"turns":1},{"damage":0,"enemies":"The Mushroom Lair","floor":10,"turns":2},{"damage":6,"enemies":"Small Slimes","floor":11,"turns":3},{"damage":2,"enemies":"Blue Slaver","floor":13,"turns":2},{"damage":20,"enemies":"Slime Boss","floor":16,"turns":7},{"damage":19,"enemies":"Shell Parasite","floor":18,"turns":4},{"damage":12,"enemies":"2 Thieves","floor":21,"turns":3},{"damage":0,"enemies":"Cultist and Chosen","floor":24,"turns":2},{"damage":15,"enemies":"Shelled Parasite and Fungi","floor":27,"turns":4},{"damage":9,"enemies":"Centurion and Healer","floor":28,"turns":3},{"damage":4,"enemies":"3 Cultists","floor":29,"turns":4},{"damage":86,"enemies":"Automaton","floor":33,"turns":6}],"seed_played":"1491212732720627526","potions_obtained":[{"floor":1,"key":"LiquidBronze"},{"floor":10,"key":"SpeedPotion"},{"floor":18,"key":"SteroidPotion"},{"floor":21,"key":"AttackPotion"},{"floor":28,"key":"Swift Potion"}],"is_trial":false,"path_per_floor":["M","?","$","T","M","R","$","R","T","?","M","R","M","$","R","B",null,"M","$","?","M","$","R","M","R","T","M","M","M","?","?","R","B"],"character_chosen":"IRONCLAD","items_purchased":["Clash","Deep Breath"],"campfire_rested":0,"item_purchase_floors":[3,7],"current_hp_per_floor":[80,80,80,80,80,80,80,80,80,80,80,80,80,80,80,66,80,67,67,67,61,61,61,67,67,67,58,55,57,80,80,80,0],"gold":204,"neow_bonus":"THREE_ENEMY_KILL","is_prod":false,"is_daily":false,"chose_seed":false,"campfire_upgraded":7,"win_rate":0.0,"timestamp":1562489330,"path_taken":["M","?","$","?","M","R","$","R","T","?","M","R","M","$","R","BOSS","M","$","?","M","?","R","M","R","T","M","M","?","?","?","R","BOSS"],"build_version":"2019-07-05","purchased_purges":1,"victory":false,"max_hp_per_floor":[80,80,80,80,80,80,80,80,80,80,80,80,80,80,80,80,80,80,80,80,80,80,80,80,80,80,80,80,80,80,80,80,80],"card_choices":[{"not_picked":["Fire Breathing","Twin Strike"],"picked":"Searing Blow","floor":1},{"not_picked":["Warcry","Shrug It Off"],"picked":"Battle Trance","floor":5},{"not_picked":["Perfected Strike","Shrug It Off"],"picked":"Iron Wave","floor":11},{"not_picked":["Searing Blow","Pommel Strike"],"picked":"Armaments","floor":13},{"not_picked":["Limit Break","Brutality"],"picked":"Fiend Fire","floor":16},{"not_picked":["Heavy Blade","Iron Wave","Seeing Red"],"picked":"SKIP","floor":18},{"not_picked":["Headbutt","True Grit","Shrug It Off"],"picked":"SKIP","floor":21},{"not_picked":["Pommel Strike","Pummel"],"picked":"Perfected Strike","floor":24},{"not_picked":["Fire Breathing+1","Power Through+1","Pommel Strike"],"picked":"SKIP","floor":27},{"not_picked":["Clash","Hemokinesis","Shrug It Off"],"picked":"SKIP","floor":28},{"not_picked":["Spot Weakness+1","Iron Wave"],"picked":"Ghostly Armor","floor":29}],"player_experience":11239,"relics_obtained":[{"floor":4,"key":"Orichalcum"},{"floor":9,"key":"Pen Nib"},{"floor":10,"key":"Odd Mushroom"},{"floor":26,"key":"Bottled Flame"}],"event_choices":[{"damage_healed":0,"gold_gain":0,"player_choice":"Forge","damage_taken":0,"max_hp_gain":0,"max_hp_loss":0,"event_name":"Accursed Blacksmith","floor":2,"gold_loss":0,"cards_upgraded":["Searing Blow"]},{"damage_healed":0,"gold_gain":0,"player_choice":"Fought Mushrooms","damage_taken":0,"max_hp_gain":0,"max_hp_loss":0,"event_name":"Mushrooms","floor":10,"gold_loss":0},{"damage_healed":0,"gold_gain":0,"cards_transformed":["Fiend Fire"],"player_choice":"Transformed","damage_taken":0,"max_hp_gain":0,"max_hp_loss":0,"event_name":"Transmorgrifier","floor":20,"gold_loss":0,"cards_obtained":["Infernal Blade"]},{"damage_healed":26,"gold_gain":0,"player_choice":"Heal","damage_taken":0,"max_hp_gain":0,"max_hp_loss":0,"event_name":"The Library","floor":30,"gold_loss":0},{"damage_healed":0,"gold_gain":0,"player_choice":"Upgraded","damage_taken":0,"max_hp_gain":0,"max_hp_loss":0,"event_name":"Upgrade Shrine","floor":31,"gold_loss":0,"cards_upgraded":["Searing Blow"]}],"is_beta":false,"boss_relics":[{"not_picked":["Orrery","Calling Bell"],"picked":"Philosopher\u0027s Stone"}],"items_purged_floors":[14],"is_endless":false,"potions_floor_spawned":[1,10,18,21,28],"killed_by":"Automaton","ascension_level":0}