{"gold_per_floor":[109,109,125,15,32,46,60,71,153,153,6,64,64,94,94,190,190,200,100,100,113,133,133,149,149,174,49,60,73,34,34,34,133,133,151,151,251,251,101,118,168,168,168,183,200,200,25,43,43,43],"floor_reached":51,"playtime":7728,"items_purged":["Strike_R","Strike_R","Strike_R","Writhe","Defend_R"],"score":624,"play_id":"32f301a9-53c2-4568-8e74-8f1ef635e58e","local_time":"20190112230852","is_ascension_mode":false,"campfire_choices":[{"data":"Spot Weakness","floor":13,"key":"SMITH"},{"data":"Brutality","floor":15,"key":"SMITH"},{"data":"Armaments","floor":23,"key":"SMITH"},{"floor":25,"key":"REST"},{"data":"Heavy Blade","floor":32,"key":"SMITH"},{"data":"Bloodletting","floor":42,"key":"SMITH"},{"floor":46,"key":"REST"},{"data":"Pommel Strike","floor":49,"key":"SMITH"}],"neow_cost":"NONE","seed_source_timestamp":262235711377340,"circlet_count":0,"master_deck":["Strike_R","Strike_R","Defend_R","Defend_R","Bash","Cleave+1","Twin Strike","Spot Weakness+1","Armaments+1","Searing Blow","Ghostly Armor","Shrug It Off","Brutality+1","Inflame","Demon Form","Rupture","Iron Wave","Cleave","Flex","Heavy Blade+1","Bloodletting+1","Inflame","Reaper","Seeing Red+1","Pummel+1","Ghostly Armor+1","Iron Wave+1","Pommel Strike+1","Parasite","Pommel Strike+1"],"relics":["Burning Blood","Bag of Preparation","Mercury Hourglass","Dream Catcher","Champion Belt","Sozu","Lantern","Regal Pillow","Letter Opener","Cursed Key","Charon\u0027s Ashes","Prayer Wheel"],"potions_floor_usage":[14,50,50],"damage_taken":[{"damage":8,"enemies":"2 Louse","floor":1,"turns":3},{"damage":1,"enemies":"Cultist","floor":3,"turns":3},{"damage":3,"enemies":"Jaw Worm","floor":5,"turns":3},{"damage":0,"enemies":"Large Slime","floor":6,"turns":4},{"damage":11,"enemies":"Red Slaver","floor":7,"turns":3},{"damage":0,"enemies":"Lots of Slimes","floor":8,"turns":1},{"damage":6,"enemies":"3 Sentries","floor":12,"turns":4},{"damage":19,"enemies":"Gremlin Nob","floor":14,"turns":4},{"damage":39,"enemies":"The Guardian","floor":16,"turns":8},{"damage":13,"enemies":"3 Byrds","floor":18,"turns":4},{"damage":17,"enemies":"Spheric Guardian","floor":21,"turns":4},{"damage":4,"enemies":"Chosen and Byrds","floor":22,"turns":5},{"damage":20,"enemies":"Sentry and Sphere","floor":24,"turns":4},{"damage":3,"enemies":"Snecko","floor":28,"turns":4},{"damage":13,"enemies":"Cultist and Chosen","floor":29,"turns":4},{"damage":54,"enemies":"Collector","floor":33,"turns":7},{"damage":2,"enemies":"3 Darklings","floor":35,"turns":3},{"damage":4,"enemies":"Mind Bloom Boss Battle","floor":37,"turns":5},{"damage":19,"enemies":"3 Shapes","floor":40,"turns":3},{"damage":33,"enemies":"2 Orb Walkers","floor":41,"turns":4},{"damage":44,"enemies":"Spire Growth","floor":44,"turns":5},{"damage":4,"enemies":"3 Darklings","floor":45,"turns":3},{"damage":2,"enemies":"Writhing Mass","floor":48,"turns":3},{"damage":70,"enemies":"Awakened One","floor":50,"turns":8}],"seed_played":"8503712777935661618","potions_obtained":[{"floor":3,"key":"BloodPotion"},{"floor":5,"key":"Weak Potion"},{"floor":8,"key":"Dexterity Potion"},{"floor":14,"key":"Ancient Potion"}],"is_trial":false,"path_per_floor":["M","?","M","$","M","M","M","M","T","?","$","?","R","E","R","B",null,"M","$","?","M","M","R","M","R","T","$","M","M","$","?","R","B",null,"M","?","?","?","$","M","?","R","T","M","M","R","$","M","R","B",null],"character_chosen":"IRONCLAD","items_purchased":["Spot Weakness","Brutality","Inflame"],"campfire_rested":2,"item_purchase_floors":[4,11,30],"current_hp_per_floor":[78,78,80,80,80,80,75,80,80,73,73,73,73,60,60,27,80,73,73,73,62,64,64,50,74,74,74,77,70,70,70,70,22,80,80,80,80,80,80,67,55,55,55,17,19,58,58,62,62,24],"gold":43,"neow_bonus":"RANDOM_COMMON_RELIC","is_prod":false,"is_daily":false,"chose_seed":false,"campfire_upgraded":6,"win_rate":0,"timestamp":1547330932,"path_taken":["M","?","?","$","M","M","M","M","T","?","$","?","R","E","R","BOSS","M","$","?","M","M","R","?","R","T","$","?","M","?","?","R","BOSS","M","?","?","?","$","M","?","R","T","M","M","R","$","M","R","BOSS"],"build_version":"2019-01-10","purchased_purges":5,"victory":true,"max_hp_per_floor":[80,80,80,80,80,80,80,80,80,80,80,80,80,80,80,80,80,80,80,80,80,80,80,80,80,80,80,80,80,80,80,80,80,80,80,80,80,80,80,80,80,80,80,80,80,80,80,80,80,80],"card_choices":[{"not_picked":["Havoc","Warcry"],"picked":"Cleave","floor":1},{"not_picked":["Second Wind","Anger"],"picked":"Twin Strike","floor":3},{"not_picked":["Rupture","Infernal Blade"],"picked":"Armaments","floor":5},{"not_picked":["Whirlwind","Perfected Strike"],"picked":"Searing Blow","floor":6},{"not_picked":["Flame Barrier","Clothesline"],"picked":"Ghostly Armor","floor":7},{"not_picked":["Havoc","Warcry"],"picked":"Shrug It Off","floor":8},{"not_picked":["Searing Blow","Warcry"],"picked":"Inflame","floor":12},{"not_picked":["Shockwave","Warcry","Entrench"],"picked":"SKIP","floor":14},{"not_picked":["Juggernaut","Fiend Fire"],"picked":"Demon Form","floor":16},{"not_picked":["Thunderclap","Armaments"],"picked":"Rupture","floor":18},{"not_picked":["Warcry","Power Through","Fiend Fire"],"picked":"SKIP","floor":21},{"not_picked":["Shrug It Off","Armaments"],"picked":"Iron Wave","floor":22},{"not_picked":["Shrug It Off","Combust"],"picked":"Cleave","floor":24},{"not_picked":["Clash","Headbutt"],"picked":"Flex","floor":25},{"not_picked":["Berserk","Shockwave"],"picked":"Heavy Blade","floor":28},{"not_picked":["Entrench","Dual Wield"],"picked":"Bloodletting","floor":29},{"not_picked":["Juggernaut","Immolate"],"picked":"Reaper","floor":33},{"not_picked":["Burning Pact+1","Clash"],"picked":"Seeing Red+1","floor":35},{"not_picked":["Perfected Strike","Warcry","Clothesline+1"],"picked":"SKIP","floor":40},{"not_picked":["Cleave","Anger"],"picked":"Pummel+1","floor":44},{"not_picked":["Clash+1","Disarm+1"],"picked":"Ghostly Armor+1","floor":44},{"not_picked":["Carnage","Barricade"],"picked":"Iron Wave+1","floor":45},{"not_picked":["Feel No Pain+1","Warcry","Seeing Red+1"],"picked":"SKIP","floor":45},{"not_picked":["Ghostly Armor","Clash+1"],"picked":"Pommel Strike","floor":46},{"not_picked":["True Grit+1","Iron Wave"],"picked":"Pommel Strike+1","floor":48},{"not_picked":["Twin Strike+1","Entrench+1","Uppercut"],"picked":"SKIP","floor":48}],"player_experience":67001,"relics_obtained":[{"floor":9,"key":"Mercury Hourglass"},{"floor":14,"key":"Champion Belt"},{"floor":26,"key":"Regal Pillow"},{"floor":37,"key":"Charon\u0027s Ashes"},{"floor":41,"key":"Prayer Wheel"}],"event_choices":[{"damage_healed":0,"gold_gain":0,"player_choice":"Forge","damage_taken":0,"max_hp_gain":0,"max_hp_loss":0,"event_name":"Accursed Blacksmith","floor":2,"gold_loss":0,"cards_upgraded":["Cleave"]},{"cards_removed":["Defend_R"],"damage_healed":0,"gold_gain":0,"player_choice":"Card Removal","damage_taken":7,"max_hp_gain":0,"max_hp_loss":0,"event_name":"Golden Wing","floor":10,"gold_loss":0},{"damage_healed":0,"gold_gain":0,"player_choice":"Searched \u00272\u0027 times","damage_taken":0,"relics_obtained":["Dream Catcher"],"max_hp_gain":0,"max_hp_loss":0,"event_name":"Dead Adventurer","floor":12,"gold_loss":0},{"damage_healed":0,"gold_gain":0,"player_choice":"Gave Potion","damage_taken":0,"relics_obtained":["Lantern"],"max_hp_gain":0,"max_hp_loss":0,"event_name":"WeMeetAgain","floor":20,"gold_loss":0},{"damage_healed":0,"gold_gain":0,"player_choice":"Opened","damage_taken":0,"relics_obtained":["Letter Opener"],"max_hp_gain":0,"max_hp_loss":0,"event_name":"The Mausoleum","floor":31,"gold_loss":0,"cards_obtained":["Writhe"]},{"damage_healed":0,"gold_gain":0,"player_choice":"Ignored","damage_taken":0,"max_hp_gain":0,"max_hp_loss":0,"event_name":"Tomb of Lord Red Mask","floor":36,"gold_loss":0},{"damage_healed":0,"gold_gain":0,"player_choice":"Fight","damage_taken":0,"max_hp_gain":0,"max_hp_loss":0,"event_name":"MindBloom","floor":37,"gold_loss":0},{"damage_healed":0,"gold_gain":0,"player_choice":"Memory 1","damage_taken":0,"max_hp_gain":0,"max_hp_loss":0,"event_name":"SensoryStone","floor":38,"gold_loss":0},{"damage_healed":0,"gold_gain":0,"player_choice":"Fight","damage_taken":0,"max_hp_gain":0,"max_hp_loss":0,"event_name":"Mysterious Sphere","floor":41,"gold_loss":0}],"is_beta":false,"boss_relics":[{"not_picked":["Black Star","Eternal Feather"],"picked":"Sozu"},{"not_picked":["Calling Bell","Philosopher\u0027s Stone"],"picked":"Cursed Key"}],"items_purged_floors":[4,19,27,39,47],"is_endless":false,"potions_floor_spawned":[3,5,8,14,28,29,33,37,45],"ascension_level":0}