{"gold_per_floor":[14,14,27,27,43,43,318,334,334,55,71,84,113,125,125,230,230,249,249,262,273,104,129,129,144,192,209,219,229,229,244,244,340,340,358,165,165,179,1178,1178,321,321,321,0,0,17,17,27,27,27],"floor_reached":50,"playtime":2286,"items_purged":["Regret","Strike_G","Strike_G","Normality"],"score":493,"play_id":"4239d5e7-b776-490c-9143-2114feceb293","local_time":"20190720164325","is_ascension_mode":false,"campfire_choices":[{"data":"Crippling Poison","floor":6,"key":"SMITH"},{"data":"Noxious Fumes","floor":15,"key":"SMITH"},{"floor":24,"key":"REST"},{"floor":30,"key":"REST"},{"floor":32,"key":"REST"},{"floor":40,"key":"REST"},{"data":"Noxious Fumes","floor":42,"key":"SMITH"},{"floor":49,"key":"REST"}],"neow_cost":"NO_GOLD","seed_source_timestamp":489577072870646,"circlet_count":0,"master_deck":["Strike_G","Strike_G","Defend_G","Defend_G","Defend_G","Defend_G","Survivor","Neutralize","Prepared","Flying Knee","Crippling Poison+1","Noxious Fumes+1","Acrobatics","Deadly Poison","Backflip","Corpse Explosion","PiercingWail","Backflip","Bane","Noxious Fumes+1","Poisoned Stab+1","Deadly Poison+1","Deadly Poison+1","Poisoned Stab","Malaise","Poisoned Stab+1","Backstab","Normality"],"relics":["Ring of the Snake","Dead Branch","Ginger","TwistedFunnel","Pocketwatch","Runic Pyramid","Gremlin Horn","Snake Skull","Busted Crown","Darkstone Periapt","Sling","Question Card","Blue Candle","Red Mask"],"potions_floor_usage":[8,16,18,21,23,23,27,33,48,50],"damage_taken":[{"damage":0,"enemies":"Small Slimes","floor":1,"turns":5},{"damage":0,"enemies":"2 Louse","floor":3,"turns":3},{"damage":0,"enemies":"Cultist","floor":5,"turns":4},{"damage":5,"enemies":"Exordium Thugs","floor":8,"turns":4},{"damage":0,"enemies":"Lots of Slimes","floor":11,"turns":1},{"damage":0,"enemies":"Looter","floor":12,"turns":3},{"damage":13,"enemies":"Lagavulin","floor":13,"turns":6},{"damage":5,"enemies":"Blue Slaver","floor":14,"turns":3},{"damage":14,"enemies":"Hexaghost","floor":16,"turns":9},{"damage":14,"enemies":"Spheric Guardian","floor":18,"turns":4},{"damage":2,"enemies":"3 Byrds","floor":20,"turns":3},{"damage":1,"enemies":"Snecko","floor":21,"turns":4},{"damage":21,"enemies":"Slavers","floor":23,"turns":3},{"damage":0,"enemies":"Cultist and Chosen","floor":25,"turns":4},{"damage":15,"enemies":"Snake Plant","floor":27,"turns":4},{"damage":0,"enemies":"3 Cultists","floor":28,"turns":2},{"damage":22,"enemies":"Snecko","floor":29,"turns":4},{"damage":0,"enemies":"Centurion and Healer","floor":31,"turns":3},{"damage":16,"enemies":"Collector","floor":33,"turns":6},{"damage":18,"enemies":"3 Shapes","floor":35,"turns":2},{"damage":4,"enemies":"Orb Walker","floor":38,"turns":3},{"damage":56,"enemies":"Transient","floor":46,"turns":5},{"damage":1,"enemies":"Sphere and 2 Shapes","floor":48,"turns":3},{"damage":37,"enemies":"Donu and Deca","floor":50,"turns":4}],"seed_played":"5201796262215642663","potions_obtained":[{"floor":1,"key":"Energy Potion"},{"floor":5,"key":"Ancient Potion"},{"floor":11,"key":"Regen Potion"},{"floor":13,"key":"Explosive Potion"},{"floor":16,"key":"Swift Potion"},{"floor":18,"key":"Energy Potion"},{"floor":19,"key":"Fire Potion"},{"floor":20,"key":"PowerPotion"},{"floor":25,"key":"Regen Potion"},{"floor":31,"key":"Block Potion"},{"floor":33,"key":"FearPotion"},{"floor":38,"key":"FairyPotion"},{"floor":46,"key":"Explosive Potion"}],"is_trial":false,"path_per_floor":["M","?","M","$","M","R","?","M","T","$","M","M","E","M","R","B",null,"M","?","M","M","$","E","R","M","T","M","M","M","R","M","R","B",null,"M","$","?","M","?","R","$","R","T","?","?","M","?","M","R","B"],"character_chosen":"THE_SILENT","items_purchased":["TwistedFunnel","Noxious Fumes","Backstab","Darkstone Periapt","Sling","Question Card"],"campfire_rested":5,"item_purchase_floors":[10,22,36,41,41,41],"current_hp_per_floor":[70,70,70,70,70,70,70,65,65,65,65,65,52,47,47,48,70,56,56,54,53,53,32,53,53,53,47,47,25,46,46,67,51,70,52,52,52,48,48,69,69,69,69,69,66,10,10,9,28,0],"gold":27,"neow_bonus":"ONE_RARE_RELIC","is_prod":false,"is_daily":false,"chose_seed":false,"campfire_upgraded":3,"win_rate":0.0,"timestamp":1563655405,"path_taken":["M","?","M","$","M","R","?","M","T","$","M","?","E","M","R","BOSS","M","?","M","?","$","E","R","M","T","M","M","M","R","M","R","BOSS","M","$","?","M","?","R","$","R","T","?","?","?","?","M","R","BOSS"],"build_version":"2019-07-17","purchased_purges":4,"victory":false,"max_hp_per_floor":[70,70,70,70,70,70,70,70,70,70,70,70,70,70,70,70,70,70,70,70,70,70,70,70,70,70,70,70,70,70,70,70,70,70,70,70,70,70,70,70,70,70,70,70,66,66,66,66,66,66],"card_choices":[{"not_picked":["Tactician","Outmaneuver"],"picked":"Prepared","floor":1},{"not_picked":["Sucker Punch","Prepared"],"picked":"Flying Knee","floor":3},{"not_picked":["Prepared","Predator"],"picked":"Crippling Poison","floor":5},{"not_picked":["Blade Dance","Blur"],"picked":"Noxious Fumes","floor":8},{"not_picked":["Masterful Stab","Underhanded Strike"],"picked":"Acrobatics","floor":11},{"not_picked":["Backflip","Tools of the Trade"],"picked":"Deadly Poison","floor":12},{"not_picked":["Predator","Sucker Punch"],"picked":"Backflip","floor":13},{"not_picked":["Dodge and Roll","Masterful Stab","Underhanded Strike"],"picked":"SKIP","floor":14},{"not_picked":["Malaise","Tools of the Trade"],"picked":"Corpse Explosion","floor":16},{"not_picked":["Sucker Punch+1","Terror"],"picked":"PiercingWail","floor":18},{"not_picked":["Flechettes","Blade Dance+1"],"picked":"Backflip","floor":20},{"not_picked":["Endless Agony","Terror"],"picked":"Bane","floor":21},{"not_picked":["Outmaneuver","Eviscerate"],"picked":"Poisoned Stab+1","floor":23},{"not_picked":["Heel Hook","Blade Dance"],"picked":"Deadly Poison+1","floor":25},{"not_picked":["Masterful Stab+1","Infinite Blades"],"picked":"Deadly Poison+1","floor":27},{"not_picked":["Footwork","Choke"],"picked":"Poisoned Stab","floor":28},{"not_picked":["Burst","PiercingWail","Blur+1"],"picked":"SKIP","floor":29},{"not_picked":["Riddle With Holes+1","Dagger Throw","Flying Knee"],"picked":"SKIP","floor":31},{"not_picked":["Wraith Form v2","Night Terror"],"picked":"Malaise","floor":33},{"not_picked":[],"picked":"Poisoned Stab+1","floor":35},{"not_picked":["Dagger Throw+1"],"picked":"SKIP","floor":38},{"not_picked":["Backflip","Expertise"],"picked":"SKIP","floor":46},{"not_picked":["Catalyst+1","Slice"],"picked":"SKIP","floor":48}],"player_experience":48764,"relics_obtained":[{"floor":9,"key":"Ginger"},{"floor":13,"key":"Pocketwatch"},{"floor":23,"key":"Gremlin Horn"},{"floor":26,"key":"Snake Skull"},{"floor":43,"key":"Blue Candle"}],"event_choices":[{"cards_removed":["Strike_G"],"damage_healed":0,"gold_gain":0,"player_choice":"Forget","damage_taken":0,"max_hp_gain":0,"max_hp_loss":0,"event_name":"Living Wall","floor":2,"gold_loss":0},{"damage_healed":0,"gold_gain":275,"player_choice":"Desecrate","damage_taken":0,"max_hp_gain":0,"max_hp_loss":0,"event_name":"Golden Shrine","floor":7,"gold_loss":0,"cards_obtained":["Regret"]},{"damage_healed":0,"gold_gain":0,"player_choice":"Got Potions","damage_taken":0,"max_hp_gain":0,"max_hp_loss":0,"event_name":"Lab","floor":19,"gold_loss":0},{"damage_healed":0,"gold_gain":0,"player_choice":"Ignored","damage_taken":0,"max_hp_gain":0,"max_hp_loss":0,"event_name":"Mysterious Sphere","floor":37,"gold_loss":0},{"damage_healed":0,"gold_gain":999,"player_choice":"Gold","damage_taken":0,"max_hp_gain":0,"max_hp_loss":0,"event_name":"MindBloom","floor":39,"gold_loss":0,"cards_obtained":["Normality","Normality"]},{"damage_healed":0,"gold_gain":0,"player_choice":"Paid","damage_taken":0,"relics_obtained":["Red Mask"],"max_hp_gain":0,"max_hp_loss":0,"event_name":"Tomb of Lord Red Mask","floor":44,"gold_loss":321},{"damage_healed":0,"gold_gain":0,"player_choice":"Max HP","damage_taken":0,"max_hp_gain":0,"max_hp_loss":4,"event_name":"Winding Halls","floor":45,"gold_loss":0},{"cards_removed":["Defend_G"],"damage_healed":0,"gold_gain":0,"player_choice":"Removed Skill","damage_taken":0,"max_hp_gain":0,"max_hp_loss":0,"event_name":"Falling","floor":47,"gold_loss":0}],"is_beta":false,"boss_relics":[{"not_picked":["Tiny House","White Beast Statue"],"picked":"Runic Pyramid"},{"not_picked":["Sozu","Velvet Choker"],"picked":"Busted Crown"}],"items_purged_floors":[10,22,36,41],"is_endless":false,"potions_floor_spawned":[1,5,11,13,16,18,20,25,31,33,38,46],"killed_by":"Donu and Deca","ascension_level":0}