{"gold_per_floor":[115,40,40,54,67,67,67,77,77,89,108,108,142,172,184,196],"floor_reached":16,"playtime":604,"items_purged":["Dualcast"],"score":104,"play_id":"8136b7eb-eb41-4224-8ef8-becc052e1129","local_time":"20190724210525","is_ascension_mode":false,"campfire_choices":[{"data":"Turbo","floor":6,"key":"SMITH"},{"data":"Recycle","floor":15,"key":"SMITH"}],"neow_cost":"NONE","seed_source_timestamp":189591916809396,"circlet_count":0,"master_deck":["Strike_B","Strike_B","Strike_B","Strike_B","Defend_B","Defend_B","Defend_B","Defend_B","Zap","Seek","Hologram","Turbo+1","Conserve Battery","Steam","Multi-Cast","Turbo+1","Recycle+1","Glacier"],"relics":["Cracked Core","Gremlin Horn","MawBank"],"potions_floor_usage":[4,16],"damage_taken":[{"damage":0,"enemies":"Small Slimes","floor":1,"turns":3},{"damage":2,"enemies":"Jaw Worm","floor":4,"turns":4},{"damage":0,"enemies":"Cultist","floor":5,"turns":3},{"damage":9,"enemies":"2 Fungi Beasts","floor":8,"turns":3},{"damage":4,"enemies":"Exordium Thugs","floor":10,"turns":5},{"damage":0,"enemies":"3 Louse","floor":11,"turns":2},{"damage":14,"enemies":"Lagavulin","floor":13,"turns":6},{"damage":0,"enemies":"2 Fungi Beasts","floor":14,"turns":4},{"damage":68,"enemies":"The Guardian","floor":16,"turns":11}],"seed_played":"-7884044182125515340","potions_obtained":[{"floor":1,"key":"GamblersBrew"},{"floor":5,"key":"Regen Potion"},{"floor":14,"key":"Ancient Potion"}],"is_trial":false,"path_per_floor":["M","$","?","M","M","R","$","M","T","M","M","?","E","M","R","B"],"character_chosen":"DEFECT","items_purchased":[],"campfire_rested":0,"item_purchase_floors":[],"current_hp_per_floor":[75,75,80,78,78,78,78,69,69,65,65,65,51,51,51,0],"gold":196,"neow_bonus":"ONE_RANDOM_RARE_CARD","is_prod":false,"is_daily":false,"chose_seed":false,"campfire_upgraded":2,"win_rate":0,"timestamp":1564016725,"path_taken":["M","$","?","M","M","R","$","M","T","M","M","?","E","?","R","BOSS"],"build_version":"2019-07-17","purchased_purges":1,"victory":false,"max_hp_per_floor":[75,75,80,80,80,80,80,80,80,80,80,80,80,80,80,80],"card_choices":[{"not_picked":["Tempest","Stack"],"picked":"Hologram","floor":1},{"not_picked":["Cold Snap","Sweeping Beam"],"picked":"Turbo","floor":4},{"not_picked":["Rebound","Coolheaded"],"picked":"Conserve Battery","floor":5},{"not_picked":["Barrage","Go for the Eyes"],"picked":"Steam","floor":8},{"not_picked":["Doom and Gloom","Cold Snap"],"picked":"Multi-Cast","floor":10},{"not_picked":["Cold Snap","Reinforced Body"],"picked":"Turbo","floor":11},{"not_picked":["Glacier","Compile Driver"],"picked":"Recycle","floor":13},{"not_picked":["Stack","Melter"],"picked":"Glacier","floor":14}],"player_experience":124237,"relics_obtained":[{"floor":9,"key":"Gremlin Horn"},{"floor":13,"key":"MawBank"}],"event_choices":[{"damage_healed":0,"gold_gain":0,"player_choice":"Donut","damage_taken":0,"max_hp_gain":5,"max_hp_loss":0,"event_name":"Big Fish","floor":3,"gold_loss":0},{"damage_healed":0,"gold_gain":0,"player_choice":"Upgraded","damage_taken":0,"max_hp_gain":0,"max_hp_loss":0,"event_name":"Upgrade Shrine","floor":12,"gold_loss":0,"cards_upgraded":["Turbo"]}],"is_beta":false,"boss_relics":[],"items_purged_floors":[2],"is_endless":false,"potions_floor_spawned":[1,5,14],"killed_by":"The Guardian","ascension_level":0}