{"gold_per_floor":[119,44,64,139,139,139,156,156,156,156,156,183,239,239,239,337,337,355,355,390,118,128,128,143,143,166,185,185,110,129,145,145,240,240,257,167,5,24,24,24,44,44,44,60,282,282,298,311,311,311],"floor_reached":50,"playtime":3035,"items_purged":["Strike_B","Strike_B"],"score":465,"play_id":"60a85910-9cdc-4689-91c7-ea950667769e","local_time":"20190712020808","is_ascension_mode":false,"campfire_choices":[{"data":"Loop","floor":6,"key":"SMITH"},{"data":"Zap","floor":8,"key":"SMITH"},{"data":"Lockon","floor":10,"key":"SMITH"},{"floor":15,"key":"REST"},{"data":"Dualcast","floor":23,"key":"SMITH"},{"floor":28,"key":"REST"},{"floor":32,"key":"REST"},{"data":"Barrage","floor":40,"key":"SMITH"},{"data":"Electrodynamics","floor":42,"key":"SMITH"},{"floor":46,"key":"REST"},{"floor":49,"key":"REST"}],"neow_cost":"NONE","seed_source_timestamp":30658673353907,"circlet_count":0,"master_deck":["Strike_B","Defend_B+1","Defend_B","Zap+1","Dualcast+1","Blizzard","Loop+1","Gash","Lockon+1","Ball Lightning","Glacier+1","Ball Lightning+1","Beam Cell+1","Gash","Good Instincts","Melter","Go for the Eyes+1","Leap","Streamline+1","Hologram+1","Gash+1","Electrodynamics+1","Ball Lightning+1","Barrage+1","Gash","Streamline+1","Self Repair+1","Go for the Eyes+1","Cold Snap","Rebound+1"],"relics":["Cracked Core","NeowsBlessing","Juzu Bracelet","Torii","Matryoshka","Philosopher\u0027s Stone","Red Mask","The Courier","Bag of Marbles","Cursed Key"],"potions_floor_usage":[12,20,20,27,33,35,41,47,50],"damage_taken":[{"damage":0,"enemies":"Jaw Worm","floor":1,"turns":1},{"damage":0,"enemies":"Small Slimes","floor":3,"turns":1},{"damage":0,"enemies":"Cultist","floor":7,"turns":1},{"damage":26,"enemies":"Lagavulin","floor":12,"turns":4},{"damage":24,"enemies":"Lagavulin Event","floor":13,"turns":4},{"damage":19,"enemies":"Slime Boss","floor":16,"turns":6},{"damage":1,"enemies":"Chosen","floor":18,"turns":5},{"damage":26,"enemies":"Masked Bandits","floor":20,"turns":5},{"damage":0,"enemies":"Spheric Guardian","floor":22,"turns":1},{"damage":23,"enemies":"Snecko","floor":24,"turns":6},{"damage":1,"enemies":"Centurion and Healer","floor":27,"turns":5},{"damage":14,"enemies":"Snake Plant","floor":30,"turns":3},{"damage":1,"enemies":"Cultist and Chosen","floor":31,"turns":5},{"damage":40,"enemies":"Champ","floor":33,"turns":13},{"damage":28,"enemies":"3 Darklings","floor":35,"turns":5},{"damage":6,"enemies":"Orb Walker","floor":38,"turns":3},{"damage":12,"enemies":"3 Darklings","floor":41,"turns":3},{"damage":19,"enemies":"4 Shapes","floor":44,"turns":3},{"damage":29,"enemies":"Transient","floor":47,"turns":5},{"damage":8,"enemies":"3 Darklings","floor":48,"turns":6},{"damage":63,"enemies":"Donu and Deca","floor":50,"turns":4}],"seed_played":"4731708364585727575","potions_obtained":[{"floor":1,"key":"Regen Potion"},{"floor":13,"key":"FocusPotion"},{"floor":16,"key":"Block Potion"},{"floor":24,"key":"Explosive Potion"},{"floor":27,"key":"Ancient Potion"},{"floor":31,"key":"SkillPotion"},{"floor":33,"key":"Swift Potion"},{"floor":38,"key":"Poison Potion"},{"floor":39,"key":"Energy Potion"},{"floor":39,"key":"Block Potion"},{"floor":41,"key":"GamblersBrew"},{"floor":44,"key":"Strength Potion"},{"floor":48,"key":"AttackPotion"}],"is_trial":false,"path_per_floor":["M","$","M","?","?","R","M","R","T","R","?","E","?","?","R","B",null,"M","?","?","$","M","R","M","?","T","M","R","?","M","M","R","B",null,"M","?","$","M","?","R","M","R","T","M","?","R","M","M","R","B"],"character_chosen":"DEFECT","items_purchased":["Loop","Gash","Good Instincts","Melter","Barrage","Gash"],"campfire_rested":5,"item_purchase_floors":[2,21,21,21,37,37],"current_hp_per_floor":[75,75,75,64,69,69,69,69,69,69,62,48,24,24,48,29,80,79,79,53,53,53,53,30,30,30,29,53,53,39,38,62,22,80,52,52,52,46,46,46,34,34,34,25,25,49,30,32,56,0],"gold":311,"neow_bonus":"THREE_ENEMY_KILL","is_prod":false,"is_daily":false,"chose_seed":false,"campfire_upgraded":6,"win_rate":0.0,"timestamp":1562915288,"path_taken":["M","$","M","?","?","R","?","R","T","R","?","E","?","?","R","BOSS","M","?","?","$","M","R","M","?","T","M","R","?","M","M","R","BOSS","M","?","$","M","?","R","M","R","T","M","?","R","M","M","R","BOSS"],"build_version":"2019-07-05","purchased_purges":2,"victory":false,"max_hp_per_floor":[75,75,75,75,80,80,80,80,80,80,80,80,80,80,80,80,80,80,80,80,80,80,80,80,80,80,80,80,80,80,80,80,80,80,80,80,80,80,80,80,80,80,80,80,80,80,80,80,80,80],"card_choices":[{"not_picked":["Stack","Steam"],"picked":"Blizzard","floor":1},{"not_picked":["Beam Cell","Hello World"],"picked":"Gash","floor":3},{"not_picked":["Doom and Gloom","Steam"],"picked":"Lockon","floor":7},{"not_picked":["Steam","Creative AI"],"picked":"Ball Lightning","floor":12},{"not_picked":["Conserve Battery","Go for the Eyes"],"picked":"Glacier","floor":13},{"not_picked":["Steam+1","Barrage"],"picked":"Ball Lightning+1","floor":18},{"not_picked":["Doom and Gloom","Redo"],"picked":"Beam Cell+1","floor":20},{"not_picked":["Rebound","Capacitor"],"picked":"Go for the Eyes+1","floor":22},{"not_picked":["Consume","Reboot"],"picked":"Leap","floor":24},{"not_picked":["Darkness","Compile Driver+1"],"picked":"Streamline+1","floor":27},{"not_picked":["Beam Cell","Force Field+1"],"picked":"Hologram+1","floor":30},{"not_picked":["Reprogram","Beam Cell"],"picked":"Gash+1","floor":31},{"not_picked":["Biased Cognition","Buffer"],"picked":"Electrodynamics","floor":33},{"not_picked":["Lockon+1","Leap+1"],"picked":"Ball Lightning+1","floor":35},{"not_picked":["Double Energy+1","Lockon"],"picked":"Streamline+1","floor":38},{"not_picked":["Hologram","Redo+1"],"picked":"Self Repair+1","floor":41},{"not_picked":["Stack+1","Barrage+1"],"picked":"Go for the Eyes+1","floor":44},{"not_picked":["Sweeping Beam+1","Echo Form"],"picked":"Cold Snap","floor":47},{"not_picked":["Chill+1","Streamline"],"picked":"Rebound+1","floor":48}],"player_experience":124174,"relics_obtained":[{"floor":9,"key":"Juzu Bracelet"},{"floor":12,"key":"Torii"},{"floor":13,"key":"Matryoshka"},{"floor":20,"key":"Red Mask"},{"floor":26,"key":"The Courier"},{"floor":26,"key":"Bag of Marbles"}],"event_choices":[{"damage_healed":0,"gold_gain":75,"player_choice":"Gather Gold","damage_taken":11,"max_hp_gain":0,"max_hp_loss":0,"event_name":"World of Goop","floor":4,"gold_loss":0},{"damage_healed":0,"gold_gain":0,"player_choice":"Donut","damage_taken":0,"max_hp_gain":5,"max_hp_loss":0,"event_name":"Big Fish","floor":5,"gold_loss":0},{"cards_removed":["Strike_B"],"damage_healed":0,"gold_gain":0,"player_choice":"Card Removal","damage_taken":7,"max_hp_gain":0,"max_hp_loss":0,"event_name":"Golden Wing","floor":11,"gold_loss":0},{"damage_healed":0,"gold_gain":0,"player_choice":"Searched \u00271\u0027 times","damage_taken":0,"max_hp_gain":0,"max_hp_loss":0,"event_name":"Dead Adventurer","floor":13,"gold_loss":0},{"damage_healed":0,"gold_gain":0,"player_choice":"Ignored","damage_taken":0,"max_hp_gain":0,"max_hp_loss":0,"event_name":"NoteForYourself","floor":14,"gold_loss":0},{"damage_healed":0,"gold_gain":0,"player_choice":"Ignored","damage_taken":0,"max_hp_gain":0,"max_hp_loss":0,"event_name":"Ghosts","floor":19,"gold_loss":0},{"damage_healed":0,"gold_gain":0,"player_choice":"Fought Bandits","damage_taken":0,"max_hp_gain":0,"max_hp_loss":0,"event_name":"Masked Bandits","floor":20,"gold_loss":0},{"damage_healed":0,"gold_gain":0,"player_choice":"Upgraded","damage_taken":0,"max_hp_gain":0,"max_hp_loss":0,"event_name":"Upgrade Shrine","floor":25,"gold_loss":0,"cards_upgraded":["Glacier"]},{"cards_removed":["Defend_B"],"damage_healed":0,"gold_gain":0,"player_choice":"Gave Gold","damage_taken":0,"max_hp_gain":0,"max_hp_loss":0,"event_name":"Beggar","floor":29,"gold_loss":75},{"cards_removed":["Defend_B"],"damage_healed":0,"gold_gain":0,"player_choice":"Upgrade and Remove","damage_taken":0,"max_hp_gain":0,"max_hp_loss":0,"event_name":"Designer","floor":36,"gold_loss":90,"cards_upgraded":["Defend_B"]},{"damage_healed":0,"gold_gain":0,"player_choice":"Got Potions","damage_taken":0,"max_hp_gain":0,"max_hp_loss":0,"event_name":"Lab","floor":39,"gold_loss":0},{"damage_healed":0,"gold_gain":222,"player_choice":"Wore Mask","damage_taken":0,"max_hp_gain":0,"max_hp_loss":0,"event_name":"Tomb of Lord Red Mask","floor":45,"gold_loss":0}],"is_beta":false,"boss_relics":[{"not_picked":["Inserter","Busted Crown"],"picked":"Philosopher\u0027s Stone"},{"not_picked":["Calling Bell","Sozu"],"picked":"Cursed Key"}],"items_purged_floors":[21,37],"is_endless":false,"potions_floor_spawned":[1,13,16,24,27,31,33,38,41,44,48],"killed_by":"Donu and Deca","ascension_level":0}