{"gold_per_floor":[117,117,117,130,10,10,37,47,47,59,70,80,80,90,90,193,193,204,214,50,62,35,54,54,65,65,83,98,98,110,25,25,25],"floor_reached":33,"playtime":2125,"items_purged":["Strike_R"],"score":294,"play_id":"39d07053-fb94-495d-97e1-9e0198bde425","local_time":"20190115232648","is_ascension_mode":true,"campfire_choices":[{"data":"Bash","floor":6,"key":"SMITH"},{"data":"Hemokinesis","floor":13,"key":"SMITH"},{"data":"Hemokinesis","floor":15,"key":"SMITH"},{"floor":24,"key":"REST"},{"floor":32,"key":"REST"}],"neow_cost":"NONE","seed_source_timestamp":528142707489865,"circlet_count":0,"master_deck":["Strike_R+1","Strike_R+1","Strike_R+1","Defend_R+1","Defend_R+1","Defend_R+1","Defend_R+1","Bash+1","Spot Weakness","Flex","Combust","Armaments","Hemokinesis+1","Heavy Blade","Hemokinesis+1","Heavy Blade","Brutality","Shrug It Off+1","Bloodletting","Shrug It Off+1","Battle Trance","Rampage+1"],"relics":["Burning Blood","NeowsBlessing","Bird Faced Urn","Self Forming Clay","The Courier","Lizard Tail","Toy Ornithopter","Shuriken","Centennial Puzzle"],"potions_floor_usage":[11,21,23,25,25,27,28,33],"damage_taken":[{"damage":0,"enemies":"Jaw Worm","floor":1,"turns":1},{"damage":0,"enemies":"2 Louse","floor":4,"turns":1},{"damage":0,"enemies":"3 Sentries","floor":7,"turns":2},{"damage":7,"enemies":"Cultist","floor":8,"turns":4},{"damage":8,"enemies":"Red Slaver","floor":10,"turns":3},{"damage":5,"enemies":"Exordium Wildlife","floor":11,"turns":3},{"damage":5,"enemies":"Large Slime","floor":12,"turns":4},{"damage":6,"enemies":"Blue Slaver","floor":14,"turns":3},{"damage":49,"enemies":"Hexaghost","floor":16,"turns":9},{"damage":19,"enemies":"Chosen","floor":18,"turns":4},{"damage":21,"enemies":"Shell Parasite","floor":19,"turns":6},{"damage":27,"enemies":"Sentry and Sphere","floor":21,"turns":5},{"damage":22,"enemies":"Snake Plant","floor":23,"turns":5},{"damage":31,"enemies":"Shelled Parasite and Fungi","floor":25,"turns":4},{"damage":35,"enemies":"3 Cultists","floor":27,"turns":8},{"damage":35,"enemies":"Snecko","floor":28,"turns":6},{"damage":28,"enemies":"Shelled Parasite and Fungi","floor":30,"turns":8},{"damage":74,"enemies":"Collector","floor":33,"turns":7}],"seed_played":"-2812036727321537362","potions_obtained":[{"floor":1,"key":"AttackPotion"},{"floor":4,"key":"SteroidPotion"},{"floor":8,"key":"Block Potion"},{"floor":10,"key":"Poison Potion"},{"floor":16,"key":"AttackPotion"},{"floor":23,"key":"Swift Potion"},{"floor":25,"key":"EssenceOfSteel"},{"floor":27,"key":"Dexterity Potion"},{"floor":28,"key":"GamblersBrew"}],"is_trial":false,"path_per_floor":["M","?","?","M","$","R","E","M","T","M","M","M","R","M","R","B",null,"M","M","$","M","$","M","R","M","T","M","M","?","M","?","R","B"],"character_chosen":"IRONCLAD","items_purchased":["Flex","Toy Ornithopter","Bloodletting"],"campfire_rested":2,"item_purchase_floors":[5,20,22],"current_hp_per_floor":[80,80,80,80,80,80,80,79,79,77,80,80,80,80,80,37,80,67,54,54,42,42,33,57,44,44,22,45,45,25,25,49,0],"gold":25,"neow_bonus":"THREE_ENEMY_KILL","is_prod":false,"is_daily":false,"chose_seed":false,"campfire_upgraded":3,"win_rate":0,"timestamp":1547591208,"path_taken":["M","?","?","?","$","R","E","M","T","M","M","M","R","M","R","BOSS","M","M","$","M","$","M","R","M","T","M","M","?","M","?","R","BOSS"],"build_version":"2019-01-10","purchased_purges":1,"victory":false,"max_hp_per_floor":[80,80,80,80,80,80,80,80,80,80,80,80,80,80,80,80,80,80,80,80,80,80,80,80,80,80,80,80,80,80,80,80,80],"card_choices":[{"not_picked":["Rage","Metallicize"],"picked":"Spot Weakness","floor":1},{"not_picked":["Clash","Disarm","Body Slam"],"picked":"SKIP","floor":4},{"not_picked":["Dual Wield","Uppercut"],"picked":"Combust","floor":7},{"not_picked":["Clash","Sentinel"],"picked":"Armaments","floor":8},{"not_picked":["True Grit","Infernal Blade"],"picked":"Hemokinesis","floor":10},{"not_picked":["Fiend Fire","Shockwave"],"picked":"Heavy Blade","floor":11},{"not_picked":["True Grit","Ghostly Armor"],"picked":"Hemokinesis","floor":12},{"not_picked":["Headbutt","Sword Boomerang"],"picked":"Heavy Blade","floor":14},{"not_picked":["Fiend Fire","Immolate"],"picked":"Brutality","floor":16},{"not_picked":["Ghostly Armor","Heavy Blade"],"picked":"Shrug It Off+1","floor":18},{"not_picked":["Rampage","Clothesline","Twin Strike"],"picked":"SKIP","floor":19},{"not_picked":["Fire Breathing","Thunderclap","Anger"],"picked":"SKIP","floor":21},{"not_picked":["True Grit","Feel No Pain","Shockwave"],"picked":"SKIP","floor":23},{"not_picked":["Fire Breathing+1","Perfected Strike"],"picked":"Shrug It Off+1","floor":25},{"not_picked":["Iron Wave","True Grit+1"],"picked":"Battle Trance","floor":27},{"not_picked":["Shrug It Off","Fire Breathing","Pummel"],"picked":"SKIP","floor":28},{"not_picked":["Carnage+1","Perfected Strike"],"picked":"Rampage+1","floor":30}],"player_experience":104305,"relics_obtained":[{"floor":7,"key":"Self Forming Clay"},{"floor":9,"key":"The Courier"},{"floor":26,"key":"Shuriken"}],"event_choices":[{"cards_removed":["Strike_R"],"damage_healed":0,"gold_gain":0,"player_choice":"Forget","damage_taken":0,"max_hp_gain":0,"max_hp_loss":0,"event_name":"Living Wall","floor":2,"gold_loss":0},{"damage_healed":0,"gold_gain":0,"player_choice":"Gave Potion","damage_taken":0,"relics_obtained":["Bird Faced Urn"],"max_hp_gain":0,"max_hp_loss":0,"event_name":"WeMeetAgain","floor":3,"gold_loss":0},{"damage_healed":0,"gold_gain":0,"player_choice":"Simplicity","damage_taken":0,"max_hp_gain":0,"max_hp_loss":0,"event_name":"Back to Basics","floor":29,"gold_loss":0,"cards_upgraded":["Strike_R","Strike_R","Strike_R","Defend_R","Defend_R","Defend_R","Defend_R"]},{"damage_healed":0,"gold_gain":0,"player_choice":"Obtained Relic","damage_taken":0,"relics_obtained":["Centennial Puzzle"],"max_hp_gain":0,"max_hp_loss":0,"event_name":"Addict","floor":31,"gold_loss":85}],"is_beta":false,"boss_relics":[{"not_picked":["Tiny House","Ectoplasm"],"picked":"Lizard Tail"}],"items_purged_floors":[5],"is_endless":false,"potions_floor_spawned":[1,4,8,10,16,23,25,27,28],"killed_by":"Collector","ascension_level":1}