{"gold_per_floor":[110,110,110,130,130,130,145,162,162,496,496],"floor_reached":11,"playtime":261,"items_purged":[],"score":73,"play_id":"fdf1e7c2-e2f0-4b7d-b3ca-61cdea9033bd","local_time":"20190703231622","is_ascension_mode":false,"campfire_choices":[{"data":"Corruption","floor":6,"key":"SMITH"}],"neow_cost":"TEN_PERCENT_HP_LOSS","seed_source_timestamp":31345662504000,"circlet_count":0,"master_deck":["Strike_R","Strike_R","Strike_R","Strike_R","Strike_R+1","Defend_R","Defend_R","Defend_R","Bash","Flash of Steel","Impatience","Corruption+1","Inflame+1","Cleave","Pain","Cleave","Inflame","Anger"],"relics":["Burning Blood","WarpedTongs","Question Card","Old Coin"],"potions_floor_usage":[],"damage_taken":[{"damage":8,"enemies":"Small Slimes","floor":1,"turns":3},{"damage":7,"enemies":"2 Louse","floor":4,"turns":2},{"damage":4,"enemies":"Cultist","floor":7,"turns":3},{"damage":4,"enemies":"Large Slime","floor":8,"turns":2},{"damage":47,"enemies":"Lagavulin","floor":10,"turns":6},{"damage":22,"enemies":"3 Louse","floor":11,"turns":2}],"seed_played":"8248979515941012294","potions_obtained":[{"floor":7,"key":"Strength Potion"}],"is_trial":false,"path_per_floor":["M","?","?","M","?","R","M","M","T","E","M"],"character_chosen":"IRONCLAD","items_purchased":[],"campfire_rested":0,"item_purchase_floors":[],"current_hp_per_floor":[70,70,56,55,55,55,57,59,59,18,0],"gold":496,"neow_bonus":"RANDOM_COLORLESS_2","is_prod":false,"is_daily":false,"chose_seed":false,"campfire_upgraded":1,"win_rate":0,"timestamp":1562192182,"path_taken":["M","?","?","M","?","R","?","M","T","E","M"],"build_version":"2019-07-01","purchased_purges":0,"victory":false,"max_hp_per_floor":[72,72,72,72,72,72,72,72,72,72,72],"card_choices":[{"not_picked":["Pommel Strike","Combust"],"picked":"Corruption","floor":1},{"not_picked":["Heavy Blade","Sword Boomerang"],"picked":"Cleave","floor":4},{"not_picked":["Seeing Red","Sword Boomerang"],"picked":"Cleave","floor":7},{"not_picked":["Headbutt","Wild Strike"],"picked":"Inflame","floor":8},{"not_picked":["True Grit","Infernal Blade","Evolve"],"picked":"Anger","floor":10}],"player_experience":946933,"relics_obtained":[{"floor":9,"key":"Question Card"},{"floor":10,"key":"Old Coin"}],"event_choices":[{"damage_healed":0,"gold_gain":0,"cards_transformed":["Defend_R"],"player_choice":"Change","damage_taken":0,"max_hp_gain":0,"max_hp_loss":0,"event_name":"Living Wall","floor":2,"gold_loss":0,"cards_obtained":["Inflame"]},{"damage_healed":0,"gold_gain":0,"player_choice":"Entered Light","damage_taken":14,"max_hp_gain":0,"max_hp_loss":0,"event_name":"Shining Light","floor":3,"gold_loss":0,"cards_upgraded":["Strike_R","Inflame"]},{"damage_healed":0,"gold_gain":0,"player_choice":"Rummage","damage_taken":0,"relics_obtained":["WarpedTongs"],"max_hp_gain":0,"max_hp_loss":0,"event_name":"Accursed Blacksmith","floor":5,"gold_loss":0,"cards_obtained":["Pain"]}],"is_beta":false,"boss_relics":[],"items_purged_floors":[],"is_endless":false,"potions_floor_spawned":[7],"killed_by":"3 Louse","ascension_level":0}