{"gold_per_floor":[114,114,130,147,65,65,96,21,21,55,55,84,84,97,97,195,195,209,209,209,209,109,109,122,122],"floor_reached":25,"playtime":1206,"items_purged":["Strike_G","Strike_G"],"score":250,"play_id":"67d5eb54-a193-45de-a57c-28388ee554f5","local_time":"20190130214858","is_ascension_mode":true,"campfire_choices":[{"data":"Neutralize","floor":6,"key":"SMITH"},{"floor":15,"key":"REST"},{"data":"Burst","floor":23,"key":"SMITH"}],"neow_cost":"NONE","seed_source_timestamp":1819200100850208,"circlet_count":0,"master_deck":["Defend_G","Defend_G","Defend_G","Defend_G","Strike_G","Strike_G","Strike_G","Survivor","Neutralize+1","Heel Hook","Deadly Poison","Deadly Poison","Well Laid Plans","Poisoned Stab","Escape Plan","Burst+1","Corpse Explosion","Wraith Form v2+1","Noxious Fumes"],"relics":["Ring of the Snake","PreservedInsect","Bottled Flame","Blue Candle","Shovel","Lizard Tail"],"potions_floor_usage":[14,16,25,25],"damage_taken":[{"damage":0,"enemies":"Cultist","floor":1,"turns":4},{"damage":0,"enemies":"Jaw Worm","floor":3,"turns":3},{"damage":1,"enemies":"2 Louse","floor":4,"turns":3},{"damage":32,"enemies":"3 Sentries","floor":7,"turns":11},{"damage":9,"enemies":"Gremlin Nob","floor":10,"turns":3},{"damage":12,"enemies":"3 Sentries","floor":12,"turns":8},{"damage":5,"enemies":"Gremlin Gang","floor":14,"turns":5},{"damage":16,"enemies":"Hexaghost","floor":16,"turns":8},{"damage":21,"enemies":"Shell Parasite","floor":18,"turns":5},{"damage":35,"enemies":"2 Thieves","floor":24,"turns":4},{"damage":9,"enemies":"Gremlin Leader","floor":25,"turns":6}],"seed_played":"-1002037107398218641","potions_obtained":[{"floor":3,"key":"SneckoOil"},{"floor":4,"key":"Poison Potion"},{"floor":7,"key":"GhostInAJar"},{"floor":14,"key":"Dexterity Potion"},{"floor":18,"key":"AttackPotion"}],"is_trial":false,"path_per_floor":["M","?","M","M","$","R","E","$","T","E","$","E","?","M","R","B",null,"M","$","$","?","$","R","M","E"],"character_chosen":"THE_SILENT","items_purchased":["Deadly Poison","Well Laid Plans"],"campfire_rested":1,"item_purchase_floors":[5,5],"current_hp_per_floor":[70,70,70,69,69,69,37,37,37,28,28,16,16,11,32,16,70,49,49,49,49,49,49,14,5],"gold":122,"neow_bonus":"TRANSFORM_CARD","is_prod":false,"is_daily":false,"chose_seed":false,"campfire_upgraded":2,"win_rate":0,"timestamp":1548881338,"path_taken":["M","?","?","M","$","R","E","$","T","E","?","E","?","M","R","BOSS","M","?","$","?","$","R","M","E"],"build_version":"2019-01-23","purchased_purges":2,"victory":false,"max_hp_per_floor":[70,70,70,70,70,70,70,70,70,70,70,70,70,70,70,70,70,70,70,70,70,70,70,70,70],"card_choices":[{"not_picked":["Underhanded Strike","Blade Dance"],"picked":"Deadly Poison","floor":1},{"not_picked":["Finisher","Bane","Deflect"],"picked":"SKIP","floor":3},{"not_picked":["Slice","Cloak And Dagger","Dagger Spray"],"picked":"SKIP","floor":4},{"not_picked":["Underhanded Strike","Well Laid Plans"],"picked":"Poisoned Stab","floor":7},{"not_picked":["Concentrate","Reflex","Underhanded Strike"],"picked":"SKIP","floor":10},{"not_picked":["Dagger Throw","Deflect"],"picked":"Escape Plan","floor":12},{"not_picked":["Sucker Punch","Prepared"],"picked":"Corpse Explosion","floor":14},{"not_picked":["A Thousand Cuts","After Image"],"picked":"Wraith Form v2","floor":16},{"not_picked":["Outmaneuver","Tactician","Quick Slash"],"picked":"SKIP","floor":18},{"not_picked":["Sucker Punch","Acrobatics"],"picked":"Noxious Fumes","floor":24}],"player_experience":160216,"relics_obtained":[{"floor":7,"key":"PreservedInsect"},{"floor":9,"key":"Bottled Flame"},{"floor":10,"key":"Blue Candle"},{"floor":12,"key":"Shovel"}],"event_choices":[{"damage_healed":0,"gold_gain":0,"player_choice":"Ignored","damage_taken":0,"max_hp_gain":0,"max_hp_loss":0,"event_name":"WeMeetAgain","floor":2,"gold_loss":0},{"damage_healed":0,"gold_gain":0,"player_choice":"1 cards matched","damage_taken":0,"max_hp_gain":0,"max_hp_loss":0,"event_name":"Match and Keep!","floor":13,"gold_loss":0,"cards_obtained":["Burst"]},{"damage_healed":0,"gold_gain":0,"player_choice":"Forge","damage_taken":0,"max_hp_gain":0,"max_hp_loss":0,"event_name":"Accursed Blacksmith","floor":21,"gold_loss":0,"cards_upgraded":["Wraith Form v2"]}],"is_beta":false,"boss_relics":[{"not_picked":["White Beast Statue","Eternal Feather"],"picked":"Lizard Tail"}],"items_purged_floors":[8,22],"is_endless":false,"potions_floor_spawned":[3,4,7,14,18],"killed_by":"Gremlin Leader","ascension_level":3}