{"gold_per_floor":[17,33,45,61,71,102,102,134,134,134,164,175,189,206,206,206],"floor_reached":16,"playtime":1276,"items_purged":[],"score":116,"play_id":"72e526c1-f70f-45ac-80ad-3716797b5706","local_time":"20190723180957","is_ascension_mode":false,"campfire_choices":[{"data":"Havoc","floor":7,"key":"SMITH"},{"data":"Barricade","floor":10,"key":"SMITH"},{"data":"Juggernaut","floor":15,"key":"SMITH"}],"neow_cost":"NO_GOLD","seed_source_timestamp":79755489485700,"circlet_count":0,"master_deck":["Strike_R+1","Strike_R+1","Strike_R","Defend_R","Defend_R","Defend_R","Defend_R","Bash","Wild Strike","Juggernaut+1","Iron Wave","Havoc+1","Searing Blow","Cleave","Pommel Strike","Clothesline","Barricade+1","Armaments","Iron Wave","Clothesline"],"relics":["Burning Blood","Sundial","Unceasing Top","Whetstone"],"potions_floor_usage":[6,12,16,16],"damage_taken":[{"damage":6,"enemies":"Jaw Worm","floor":1,"turns":3},{"damage":0,"enemies":"Small Slimes","floor":2,"turns":3},{"damage":5,"enemies":"Cultist","floor":3,"turns":4},{"damage":12,"enemies":"Large Slime","floor":4,"turns":6},{"damage":5,"enemies":"3 Louse","floor":5,"turns":2},{"damage":15,"enemies":"Gremlin Nob","floor":6,"turns":4},{"damage":16,"enemies":"Lagavulin","floor":8,"turns":6},{"damage":3,"enemies":"2 Fungi Beasts","floor":12,"turns":4},{"damage":6,"enemies":"Blue Slaver","floor":13,"turns":3},{"damage":5,"enemies":"Lots of Slimes","floor":14,"turns":3},{"damage":63,"enemies":"Hexaghost","floor":16,"turns":9}],"seed_played":"4889040968584574906","potions_obtained":[{"floor":2,"key":"Explosive Potion"},{"floor":5,"key":"Block Potion"},{"floor":8,"key":"Strength Potion"},{"floor":13,"key":"Fire Potion"}],"is_trial":false,"path_per_floor":["?"],"character_chosen":"IRONCLAD","items_purchased":[],"campfire_rested":0,"item_purchase_floors":[],"current_hp_per_floor":[80,80,80,74,75,66,66,56,56,56,56,59,59,60,60,0],"gold":206,"neow_bonus":"TRANSFORM_TWO_CARDS","is_prod":false,"is_daily":false,"chose_seed":false,"campfire_upgraded":3,"win_rate":0.0,"timestamp":1563919797,"path_taken":["M","M","M","M","M","E","R","E","T","R","?","M","M","M","R","BOSS"],"build_version":"2019-01-23","purchased_purges":0,"victory":false,"max_hp_per_floor":[80,80,80,80,80,80,80,80,80,80,80,80,80,80,80,80],"card_choices":[{"not_picked":["Cleave","Whirlwind"],"picked":"Iron Wave","floor":1},{"not_picked":["Clash","Corruption"],"picked":"Havoc","floor":2},{"not_picked":["Carnage","Brutality"],"picked":"Searing Blow","floor":3},{"not_picked":["Dual Wield","Perfected Strike"],"picked":"Cleave","floor":4},{"not_picked":["Warcry","Heavy Blade"],"picked":"Pommel Strike","floor":5},{"not_picked":["Burning Pact","Heavy Blade"],"picked":"Clothesline","floor":6},{"not_picked":["Dual Wield","Flex"],"picked":"Barricade","floor":8},{"not_picked":["Evolve","Infernal Blade"],"picked":"Armaments","floor":12},{"not_picked":["Headbutt","Sword Boomerang"],"picked":"Iron Wave","floor":13},{"not_picked":["Pummel","Carnage"],"picked":"Clothesline","floor":14}],"player_experience":105782,"relics_obtained":[{"floor":6,"key":"Sundial"},{"floor":8,"key":"Unceasing Top"},{"floor":9,"key":"Whetstone"}],"event_choices":[{"damage_healed":0,"gold_gain":30,"player_choice":"Searched \u00272\u0027 times","damage_taken":0,"max_hp_gain":0,"max_hp_loss":0,"event_name":"Dead Adventurer","floor":11,"gold_loss":0}],"is_beta":false,"boss_relics":[],"items_purged_floors":[],"is_endless":false,"potions_floor_spawned":[2,5,8,13],"killed_by":"Hexaghost","ascension_level":0}