{"gold_per_floor":[119,119,136,147,147,180,180,194,194,219,219,234,249,330,330,450,450,471,487,487,508,508,508,528,528,552,552,552,572,325,325,325,444,444,468,468,492,507,573,573,906,906,906,920,938,938,572,582,582,582],"floor_reached":50,"playtime":2843,"items_purged":[],"score":521,"play_id":"757a0d19-88ea-4cf9-8f84-3a360ab7f8bd","local_time":"20190709004021","is_ascension_mode":false,"campfire_choices":[{"data":"Searing Blow+1","floor":7,"key":"SMITH"},{"data":"Searing Blow+2","floor":11,"key":"SMITH"},{"data":"Searing Blow+3","floor":15,"key":"SMITH"},{"data":"Double Tap","floor":23,"key":"SMITH"},{"data":"Searing Blow+4","floor":25,"key":"SMITH"},{"data":"Searing Blow+6","floor":28,"key":"SMITH"},{"data":"Searing Blow+7","floor":32,"key":"SMITH"},{"data":"Searing Blow+8","floor":40,"key":"SMITH"},{"data":"Searing Blow+9","floor":42,"key":"SMITH"},{"data":"Searing Blow+10","floor":46,"key":"SMITH"},{"data":"Searing Blow+11","floor":49,"key":"SMITH"}],"neow_cost":"NONE","seed_source_timestamp":27677442103897,"circlet_count":0,"master_deck":["Strike_R+1","Strike_R+1","Strike_R+1","Strike_R+1","Strike_R+1","Defend_R+1","Defend_R+1","Defend_R+1","Defend_R+1","Bash+1","Iron Wave","Wild Strike+1","Reckless Charge+1","Searing Blow+12","Perfected Strike+1","Pommel Strike+1","Reckless Charge+1","Thunderclap+1","Wild Strike+1","Double Tap+1","Whirlwind+1","RitualDagger+1","Fire Breathing+1","Twin Strike+1","Thunderclap+1","Rage","Anger+1","Secret Technique","Warcry+1"],"relics":["Burning Blood","NeowsBlessing","Molten Egg 2","Dodecahedron","Mummified Hand","Anchor","Velvet Choker","Whetstone","Bottled Flame","Busted Crown","Gambling Chip","Mercury Hourglass","Pen Nib"],"potions_floor_usage":[6,6,12,16,19,29,33,33,33,37,39,44,45,50,50,50],"damage_taken":[{"damage":0,"enemies":"Jaw Worm","floor":1,"turns":1},{"damage":0,"enemies":"Small Slimes","floor":3,"turns":1},{"damage":0,"enemies":"2 Louse","floor":4,"turns":1},{"damage":0,"enemies":"Gremlin Nob","floor":6,"turns":2},{"damage":11,"enemies":"Large Slime","floor":8,"turns":5},{"damage":7,"enemies":"2 Fungi Beasts","floor":10,"turns":2},{"damage":0,"enemies":"3 Louse","floor":12,"turns":2},{"damage":0,"enemies":"Exordium Wildlife","floor":13,"turns":2},{"damage":18,"enemies":"Lagavulin Event","floor":14,"turns":3},{"damage":6,"enemies":"Slime Boss","floor":16,"turns":5},{"damage":0,"enemies":"3 Byrds","floor":18,"turns":3},{"damage":0,"enemies":"2 Thieves","floor":19,"turns":3},{"damage":12,"enemies":"Centurion and Healer","floor":21,"turns":3},{"damage":0,"enemies":"Snake Plant","floor":24,"turns":1},{"damage":0,"enemies":"Shelled Parasite and Fungi","floor":29,"turns":3},{"damage":70,"enemies":"Champ","floor":33,"turns":7},{"damage":0,"enemies":"3 Shapes","floor":35,"turns":1},{"damage":0,"enemies":"Orb Walker","floor":37,"turns":1},{"damage":0,"enemies":"3 Darklings","floor":38,"turns":2},{"damage":0,"enemies":"2 Orb Walkers","floor":39,"turns":3},{"damage":0,"enemies":"Spire Growth","floor":44,"turns":1},{"damage":0,"enemies":"Transient","floor":45,"turns":5},{"damage":10,"enemies":"Sphere and 2 Shapes","floor":48,"turns":2},{"damage":75,"enemies":"Awakened One","floor":50,"turns":5}],"seed_played":"-6794343950001588073","potions_obtained":[{"floor":3,"key":"SteroidPotion"},{"floor":4,"key":"AttackPotion"},{"floor":6,"key":"Fire Potion"},{"floor":12,"key":"SkillPotion"},{"floor":13,"key":"Swift Potion"},{"floor":14,"key":"SkillPotion"},{"floor":19,"key":"Dexterity Potion"},{"floor":21,"key":"Fire Potion"},{"floor":29,"key":"LiquidBronze"},{"floor":36,"key":"Explosive Potion"},{"floor":36,"key":"Dexterity Potion"},{"floor":36,"key":"Weak Potion"},{"floor":38,"key":"FearPotion"},{"floor":39,"key":"Dexterity Potion"},{"floor":45,"key":"Explosive Potion"}],"is_trial":false,"path_per_floor":["M","?","M","M","?","E","R","M","T","M","R","M","M","?","R","B",null,"M","M","?","M","?","R","M","R","T","?","R","M","$","?","R","B",null,"M","?","M","M","?","R","?","R","T","M","M","R","$","M","R","B"],"character_chosen":"IRONCLAD","items_purchased":["Bottled Flame","Secret Technique","Pen Nib","Weak Potion"],"campfire_rested":0,"item_purchase_floors":[30,47,47,47],"current_hp_per_floor":[80,73,79,80,74,74,74,69,69,68,68,74,74,62,62,62,74,74,74,68,62,62,62,68,68,68,68,68,74,74,74,74,10,74,74,74,74,74,74,74,74,74,74,74,74,74,74,70,70,0],"gold":582,"neow_bonus":"THREE_ENEMY_KILL","is_prod":false,"is_daily":false,"chose_seed":false,"campfire_upgraded":11,"win_rate":0.0,"timestamp":1562650821,"path_taken":["M","?","M","M","?","E","R","M","T","M","R","M","M","?","R","BOSS","M","M","?","M","?","R","M","R","T","?","R","M","$","?","R","BOSS","M","?","?","M","?","R","?","R","T","M","M","R","?","M","R","BOSS"],"build_version":"2019-07-05","purchased_purges":0,"victory":false,"max_hp_per_floor":[80,80,80,80,74,74,74,74,74,74,74,74,74,74,74,74,74,74,74,74,74,74,74,74,74,74,74,74,74,74,74,74,74,74,74,74,74,74,74,74,74,74,74,74,74,74,74,74,74,74],"card_choices":[{"not_picked":["Whirlwind","Hemokinesis"],"picked":"Iron Wave","floor":1},{"not_picked":["Shockwave","Bloodletting"],"picked":"Wild Strike+1","floor":3},{"not_picked":["Wild Strike+1","Iron Wave+1"],"picked":"Reckless Charge+1","floor":4},{"not_picked":["Cleave+1","Disarm"],"picked":"Searing Blow+1","floor":6},{"not_picked":["Body Slam+1","Inflame"],"picked":"Perfected Strike+1","floor":8},{"not_picked":["Battle Trance","Body Slam+1"],"picked":"Pommel Strike+1","floor":10},{"not_picked":["Clothesline+1","Dual Wield"],"picked":"Reckless Charge+1","floor":12},{"not_picked":["Burning Pact","Power Through"],"picked":"Thunderclap+1","floor":13},{"not_picked":["Flex","Clothesline+1"],"picked":"Wild Strike+1","floor":14},{"not_picked":["Feed+1","Bludgeon+1"],"picked":"Double Tap","floor":16},{"not_picked":["Headbutt+1","True Grit+1","Clothesline+1"],"picked":"SKIP","floor":18},{"not_picked":["Ghostly Armor","Shrug It Off"],"picked":"Whirlwind+1","floor":19},{"not_picked":["Sever Soul+1","Rupture"],"picked":"Fire Breathing+1","floor":21},{"not_picked":["Wild Strike+1","Flex+1"],"picked":"Twin Strike+1","floor":24},{"not_picked":["Sword Boomerang+1","Clothesline+1"],"picked":"Thunderclap+1","floor":29},{"not_picked":["Entrench"],"picked":"SKIP","floor":35},{"not_picked":["Dropkick+1"],"picked":"SKIP","floor":37},{"not_picked":[],"picked":"Anger+1","floor":38},{"not_picked":["Flame Barrier"],"picked":"SKIP","floor":44},{"not_picked":["Corruption"],"picked":"SKIP","floor":45},{"not_picked":[],"picked":"Warcry+1","floor":48}],"player_experience":23317,"relics_obtained":[{"floor":6,"key":"Dodecahedron"},{"floor":9,"key":"Mummified Hand"},{"floor":26,"key":"Whetstone"},{"floor":39,"key":"Gambling Chip"},{"floor":43,"key":"Mercury Hourglass"}],"event_choices":[{"damage_healed":0,"gold_gain":0,"player_choice":"Success","damage_taken":7,"relics_obtained":["Molten Egg 2"],"max_hp_gain":0,"max_hp_loss":0,"event_name":"Scrap Ooze","floor":2,"gold_loss":0},{"damage_healed":0,"gold_gain":0,"player_choice":"Lose Max HP","damage_taken":0,"relics_obtained":["Golden Idol"],"max_hp_gain":0,"max_hp_loss":6,"event_name":"Golden Idol","floor":5,"gold_loss":0},{"damage_healed":0,"gold_gain":0,"player_choice":"Searched \u00272\u0027 times","damage_taken":0,"relics_obtained":["Anchor"],"max_hp_gain":0,"max_hp_loss":0,"event_name":"Dead Adventurer","floor":14,"gold_loss":0},{"damage_healed":0,"gold_gain":0,"player_choice":"Joined the Cult","damage_taken":6,"max_hp_gain":0,"max_hp_loss":0,"event_name":"Nest","floor":20,"gold_loss":0,"cards_obtained":["RitualDagger"]},{"damage_healed":0,"gold_gain":0,"player_choice":"Simplicity","damage_taken":0,"max_hp_gain":0,"max_hp_loss":0,"event_name":"Back to Basics","floor":22,"gold_loss":0,"cards_upgraded":["Strike_R","Strike_R","Strike_R","Strike_R","Strike_R","Defend_R","Defend_R","Defend_R","Defend_R"]},{"damage_healed":0,"gold_gain":0,"player_choice":"Ignored","damage_taken":0,"max_hp_gain":0,"max_hp_loss":0,"event_name":"Vampires","floor":27,"gold_loss":0},{"damage_healed":0,"gold_gain":0,"player_choice":"Read","damage_taken":0,"max_hp_gain":0,"max_hp_loss":0,"event_name":"The Library","floor":31,"gold_loss":0,"cards_obtained":["Rage"]},{"damage_healed":0,"gold_gain":0,"player_choice":"Got Potions","damage_taken":0,"max_hp_gain":0,"max_hp_loss":0,"event_name":"Lab","floor":36,"gold_loss":0},{"damage_healed":0,"gold_gain":0,"player_choice":"Fight","damage_taken":0,"max_hp_gain":0,"max_hp_loss":0,"event_name":"Mysterious Sphere","floor":39,"gold_loss":0},{"damage_healed":0,"gold_gain":333,"player_choice":"Gave Idol","damage_taken":0,"max_hp_gain":0,"max_hp_loss":0,"event_name":"The Moai Head","floor":41,"relics_lost":["Golden Idol"],"gold_loss":0}],"is_beta":false,"boss_relics":[{"not_picked":["Lizard Tail","Orrery"],"picked":"Velvet Choker"},{"not_picked":["Coffee Dripper","Calling Bell"],"picked":"Busted Crown"}],"items_purged_floors":[],"is_endless":false,"potions_floor_spawned":[3,4,6,12,13,14,19,21,29,38,39,45],"killed_by":"Awakened One","ascension_level":0}