{"gold_per_floor":[118,118,137,153,33,33,52,52,52,81,81,98,130,142,154,270,332,363,345,376,388,410,457,481,509,602,614,646,674,686,8,8,110,110,129,229,249,269,0,28,47,76,100,133,133,33,45,45,45,45],"floor_reached":51,"playtime":13204,"items_purged":["Defend_G","Strike_G"],"score":794,"play_id":"0b00def3-a835-4928-a677-5bc5d7f82939","local_time":"20190721010622","is_ascension_mode":false,"campfire_choices":[{"data":"Neutralize","floor":6,"key":"SMITH"},{"data":"Panacea","floor":8,"key":"SMITH"},{"data":"Masterful Stab","floor":11,"key":"SMITH"},{"data":"After Image","floor":15,"key":"SMITH"},{"floor":27,"key":"REST"},{"floor":32,"key":"REST"},{"data":"Footwork","floor":45,"key":"SMITH"},{"data":"Finisher","floor":49,"key":"SMITH"}],"neow_cost":"NONE","seed_source_timestamp":42747702294120,"circlet_count":0,"master_deck":["Strike_G","Strike_G","Strike_G","Defend_G+1","Defend_G","Defend_G","Defend_G","Survivor","Neutralize+1","Footwork+1","Iron Wave","Escape Plan","Finisher+1","Panacea+1","Caltrops","Deflect","Masterful Stab+1","All Out Attack","After Image+1","Adrenaline+1","Leg Sweep+1","Choke+1","Prepared+1","Footwork","Malaise+1","All Out Attack+1","Infinite Blades","Infinite Blades+1","Backflip+1","Infinite Blades","Violence+1","Escape Plan+1","Adrenaline+1","Escape Plan+1","Terror+1","Riddle With Holes+1","Masterful Stab","Malaise+1","Escape Plan+1","Quick Slash+1","Corpse Explosion+1","Prepared+1"],"relics":["Ring of the Serpent","Toxic Egg 2","Question Card","MawBank","Tiny House","Calipers","Bottled Tornado","Nilry\u0027s Codex","Sling","Bronze Scales","Gambling Chip","Red Mask","Centennial Puzzle","Bottled Lightning","Anchor","Strawberry"],"potions_floor_usage":[13,13,16,16,23,25,28,33,33,38,38,41,42,44],"damage_taken":[{"damage":1,"enemies":"2 Louse","floor":1,"turns":3},{"damage":0,"enemies":"Cultist","floor":3,"turns":4},{"damage":0,"enemies":"Jaw Worm","floor":4,"turns":7},{"damage":0,"enemies":"2 Fungi Beasts","floor":7,"turns":4},{"damage":1,"enemies":"Lagavulin","floor":10,"turns":10},{"damage":1,"enemies":"Gremlin Gang","floor":12,"turns":4},{"damage":11,"enemies":"Gremlin Nob","floor":13,"turns":4},{"damage":11,"enemies":"Slime Boss","floor":16,"turns":13},{"damage":0,"enemies":"Chosen","floor":18,"turns":6},{"damage":0,"enemies":"3 Byrds","floor":20,"turns":6},{"damage":1,"enemies":"Cultist and Chosen","floor":22,"turns":6},{"damage":55,"enemies":"Slavers","floor":23,"turns":7},{"damage":5,"enemies":"3 Cultists","floor":24,"turns":7},{"damage":0,"enemies":"Centurion and Healer","floor":25,"turns":8},{"damage":0,"enemies":"Snake Plant","floor":28,"turns":5},{"damage":7,"enemies":"Snecko","floor":29,"turns":6},{"damage":12,"enemies":"Automaton","floor":33,"turns":11},{"damage":8,"enemies":"3 Darklings","floor":35,"turns":5},{"damage":0,"enemies":"Mind Bloom Boss Battle","floor":36,"turns":7},{"damage":0,"enemies":"Orb Walker","floor":37,"turns":4},{"damage":23,"enemies":"Sphere and 2 Shapes","floor":38,"turns":10},{"damage":12,"enemies":"Reptomancer","floor":40,"turns":5},{"damage":18,"enemies":"Spire Growth","floor":41,"turns":7},{"damage":7,"enemies":"Giant Head","floor":42,"turns":5},{"damage":7,"enemies":"Reptomancer","floor":44,"turns":5},{"damage":2,"enemies":"3 Darklings","floor":47,"turns":3},{"damage":15,"enemies":"Time Eater","floor":50,"turns":15}],"seed_played":"-1017962648824942598","potions_obtained":[{"floor":4,"key":"LiquidBronze"},{"floor":7,"key":"Poison Potion"},{"floor":12,"key":"Poison Potion"},{"floor":13,"key":"AttackPotion"},{"floor":16,"key":"Ancient Potion"},{"floor":17,"key":"SmokeBomb"},{"floor":19,"key":"GamblersBrew"},{"floor":19,"key":"SteroidPotion"},{"floor":21,"key":"AttackPotion"},{"floor":22,"key":"PowerPotion"},{"floor":24,"key":"Weak Potion"},{"floor":29,"key":"AttackPotion"},{"floor":33,"key":"Regen Potion"},{"floor":36,"key":"Swift Potion"},{"floor":37,"key":"Fire Potion"},{"floor":40,"key":"Regen Potion"},{"floor":42,"key":"Block Potion"}],"is_trial":false,"path_per_floor":["M","?","M","M","$","R","M","R","T","E","R","M","E","?","R","B",null,"M","?","M","?","M","E","M","M","T","R","M","M","?","$","R","B",null,"M","?","M","M","?","E","M","E","T","E","R","$","M","?","R","B",null],"character_chosen":"THE_SILENT","items_purchased":["Panacea","Caltrops","Infinite Blades","Sling","Violence+1","Escape Plan+1","Bronze Scales"],"campfire_rested":2,"item_purchase_floors":[5,5,31,31,31,31,31],"current_hp_per_floor":[76,76,76,76,76,76,76,76,76,75,75,74,63,68,68,57,87,87,87,87,87,86,31,26,26,26,52,52,45,29,29,55,43,87,79,79,79,71,71,59,55,48,48,48,48,48,46,82,82,67],"gold":45,"neow_bonus":"TEN_PERCENT_HP_BONUS","is_prod":false,"is_daily":false,"chose_seed":false,"campfire_upgraded":6,"win_rate":0.0,"timestamp":1563663982,"path_taken":["M","?","M","M","?","R","M","R","T","E","R","M","E","?","R","BOSS","M","?","?","?","M","E","M","M","T","R","?","M","?","$","R","BOSS","M","?","M","M","?","E","?","E","T","E","R","$","M","?","R","BOSS"],"build_version":"2019-07-05","purchased_purges":2,"victory":true,"max_hp_per_floor":[77,77,77,77,77,77,77,77,77,77,77,77,77,82,82,82,87,87,87,87,87,87,87,87,87,87,87,87,87,87,87,87,87,87,87,87,87,87,87,87,87,87,87,94,94,94,94,82,82,82],"card_choices":[{"not_picked":["Blade Dance","Distraction"],"picked":"Footwork","floor":1},{"not_picked":["Prepared","Acrobatics"],"picked":"Escape Plan","floor":3},{"not_picked":["Backflip","Deflect"],"picked":"Finisher","floor":4},{"not_picked":["Dagger Spray","PiercingWail"],"picked":"Deflect","floor":7},{"not_picked":["Backstab","Bouncing Flask+1"],"picked":"Masterful Stab","floor":10},{"not_picked":["Dodge and Roll+1","Glass Knife","PiercingWail+1"],"picked":"All Out Attack","floor":12},{"not_picked":["Acrobatics+1","Sucker Punch","Wraith Form v2"],"picked":"After Image","floor":13},{"not_picked":["Glass Knife","Unload","Burst+1"],"picked":"Adrenaline+1","floor":16},{"not_picked":["Dodge and Roll+1","Poisoned Stab","Slice"],"picked":"Leg Sweep+1","floor":17},{"not_picked":["Tactician+1","Well Laid Plans","Quick Slash+1"],"picked":"Choke+1","floor":18},{"not_picked":["Deflect+1","Backflip+1","Quick Slash"],"picked":"Prepared+1","floor":20},{"not_picked":["Reflex+1","Predator","Choke"],"picked":"Footwork","floor":22},{"not_picked":["Acrobatics+1","Slice","Quick Slash"],"picked":"Malaise+1","floor":23},{"not_picked":["Dagger Throw","Riddle With Holes+1","Deflect+1"],"picked":"All Out Attack+1","floor":24},{"not_picked":["Blur+1","Flying Knee","Bouncing Flask+1"],"picked":"Infinite Blades","floor":25},{"not_picked":["Dodge and Roll+1","Dagger Throw","Bouncing Flask+1"],"picked":"Infinite Blades+1","floor":28},{"not_picked":["Sucker Punch","Slice","Prepared+1"],"picked":"Backflip+1","floor":29},{"not_picked":["Die Die Die","Bullet Time+1","After Image"],"picked":"Adrenaline+1","floor":33},{"not_picked":["Dagger Spray","Quick Slash","Backflip+1"],"picked":"Escape Plan+1","floor":35},{"not_picked":["Outmaneuver+1","Deflect+1","Poisoned Stab"],"picked":"Terror+1","floor":36},{"not_picked":["Terror+1","Dodge and Roll+1","Skewer+1"],"picked":"Riddle With Holes+1","floor":37},{"not_picked":["Dagger Spray+1","Catalyst+1","Flying Knee"],"picked":"Masterful Stab","floor":38},{"not_picked":["Finisher","Riddle With Holes","Bane+1"],"picked":"Malaise+1","floor":40},{"not_picked":["Dagger Throw","Bouncing Flask+1","Underhanded Strike"],"picked":"Escape Plan+1","floor":41},{"not_picked":["Eviscerate+1","Dagger Throw+1","Blade Dance+1"],"picked":"Quick Slash+1","floor":42},{"not_picked":["Sucker Punch","Footwork+1","Flechettes"],"picked":"Corpse Explosion+1","floor":44},{"not_picked":["Flying Knee","Bane","Poisoned Stab+1"],"picked":"Prepared+1","floor":47}],"player_experience":45904,"relics_obtained":[{"floor":9,"key":"Toxic Egg 2"},{"floor":10,"key":"Question Card"},{"floor":13,"key":"MawBank"},{"floor":23,"key":"Calipers"},{"floor":26,"key":"Bottled Tornado"},{"floor":30,"key":"Nilry\u0027s Codex"},{"floor":36,"key":"Gambling Chip"},{"floor":40,"key":"Centennial Puzzle"},{"floor":42,"key":"Bottled Lightning"},{"floor":43,"key":"Anchor"},{"floor":44,"key":"Strawberry"}],"event_choices":[{"cards_removed":["Strike_G"],"damage_healed":0,"gold_gain":0,"player_choice":"Took Card","damage_taken":0,"max_hp_gain":0,"max_hp_loss":0,"event_name":"NoteForYourself","floor":2,"gold_loss":0,"cards_obtained":["Iron Wave"]},{"damage_healed":0,"gold_gain":0,"player_choice":"Donut","damage_taken":0,"max_hp_gain":5,"max_hp_loss":0,"event_name":"Big Fish","floor":14,"gold_loss":0},{"damage_healed":0,"gold_gain":0,"player_choice":"Bought 2 Potions","damage_taken":0,"max_hp_gain":0,"max_hp_loss":0,"event_name":"The Woman in Blue","floor":19,"gold_loss":0},{"damage_healed":0,"gold_gain":0,"player_choice":"Got Potions","damage_taken":0,"max_hp_gain":0,"max_hp_loss":0,"event_name":"Lab","floor":21,"gold_loss":0},{"damage_healed":0,"gold_gain":0,"player_choice":"Obtained Book","damage_taken":16,"max_hp_gain":0,"max_hp_loss":0,"event_name":"Cursed Tome","floor":30,"gold_loss":0},{"damage_healed":0,"gold_gain":0,"player_choice":"Fight","damage_taken":0,"max_hp_gain":0,"max_hp_loss":0,"event_name":"MindBloom","floor":36,"gold_loss":0},{"damage_healed":0,"gold_gain":0,"player_choice":"Paid","damage_taken":0,"relics_obtained":["Red Mask"],"max_hp_gain":0,"max_hp_loss":0,"event_name":"Tomb of Lord Red Mask","floor":39,"gold_loss":269},{"damage_healed":82,"gold_gain":0,"player_choice":"Heal","damage_taken":0,"max_hp_gain":0,"max_hp_loss":12,"event_name":"The Moai Head","floor":48,"gold_loss":0}],"is_beta":false,"boss_relics":[{"not_picked":["Lizard Tail","Snecko Eye"],"picked":"Tiny House"},{"not_picked":["Black Star","Coffee Dripper"],"picked":"Ring of the Serpent"}],"items_purged_floors":[31,46],"is_endless":false,"potions_floor_spawned":[4,7,12,13,16,22,24,29,33,36,37,40,42],"ascension_level":0}