{"gold_per_floor":[113,113,75,92,102,134,134,149,149,224,240,190,210,236,236,339,339,351,363,377,377,22,56,56,91,118,18,18,50,65,65,65,163,163,173,187,287,93,103,103,103,116,141,175,175,175,190,206,206,206],"floor_reached":51,"playtime":3941,"items_purged":["Strike_R","Strike_R","Strike_R"],"score":772,"play_id":"aea9c980-ff4b-44e2-b1be-267eba8e74e7","local_time":"20190717192107","is_ascension_mode":false,"campfire_choices":[{"data":"Anger","floor":7,"key":"SMITH"},{"data":"Burning Pact","floor":15,"key":"SMITH"},{"floor":24,"key":"REST"},{"floor":28,"key":"REST"},{"floor":32,"key":"REST"},{"data":"Anger","floor":40,"key":"SMITH"},{"data":"Brutality","floor":45,"key":"SMITH"},{"floor":49,"key":"REST"}],"neow_cost":"NONE","seed_source_timestamp":238156615628658,"circlet_count":0,"master_deck":["Strike_R","Strike_R","Defend_R","Defend_R","Defend_R","Defend_R","Anger+1","Metallicize","Anger+1","Anger+1","Burning Pact+1","Shrug It Off","Brutality+1","Anger+1","Shrug It Off","Offering","Rupture","Battle Trance","Rage","Impervious","Brutality","Fire Breathing+1","Metallicize","Shrug It Off","Transmutation"],"relics":["Burning Blood","Shuriken","Mercury Hourglass","Pear","Runic Cube","Vajra","Lantern","Oddly Smooth Stone","Bag of Preparation","Lizard Tail","Torii","Pen Nib","Ice Cream"],"potions_floor_usage":[14,16,23,25,25,30,33,39,47,50,50],"damage_taken":[{"damage":5,"enemies":"Small Slimes","floor":1,"turns":4},{"damage":5,"enemies":"Cultist","floor":4,"turns":5},{"damage":0,"enemies":"2 Louse","floor":5,"turns":3},{"damage":22,"enemies":"3 Sentries","floor":6,"turns":8},{"damage":2,"enemies":"Blue Slaver","floor":8,"turns":3},{"damage":11,"enemies":"Exordium Wildlife","floor":11,"turns":3},{"damage":8,"enemies":"Lots of Slimes","floor":13,"turns":2},{"damage":14,"enemies":"Gremlin Nob","floor":14,"turns":4},{"damage":26,"enemies":"Hexaghost","floor":16,"turns":7},{"damage":11,"enemies":"Shell Parasite","floor":18,"turns":4},{"damage":13,"enemies":"Spheric Guardian","floor":19,"turns":4},{"damage":11,"enemies":"Chosen and Byrds","floor":20,"turns":6},{"damage":34,"enemies":"Gremlin Leader","floor":23,"turns":5},{"damage":31,"enemies":"Slavers","floor":25,"turns":3},{"damage":7,"enemies":"Gremlin Leader","floor":29,"turns":4},{"damage":8,"enemies":"3 Cultists","floor":30,"turns":3},{"damage":43,"enemies":"Champ","floor":33,"turns":7},{"damage":8,"enemies":"Orb Walker","floor":35,"turns":3},{"damage":24,"enemies":"3 Darklings","floor":36,"turns":3},{"damage":12,"enemies":"Mind Bloom Boss Battle","floor":37,"turns":5},{"damage":10,"enemies":"Jaw Worm Horde","floor":39,"turns":3},{"damage":19,"enemies":"Sphere and 2 Shapes","floor":42,"turns":3},{"damage":22,"enemies":"Reptomancer","floor":44,"turns":5},{"damage":13,"enemies":"Writhing Mass","floor":47,"turns":5},{"damage":6,"enemies":"Spire Growth","floor":48,"turns":4},{"damage":55,"enemies":"Awakened One","floor":50,"turns":8}],"seed_played":"-7547729868593561291","potions_obtained":[{"floor":4,"key":"Explosive Potion"},{"floor":5,"key":"PowerPotion"},{"floor":11,"key":"Weak Potion"},{"floor":23,"key":"SteroidPotion"},{"floor":25,"key":"Explosive Potion"},{"floor":29,"key":"Explosive Potion"},{"floor":30,"key":"Swift Potion"},{"floor":36,"key":"SpeedPotion"},{"floor":37,"key":"Weak Potion"},{"floor":44,"key":"EssenceOfSteel"}],"is_trial":false,"path_per_floor":["M","?","$","M","M","E","R","M","T","?","M","?","M","E","R","B",null,"M","M","M","?","$","E","R","E","T","$","R","E","M","$","R","B",null,"M","M","?","$","M","R","?","M","T","E","R","T","M","M","R","B",null],"character_chosen":"IRONCLAD","items_purchased":["Metallicize","Shrug It Off","Offering","Rupture","Strength Potion","Metallicize"],"campfire_rested":4,"item_purchase_floors":[3,22,22,22,22,38],"current_hp_per_floor":[80,80,80,80,80,64,64,68,68,57,52,52,50,52,52,32,90,85,78,73,55,55,27,55,30,30,30,58,57,55,55,83,46,95,93,75,69,69,65,65,65,52,52,36,36,36,29,29,57,8],"gold":206,"neow_bonus":"TRANSFORM_CARD","is_prod":false,"is_daily":false,"chose_seed":false,"campfire_upgraded":4,"win_rate":0.0,"timestamp":1563405667,"path_taken":["M","?","?","M","M","E","R","M","T","?","M","?","M","E","R","BOSS","M","M","M","?","$","E","R","E","T","$","R","E","M","$","R","BOSS","M","M","?","$","M","R","?","M","T","E","R","?","M","?","R","BOSS"],"build_version":"2019-07-05","purchased_purges":3,"victory":true,"max_hp_per_floor":[80,80,80,80,80,80,80,80,80,80,80,80,80,90,90,90,90,90,90,90,95,95,95,95,95,95,95,95,95,95,95,95,95,95,95,95,95,95,95,95,95,95,95,95,95,95,95,95,95,95],"card_choices":[{"not_picked":["Flex","Thunderclap"],"picked":"Anger","floor":1},{"not_picked":["Dual Wield","Fire Breathing"],"picked":"Anger","floor":4},{"not_picked":["Sword Boomerang","Thunderclap"],"picked":"Anger","floor":5},{"not_picked":["Clothesline","Corruption","Berserk"],"picked":"SKIP","floor":6},{"not_picked":["Heavy Blade","Flex","Hemokinesis"],"picked":"SKIP","floor":8},{"not_picked":["Combust","Headbutt","Dark Embrace"],"picked":"SKIP","floor":11},{"not_picked":["Reckless Charge","Second Wind"],"picked":"Burning Pact","floor":13},{"not_picked":["Uppercut","Flex"],"picked":"Shrug It Off","floor":14},{"not_picked":["Limit Break","Impervious"],"picked":"Brutality","floor":16},{"not_picked":["Reckless Charge+1","Body Slam","Intimidate+1"],"picked":"SKIP","floor":18},{"not_picked":["Iron Wave","Power Through","Heavy Blade"],"picked":"SKIP","floor":19},{"not_picked":["Flex+1","Perfected Strike"],"picked":"Anger+1","floor":20},{"not_picked":["Shockwave+1","Anger","Infernal Blade"],"picked":"SKIP","floor":23},{"not_picked":["Hemokinesis","Second Wind"],"picked":"Battle Trance","floor":25},{"not_picked":["Burning Pact","Flex"],"picked":"Rage","floor":29},{"not_picked":["Iron Wave","Carnage"],"picked":"Impervious","floor":30},{"not_picked":["Demon Form","Offering"],"picked":"Brutality","floor":33},{"not_picked":["Sword Boomerang","Blood for Blood","Whirlwind+1"],"picked":"SKIP","floor":35},{"not_picked":["Spot Weakness","Cleave"],"picked":"Fire Breathing+1","floor":36},{"not_picked":["Infernal Blade+1","Entrench+1"],"picked":"Shrug It Off","floor":39},{"not_picked":["Good Instincts","Swift Strike"],"picked":"Transmutation","floor":41},{"not_picked":["True Grit+1","Iron Wave","Clothesline+1"],"picked":"SKIP","floor":42},{"not_picked":["Intimidate+1","Armaments","Cleave+1"],"picked":"SKIP","floor":44},{"not_picked":["Infernal Blade+1","Sword Boomerang","Anger"],"picked":"SKIP","floor":47},{"not_picked":["Dual Wield","Headbutt+1","Heavy Blade"],"picked":"SKIP","floor":48}],"player_experience":5827,"relics_obtained":[{"floor":6,"key":"Shuriken"},{"floor":9,"key":"Mercury Hourglass"},{"floor":14,"key":"Pear"},{"floor":23,"key":"Vajra"},{"floor":25,"key":"Lantern"},{"floor":26,"key":"Oddly Smooth Stone"},{"floor":29,"key":"Bag of Preparation"},{"floor":37,"key":"Torii"},{"floor":43,"key":"Pen Nib"},{"floor":44,"key":"Ice Cream"}],"event_choices":[{"damage_healed":0,"gold_gain":0,"player_choice":"Upgraded","damage_taken":0,"max_hp_gain":0,"max_hp_loss":0,"event_name":"Upgrade Shrine","floor":2,"gold_loss":0,"cards_upgraded":["Anger"]},{"damage_healed":0,"gold_gain":75,"player_choice":"Gather Gold","damage_taken":11,"max_hp_gain":0,"max_hp_loss":0,"event_name":"World of Goop","floor":10,"gold_loss":0},{"cards_removed":["Dropkick"],"damage_healed":0,"gold_gain":0,"player_choice":"Card Removal","damage_taken":0,"max_hp_gain":0,"max_hp_loss":0,"event_name":"The Cleric","floor":12,"gold_loss":50},{"damage_healed":0,"gold_gain":0,"player_choice":"Shed Blood","damage_taken":23,"max_hp_gain":5,"max_hp_loss":0,"event_name":"Forgotten Altar","floor":21,"gold_loss":0},{"damage_healed":0,"gold_gain":0,"player_choice":"Fight","damage_taken":0,"max_hp_gain":0,"max_hp_loss":0,"event_name":"MindBloom","floor":37,"gold_loss":0},{"damage_healed":0,"gold_gain":0,"player_choice":"Memory 1","damage_taken":0,"max_hp_gain":0,"max_hp_loss":0,"event_name":"SensoryStone","floor":41,"gold_loss":0}],"is_beta":false,"boss_relics":[{"not_picked":["Calling Bell","Busted Crown"],"picked":"Runic Cube"},{"not_picked":["Coffee Dripper","Cursed Key"],"picked":"Lizard Tail"}],"items_purged_floors":[22,27,38],"is_endless":false,"potions_floor_spawned":[4,5,11,13,23,25,29,30,36,37,44],"ascension_level":0}