{"gold_per_floor":[115,190,207,4,21,21,39,4,30,40,59,59,70,90,90,190,190,202,0,16,36,36,71,71,71,71,81,92,92,106,126,126,226,226,236,254,65,81,81,81,81,6,6,37,37,57,91,91,91,91],"floor_reached":50,"playtime":3999,"items_purged":["Strike_B","Strike_B"],"score":518,"play_id":"91a8cab9-d563-49df-b17c-93481b95ea48","local_time":"20190723102022","is_ascension_mode":false,"campfire_choices":[{"data":"Coolheaded","floor":6,"key":"SMITH"},{"data":"Sunder","floor":12,"key":"SMITH"},{"data":"Streamline","floor":15,"key":"SMITH"},{"data":"Reinforced Body","floor":25,"key":"SMITH"},{"data":"Coolheaded","floor":29,"key":"SMITH"},{"data":"Sunder","floor":32,"key":"SMITH"},{"data":"Barrage","floor":40,"key":"SMITH"},{"data":"Meteor Strike","floor":45,"key":"SMITH"},{"data":"Meteor Strike","floor":49,"key":"SMITH"}],"neow_cost":"NONE","seed_source_timestamp":28428413908755,"circlet_count":0,"master_deck":["Strike_B","Defend_B","Defend_B","Defend_B","Defend_B","Zap","Dualcast","Force Field","Coolheaded+1","Double Energy","Sunder+1","Streamline+1","Self Repair","Doom and Gloom","Compile Driver","Meteor Strike+1","Auto Shields+1","Reinforced Body+1","Force Field","Tempest+1","Tempest","Hologram","Coolheaded+1","Sunder+1","Blizzard","Multi-Cast+1","Hello World+1","Defragment+1","Barrage+1","Double Energy","Meteor Strike+1","Streamline","Consume+1"],"relics":["Snecko Eye","Membership Card","Happy Flower","Inserter","Frozen Egg 2","Lantern","Thread and Needle","Eternal Feather","Bronze Scales","Pen Nib","Smiling Mask","Torii"],"potions_floor_usage":[13,16,21,23,31,33,33,38,38,50],"damage_taken":[{"damage":7,"enemies":"2 Louse","floor":1,"turns":3},{"damage":0,"enemies":"Cultist","floor":3,"turns":3},{"damage":3,"enemies":"Small Slimes","floor":5,"turns":5},{"damage":4,"enemies":"Red Slaver","floor":7,"turns":4},{"damage":11,"enemies":"Large Slime","floor":10,"turns":4},{"damage":9,"enemies":"3 Louse","floor":11,"turns":2},{"damage":0,"enemies":"Exordium Thugs","floor":13,"turns":3},{"damage":0,"enemies":"Looter","floor":14,"turns":3},{"damage":4,"enemies":"Slime Boss","floor":16,"turns":6},{"damage":0,"enemies":"Chosen","floor":18,"turns":3},{"damage":0,"enemies":"Spheric Guardian","floor":20,"turns":3},{"damage":1,"enemies":"Shelled Parasite and Fungi","floor":21,"turns":4},{"damage":19,"enemies":"Book of Stabbing","floor":23,"turns":5},{"damage":0,"enemies":"Sentry and Sphere","floor":27,"turns":4},{"damage":0,"enemies":"3 Cultists","floor":28,"turns":3},{"damage":0,"enemies":"Centurion and Healer","floor":30,"turns":3},{"damage":0,"enemies":"Cultist and Chosen","floor":31,"turns":3},{"damage":18,"enemies":"Automaton","floor":33,"turns":7},{"damage":0,"enemies":"3 Darklings","floor":35,"turns":3},{"damage":0,"enemies":"Orb Walker","floor":36,"turns":3},{"damage":5,"enemies":"Transient","floor":38,"turns":5},{"damage":4,"enemies":"Giant Head","floor":44,"turns":5},{"damage":4,"enemies":"Spire Growth","floor":46,"turns":2},{"damage":5,"enemies":"Nemesis","floor":47,"turns":7},{"damage":86,"enemies":"Time Eater","floor":50,"turns":9}],"seed_played":"-6652195594272014043","potions_obtained":[{"floor":1,"key":"Ancient Potion"},{"floor":10,"key":"SpeedPotion"},{"floor":11,"key":"PowerPotion"},{"floor":16,"key":"Block Potion"},{"floor":21,"key":"Ancient Potion"},{"floor":23,"key":"PowerPotion"},{"floor":28,"key":"Fire Potion"},{"floor":31,"key":"SteroidPotion"},{"floor":36,"key":"AttackPotion"},{"floor":47,"key":"SkillPotion"}],"is_trial":false,"path_per_floor":["M","?","M","$","M","R","M","$","T","M","M","R","M","M","R","B",null,"M","$","M","M","?","E","?","R","T","M","M","R","M","M","R","B",null,"M","M","$","M","?","R","?","$","T","E","R","M","E","?","R","B"],"character_chosen":"DEFECT","items_purchased":["Membership Card","Sunder","Frozen Egg 2","Reinforced Body","Defragment+1","Bronze Scales","Barrage","Meteor Strike"],"campfire_rested":0,"item_purchase_floors":[4,8,19,19,37,37,37,42],"current_hp_per_floor":[68,61,61,61,58,58,54,54,54,43,34,34,34,41,41,37,75,75,75,75,75,75,63,63,63,63,70,70,70,75,75,75,57,75,75,75,75,75,75,75,75,75,75,71,75,71,66,66,75,0],"gold":91,"neow_bonus":"BOSS_RELIC","is_prod":false,"is_daily":false,"chose_seed":false,"campfire_upgraded":9,"win_rate":0,"timestamp":1563870022,"path_taken":["M","?","?","$","M","R","M","?","T","M","M","R","M","M","R","BOSS","M","$","M","M","?","E","?","R","T","M","M","R","?","M","R","BOSS","M","M","$","M","?","R","?","$","T","E","R","?","E","?","R","BOSS"],"build_version":"2019-07-05","purchased_purges":2,"victory":false,"max_hp_per_floor":[75,75,75,75,75,75,75,75,75,75,75,75,75,75,75,75,75,75,75,75,75,75,75,75,75,75,75,75,75,75,75,75,75,75,75,75,75,75,75,75,75,75,75,75,75,75,75,75,75,75],"card_choices":[{"not_picked":["Steam","Ball Lightning"],"picked":"Force Field","floor":1},{"not_picked":["Leap","Conserve Battery"],"picked":"Coolheaded","floor":3},{"not_picked":["Beam Cell","Redo","Go for the Eyes"],"picked":"SKIP","floor":5},{"not_picked":["Hologram","Compile Driver"],"picked":"Double Energy","floor":7},{"not_picked":["Fusion","Seek"],"picked":"Streamline","floor":10},{"not_picked":["Beam Cell","Stack"],"picked":"Self Repair","floor":11},{"not_picked":["Storm","Steam"],"picked":"Doom and Gloom","floor":13},{"not_picked":["Loop","Stack"],"picked":"Compile Driver","floor":14},{"not_picked":["Biased Cognition","Fission"],"picked":"Meteor Strike","floor":16},{"not_picked":["Leap","Reprogram"],"picked":"Auto Shields+1","floor":18},{"not_picked":["Lockon","Compile Driver"],"picked":"Force Field","floor":20},{"not_picked":["Sweeping Beam","Scrape"],"picked":"Tempest+1","floor":21},{"not_picked":["Turbo+1","Redo"],"picked":"Tempest","floor":23},{"not_picked":["Beam Cell+1","Conserve Battery+1"],"picked":"Hologram","floor":27},{"not_picked":["Cold Snap","Reprogram+1"],"picked":"Coolheaded","floor":28},{"not_picked":["Turbo","Coolheaded+1"],"picked":"Sunder","floor":30},{"not_picked":["Go for the Eyes","Compile Driver"],"picked":"Blizzard","floor":31},{"not_picked":["Reboot","Rainbow"],"picked":"Multi-Cast","floor":33},{"not_picked":["Redo+1","Steam"],"picked":"Scrape+1","floor":35},{"not_picked":["Static Discharge+1","Redo+1"],"picked":"Hello World+1","floor":36},{"not_picked":["Compile Driver","Barrage"],"picked":"Double Energy","floor":38},{"not_picked":["Hello World+1","Leap"],"picked":"Streamline","floor":44},{"not_picked":["Go for the Eyes+1","Static Discharge+1","Conserve Battery+1"],"picked":"SKIP","floor":46},{"not_picked":["Ball Lightning+1","Go for the Eyes+1"],"picked":"Consume+1","floor":47}],"player_experience":80800,"relics_obtained":[{"floor":9,"key":"Happy Flower"},{"floor":23,"key":"Lantern"},{"floor":26,"key":"Thread and Needle"},{"floor":43,"key":"Pen Nib"},{"floor":44,"key":"Smiling Mask"},{"floor":47,"key":"Torii"}],"event_choices":[{"damage_healed":0,"gold_gain":75,"player_choice":"Touch","damage_taken":7,"max_hp_gain":0,"max_hp_loss":0,"event_name":"FaceTrader","floor":2,"gold_loss":0},{"cards_removed":["Strike_B"],"damage_healed":0,"gold_gain":0,"player_choice":"Elegance","damage_taken":0,"max_hp_gain":0,"max_hp_loss":0,"event_name":"Back to Basics","floor":22,"gold_loss":0},{"damage_healed":0,"gold_gain":0,"player_choice":"Bought 0 Potions","damage_taken":0,"max_hp_gain":0,"max_hp_loss":0,"event_name":"The Woman in Blue","floor":24,"gold_loss":0},{"damage_healed":0,"gold_gain":0,"player_choice":"Memory 1","damage_taken":0,"max_hp_gain":0,"max_hp_loss":0,"event_name":"SensoryStone","floor":39,"gold_loss":0},{"damage_healed":0,"gold_gain":0,"player_choice":"Forge","damage_taken":0,"max_hp_gain":0,"max_hp_loss":0,"event_name":"Accursed Blacksmith","floor":41,"gold_loss":0,"cards_upgraded":["Multi-Cast"]},{"cards_removed":["Scrape"],"damage_healed":0,"gold_gain":0,"player_choice":"Removed Attack","damage_taken":0,"max_hp_gain":0,"max_hp_loss":0,"event_name":"Falling","floor":48,"gold_loss":0}],"is_beta":false,"boss_relics":[{"not_picked":["Lizard Tail","Coffee Dripper"],"picked":"Inserter"},{"not_picked":["Runic Dome","Busted Crown"],"picked":"Eternal Feather"}],"items_purged_floors":[19,37],"is_endless":false,"potions_floor_spawned":[1,10,11,16,21,23,28,31,36,47],"killed_by":"Time Eater","ascension_level":0}