{"gold_per_floor":[117,137,156,171,346,346,381,381,427,427,457,60,135,146,146,242,242,262,20,33,48,66,66,66,66,66,66,79,99,119,131,131,226,226,242,257,80,100,49,65,65,0,82,95,108,108,128,138,138,138],"floor_reached":50,"playtime":3016,"items_purged":["Strike_B","Injury","Thunder Strike"],"score":602,"play_id":"5a6f1fc7-aee0-4725-821d-c312923ab44e","local_time":"20190721184936","is_ascension_mode":false,"campfire_choices":[{"floor":6,"key":"REST"},{"floor":8,"key":"REST"},{"floor":10,"key":"REST"},{"data":"Turbo","floor":15,"key":"SMITH"},{"floor":23,"key":"REST"},{"data":"Zap","floor":25,"key":"SMITH"},{"data":"Reprogram","floor":27,"key":"SMITH"},{"floor":32,"key":"REST"},{"floor":41,"key":"REST"},{"data":"Hologram","floor":49,"key":"SMITH"}],"neow_cost":"PERCENT_DAMAGE","seed_source_timestamp":582808575327853,"circlet_count":0,"master_deck":["Zap+1","Turbo+1","Leap","Streamline","Beam Cell","Doubt","Reprogram","Finesse","BootSequence","Conserve Battery","Fission","Clumsy","Injury","Reprogram+1","Hologram","Beam Cell","Steam","Beam Cell+1","Streamline+1","Gash+1","FTL","Reprogram","Seek","Electrodynamics","Go for the Eyes","Aggregate","All For One","Reboot","Gash","Turbo","Hologram+1","Gash","FTL+1","Turbo+1","Bandage Up","Beam Cell+1"],"relics":["Cracked Core","Letter Opener","Bag of Marbles","Bronze Scales","War Paint","Calling Bell","Happy Flower","Blue Candle","Unceasing Top","Question Card","Pandora\u0027s Box","Red Mask","Molten Egg 2"],"potions_floor_usage":[2,22,29,29,29,33,40,50,50,50],"damage_taken":[{"damage":0,"enemies":"Small Slimes","floor":1,"turns":4},{"damage":0,"enemies":"Jaw Worm","floor":2,"turns":4},{"damage":8,"enemies":"2 Louse","floor":3,"turns":4},{"damage":6,"enemies":"Exordium Thugs","floor":4,"turns":4},{"damage":33,"enemies":"3 Sentries","floor":7,"turns":9},{"damage":0,"enemies":"Lots of Slimes","floor":14,"turns":2},{"damage":57,"enemies":"Hexaghost","floor":16,"turns":9},{"damage":4,"enemies":"3 Byrds","floor":18,"turns":2},{"damage":1,"enemies":"Shell Parasite","floor":20,"turns":5},{"damage":4,"enemies":"Shelled Parasite and Fungi","floor":21,"turns":5},{"damage":17,"enemies":"Snecko","floor":22,"turns":6},{"damage":17,"enemies":"Sentry and Sphere","floor":28,"turns":5},{"damage":2,"enemies":"Centurion and Healer","floor":29,"turns":1},{"damage":2,"enemies":"Cultist and Chosen","floor":30,"turns":3},{"damage":2,"enemies":"Chosen and Byrds","floor":31,"turns":3},{"damage":3,"enemies":"Champ","floor":33,"turns":4},{"damage":1,"enemies":"Orb Walker","floor":35,"turns":1},{"damage":24,"enemies":"3 Shapes","floor":36,"turns":3},{"damage":1,"enemies":"Writhing Mass","floor":38,"turns":1},{"damage":1,"enemies":"Jaw Worm Horde","floor":40,"turns":1},{"damage":1,"enemies":"Spire Growth","floor":44,"turns":1},{"damage":1,"enemies":"Sphere and 2 Shapes","floor":45,"turns":1},{"damage":1,"enemies":"3 Darklings","floor":47,"turns":1},{"damage":1,"enemies":"Spire Growth","floor":48,"turns":2},{"damage":75,"enemies":"Time Eater","floor":50,"turns":6}],"seed_played":"-8544187705054590874","potions_obtained":[{"floor":1,"key":"GamblersBrew"},{"floor":7,"key":"FearPotion"},{"floor":21,"key":"GamblersBrew"},{"floor":22,"key":"Dexterity Potion"},{"floor":28,"key":"Explosive Potion"},{"floor":29,"key":"SmokeBomb"},{"floor":31,"key":"LiquidBronze"},{"floor":36,"key":"AttackPotion"},{"floor":40,"key":"Ancient Potion"},{"floor":45,"key":"Block Potion"},{"floor":47,"key":"Poison Potion"}],"is_trial":false,"path_per_floor":["M","M","M","M","?","R","E","R","T","R","?","$","?","M","R","B",null,"M","$","M","M","M","R","$","R","T","R","M","M","M","M","R","B",null,"M","M","$","M","$","M","R","?","T","M","M","?","M","M","R","B"],"character_chosen":"DEFECT","items_purchased":["Finesse","BootSequence","War Paint","Reprogram","Hologram","Beam Cell","Hologram","Gash"],"campfire_rested":6,"item_purchase_floors":[12,12,12,19,19,19,37,39],"current_hp_per_floor":[54,54,46,40,40,62,29,51,51,73,73,73,62,62,62,5,75,71,71,70,66,49,71,71,71,71,71,54,52,50,48,70,67,75,74,50,50,49,49,48,70,70,70,69,68,68,71,74,74,0],"gold":138,"neow_bonus":"REMOVE_TWO","is_prod":false,"is_daily":false,"chose_seed":false,"campfire_upgraded":4,"win_rate":0.0,"timestamp":1563749376,"path_taken":["M","M","M","M","?","R","E","R","T","R","?","$","?","M","R","BOSS","M","$","M","M","M","R","$","R","T","R","M","M","M","M","R","BOSS","M","M","$","M","$","M","R","?","T","M","M","?","M","M","R","BOSS"],"build_version":"2019-07-17","purchased_purges":3,"victory":false,"max_hp_per_floor":[75,75,75,75,75,75,75,75,75,75,75,75,75,75,75,75,75,75,75,75,75,75,75,75,75,75,75,75,75,75,75,75,75,75,75,75,75,75,75,75,75,75,75,75,75,75,75,75,75,75],"card_choices":[{"not_picked":["Melter","Lockon"],"picked":"Turbo","floor":1},{"not_picked":["Barrage","Coolheaded"],"picked":"Leap","floor":2},{"not_picked":["Hello World","Redo"],"picked":"Streamline","floor":3},{"not_picked":["Ball Lightning","Undo"],"picked":"Beam Cell","floor":4},{"not_picked":["Coolheaded","Genetic Algorithm"],"picked":"Reprogram","floor":7},{"not_picked":["Glacier","Hello World"],"picked":"Conserve Battery","floor":14},{"not_picked":["Machine Learning","Thunder Strike"],"picked":"Fission","floor":16},{"not_picked":["Ball Lightning","Capacitor","Reinforced Body"],"picked":"SKIP","floor":18},{"not_picked":["Rebound","Sweeping Beam","Conserve Battery"],"picked":"SKIP","floor":20},{"not_picked":["Amplify","Capacitor"],"picked":"Steam","floor":21},{"not_picked":["Rebound","Hello World"],"picked":"Beam Cell+1","floor":22},{"not_picked":["Redo+1","Chill","Cold Snap"],"picked":"Streamline+1","floor":28},{"not_picked":["Hologram+1","Sweeping Beam+1","Rebound"],"picked":"Gash+1","floor":29},{"not_picked":["Consume+1","Streamline","Conserve Battery"],"picked":"FTL","floor":30},{"not_picked":["Conserve Battery","Redo","Double Energy"],"picked":"Reprogram","floor":31},{"not_picked":["Core Surge","Echo Form","Fission"],"picked":"Seek","floor":33},{"not_picked":["Compile Driver","BootSequence","Force Field+1"],"picked":"Gash","floor":35},{"not_picked":["Cold Snap+1","Heatsinks","Rip and Tear"],"picked":"Turbo","floor":36},{"not_picked":["Leap","Rebound+1","Chill+1","Storm"],"picked":"SKIP","floor":38},{"not_picked":["Beam Cell","Meteor Strike","Hologram+1","Glacier+1"],"picked":"SKIP","floor":40},{"not_picked":["Go for the Eyes+1","Barrage+1","Conserve Battery+1"],"picked":"FTL+1","floor":44},{"not_picked":["Sweeping Beam+1","Cold Snap+1","Consume+1"],"picked":"Turbo+1","floor":45},{"not_picked":["Mind Blast+1","Dark Shackles","Sadistic Nature"],"picked":"Bandage Up","floor":46},{"not_picked":["Streamline+1","Cold Snap+1","Go for the Eyes+1"],"picked":"Beam Cell+1","floor":47},{"not_picked":["Barrage+1","Melter+1","Stack","Sweeping Beam+1"],"picked":"SKIP","floor":48}],"player_experience":84166,"relics_obtained":[{"floor":7,"key":"Letter Opener"},{"floor":9,"key":"Bag of Marbles"},{"floor":17,"key":"Happy Flower"},{"floor":17,"key":"Blue Candle"},{"floor":17,"key":"Unceasing Top"},{"floor":26,"key":"Question Card"},{"floor":43,"key":"Molten Egg 2"}],"event_choices":[{"damage_healed":0,"gold_gain":175,"player_choice":"AGREE","damage_taken":0,"max_hp_gain":0,"max_hp_loss":0,"event_name":"Liars Game","floor":5,"gold_loss":0,"cards_obtained":["Doubt"]},{"damage_healed":0,"gold_gain":30,"player_choice":"Searched \u00273\u0027 times","damage_taken":0,"relics_obtained":["Bronze Scales"],"max_hp_gain":0,"max_hp_loss":0,"event_name":"Dead Adventurer","floor":11,"gold_loss":0},{"damage_healed":0,"gold_gain":75,"player_choice":"Gather Gold","damage_taken":11,"max_hp_gain":0,"max_hp_loss":0,"event_name":"World of Goop","floor":13,"gold_loss":0},{"damage_healed":0,"gold_gain":0,"player_choice":"Paid","damage_taken":0,"relics_obtained":["Red Mask"],"max_hp_gain":0,"max_hp_loss":0,"event_name":"Tomb of Lord Red Mask","floor":42,"gold_loss":65},{"damage_healed":0,"gold_gain":0,"player_choice":"Memory 1","damage_taken":0,"max_hp_gain":0,"max_hp_loss":0,"event_name":"SensoryStone","floor":46,"gold_loss":0}],"is_beta":false,"boss_relics":[{"not_picked":["Snecko Eye","Runic Pyramid"],"picked":"Calling Bell"},{"not_picked":["Cursed Key","Astrolabe"],"picked":"Pandora\u0027s Box"}],"items_purged_floors":[12,19,37],"is_endless":false,"potions_floor_spawned":[1,7,21,22,28,29,31,36,40,45,47],"killed_by":"Time Eater","ascension_level":0}