{"gold_per_floor":[114,134,148,166,166,196,196,215,215,225,35,35,63,75,75,75],"floor_reached":16,"playtime":2413,"items_purged":[],"score":177,"play_id":"32fd71b3-fa1a-4454-b0cb-8e31784ce663","local_time":"20190724164752","is_ascension_mode":true,"campfire_choices":[{"floor":7,"key":"REST"},{"data":"Searing Blow","floor":12,"key":"SMITH"},{"floor":15,"key":"REST"}],"neow_cost":"NONE","seed_source_timestamp":1148369919546400,"circlet_count":0,"master_deck":["AscendersBane","Strike_R","Strike_R","Strike_R","Strike_R","Defend_R","Defend_R","Defend_R","Defend_R","Bash+1","Spot Weakness","Shockwave","Warcry","Cleave","Blood for Blood","Corruption","Searing Blow+1","Flex","Cleave","PiercingWail"],"relics":["Burning Blood","Blue Candle","Bottled Lightning","PrismaticShard","Matryoshka"],"potions_floor_usage":[3,13],"damage_taken":[{"damage":6,"enemies":"Cultist","floor":1,"turns":4},{"damage":7,"enemies":"Jaw Worm","floor":2,"turns":3},{"damage":1,"enemies":"2 Louse","floor":3,"turns":2},{"damage":11,"enemies":"Looter","floor":4,"turns":2},{"damage":35,"enemies":"3 Sentries","floor":6,"turns":7},{"damage":14,"enemies":"Blue Slaver","floor":8,"turns":4},{"damage":5,"enemies":"3 Louse","floor":10,"turns":3},{"damage":58,"enemies":"Gremlin Nob","floor":13,"turns":5},{"damage":14,"enemies":"Gremlin Gang","floor":14,"turns":3},{"damage":37,"enemies":"The Guardian","floor":16,"turns":6}],"seed_played":"-7324200722180341573","potions_obtained":[{"floor":1,"key":"SteroidPotion"},{"floor":8,"key":"FairyPotion"},{"floor":10,"key":"Poison Potion"}],"is_trial":false,"path_per_floor":["M","M","M","M","?","E","R","M","T","M","$","R","E","M","R","B"],"character_chosen":"IRONCLAD","items_purchased":["PrismaticShard"],"campfire_rested":2,"item_purchase_floors":[11],"current_hp_per_floor":[72,71,76,71,71,42,66,58,58,59,59,59,7,9,33,0],"gold":75,"neow_bonus":"UPGRADE_CARD","is_prod":false,"is_daily":false,"chose_seed":false,"campfire_upgraded":1,"win_rate":0,"timestamp":1563983272,"path_taken":["M","M","?","?","?","E","R","M","T","M","$","R","E","M","R","BOSS"],"build_version":"2019-07-17","purchased_purges":0,"victory":false,"max_hp_per_floor":[80,80,80,80,80,80,80,80,80,80,80,80,80,80,80,80],"card_choices":[{"not_picked":["Iron Wave","Corruption"],"picked":"Spot Weakness","floor":1},{"not_picked":["Shrug It Off","Perfected Strike"],"picked":"Shockwave","floor":2},{"not_picked":["Second Wind","Combust"],"picked":"Warcry","floor":3},{"not_picked":["Thunderclap","Sword Boomerang"],"picked":"Cleave","floor":4},{"not_picked":["Entrench","Heavy Blade"],"picked":"Corruption","floor":6},{"not_picked":["Wild Strike","Second Wind"],"picked":"Searing Blow","floor":8},{"not_picked":["Sever Soul","True Grit"],"picked":"Flex","floor":10},{"not_picked":["Stack","Offering"],"picked":"Cleave","floor":13},{"not_picked":["Turbo","Stack"],"picked":"PiercingWail","floor":14}],"player_experience":1079032,"relics_obtained":[{"floor":6,"key":"Blue Candle"},{"floor":9,"key":"Bottled Lightning"},{"floor":13,"key":"Matryoshka"}],"event_choices":[{"damage_healed":0,"gold_gain":0,"cards_transformed":["Strike_R"],"player_choice":"Change","damage_taken":0,"max_hp_gain":0,"max_hp_loss":0,"event_name":"Living Wall","floor":5,"gold_loss":0,"cards_obtained":["Blood for Blood"]}],"is_beta":false,"boss_relics":[],"items_purged_floors":[],"is_endless":false,"potions_floor_spawned":[1,8,10],"killed_by":"The Guardian","ascension_level":11}