{"gold_per_floor":[119,130,205,225,225,225,175,175,175,193,193,208,133,133,133,237,237,248,122,133,145,145,174,174,187,213,230,230,261,261,52,52,147,147,157,171,171,184,31,31,60,411,438,438,141,155,172,207,207,207],"floor_reached":51,"playtime":2836,"items_purged":["Strike_R","Strike_R","Strike_R"],"score":978,"play_id":"00e05542-951b-4f76-a8ea-b5eae49325f8","local_time":"20190710000235","is_ascension_mode":true,"campfire_choices":[{"data":"Body Slam","floor":6,"key":"SMITH"},{"data":"Body Slam","floor":11,"key":"SMITH"},{"data":"Flame Barrier","floor":15,"key":"SMITH"},{"data":"Barricade","floor":24,"key":"SMITH"},{"data":"Shrug It Off","floor":30,"key":"SMITH"},{"data":"Impatience","floor":32,"key":"SMITH"},{"data":"Body Slam","floor":40,"key":"SMITH"},{"data":"Double Tap","floor":49,"key":"SMITH"}],"neow_cost":"NONE","seed_source_timestamp":21766588419046,"circlet_count":0,"master_deck":["Defend_R","Defend_R","Defend_R","Defend_R","Bash","Body Slam+1","Body Slam+1","Flame Barrier+1","Barricade+1","Armaments+1","Shrug It Off+1","Pommel Strike+1","Impatience+1","Impervious","Shrug It Off+1","Body Slam+1","Body Slam+1","Double Tap+1","Body Slam+1"],"relics":["Burning Blood","NeowsBlessing","Dodecahedron","Self Forming Clay","Philosopher\u0027s Stone","MutagenicStrength","Pantograph","Pen Nib","Letter Opener","Black Star","Anchor","PreservedInsect","Meat on the Bone","Old Coin","Oddly Smooth Stone","Nunchaku","Boot","Incense Burner"],"potions_floor_usage":[16,18,23,27,33,33,46],"damage_taken":[{"damage":0,"enemies":"Cultist","floor":1,"turns":1},{"damage":0,"enemies":"Jaw Worm","floor":2,"turns":1},{"damage":0,"enemies":"Small Slimes","floor":4,"turns":1},{"damage":12,"enemies":"Looter","floor":10,"turns":3},{"damage":1,"enemies":"Large Slime","floor":12,"turns":6},{"damage":24,"enemies":"Hexaghost","floor":16,"turns":7},{"damage":5,"enemies":"Shell Parasite","floor":18,"turns":4},{"damage":0,"enemies":"Chosen","floor":20,"turns":3},{"damage":8,"enemies":"Shelled Parasite and Fungi","floor":21,"turns":4},{"damage":5,"enemies":"Gremlin Leader","floor":23,"turns":6},{"damage":9,"enemies":"Chosen and Byrds","floor":25,"turns":8},{"damage":2,"enemies":"Sentry and Sphere","floor":27,"turns":5},{"damage":3,"enemies":"Book of Stabbing","floor":29,"turns":4},{"damage":0,"enemies":"Collector","floor":33,"turns":3},{"damage":3,"enemies":"Orb Walker","floor":35,"turns":4},{"damage":0,"enemies":"3 Shapes","floor":36,"turns":4},{"damage":0,"enemies":"Spire Growth","floor":38,"turns":2},{"damage":0,"enemies":"Reptomancer","floor":41,"turns":1},{"damage":6,"enemies":"2 Orb Walkers","floor":42,"turns":3},{"damage":0,"enemies":"3 Darklings","floor":46,"turns":3},{"damage":0,"enemies":"Sphere and 2 Shapes","floor":47,"turns":3},{"damage":0,"enemies":"Giant Head","floor":48,"turns":4},{"damage":0,"enemies":"Time Eater","floor":50,"turns":4}],"seed_played":"2108563214926068683","potions_obtained":[{"floor":1,"key":"SkillPotion"},{"floor":12,"key":"Explosive Potion"},{"floor":14,"key":"AttackPotion"},{"floor":16,"key":"Dexterity Potion"},{"floor":18,"key":"Ancient Potion"},{"floor":21,"key":"PowerPotion"},{"floor":25,"key":"Strength Potion"},{"floor":29,"key":"LiquidBronze"},{"floor":38,"key":"Dexterity Potion"},{"floor":42,"key":"Block Potion"},{"floor":48,"key":"PowerPotion"}],"is_trial":false,"path_per_floor":["M","M","?","M","?","R","?","T","T","M","R","M","$","?","R","B",null,"M","$","M","M","?","E","R","M","T","M","?","E","R","$","R","B",null,"M","M","?","M","$","R","E","?","T","?","$","M","M","E","R","B",null],"character_chosen":"IRONCLAD","items_purchased":["Shrug It Off","Impatience","Anchor","Nunchaku"],"campfire_rested":0,"item_purchase_floors":[19,31,39,45],"current_hp_per_floor":[80,80,69,75,75,75,75,75,75,69,69,74,74,74,74,56,80,80,80,80,78,78,79,79,76,76,80,80,80,80,80,80,80,80,80,80,76,76,76,76,76,76,76,76,76,76,76,76,76,76],"gold":207,"neow_bonus":"THREE_ENEMY_KILL","is_prod":false,"is_daily":false,"chose_seed":false,"campfire_upgraded":8,"win_rate":0,"timestamp":1562734955,"path_taken":["M","?","?","M","?","R","?","?","T","M","R","M","$","?","R","BOSS","M","$","M","?","?","E","R","M","T","M","?","E","R","$","R","BOSS","M","M","?","M","$","R","E","?","T","?","$","?","M","E","R","BOSS"],"build_version":"2019-07-05","purchased_purges":3,"victory":true,"max_hp_per_floor":[80,80,80,80,80,80,80,80,80,80,80,80,80,80,80,80,80,80,80,80,80,80,80,80,80,80,80,80,80,80,80,80,80,80,80,80,76,76,76,76,76,76,76,76,76,76,76,76,76,76],"card_choices":[{"not_picked":["Metallicize","Dropkick"],"picked":"Body Slam","floor":1},{"not_picked":["Entrench","Clothesline","Cleave"],"picked":"SKIP","floor":2},{"not_picked":["Havoc","Shockwave"],"picked":"Body Slam","floor":4},{"not_picked":["Havoc","Demon Form"],"picked":"Flame Barrier","floor":10},{"not_picked":["Warcry","Wild Strike","Sentinel"],"picked":"SKIP","floor":12},{"not_picked":["Exhume","Fiend Fire"],"picked":"Barricade","floor":16},{"not_picked":["Shrug It Off","Flex"],"picked":"Armaments+1","floor":18},{"not_picked":["Searing Blow+1","Anger","Twin Strike"],"picked":"SKIP","floor":20},{"not_picked":["Headbutt+1","Armaments","Rupture+1"],"picked":"SKIP","floor":21},{"not_picked":["Searing Blow","Anger","Headbutt"],"picked":"SKIP","floor":23},{"not_picked":["Cleave","Twin Strike"],"picked":"Pommel Strike+1","floor":25},{"not_picked":["Flex","Iron Wave","Metallicize"],"picked":"SKIP","floor":27},{"not_picked":["Dual Wield","Iron Wave","True Grit"],"picked":"SKIP","floor":29},{"not_picked":["Berserk","Limit Break"],"picked":"Impervious","floor":33},{"not_picked":["Pommel Strike+1","Twin Strike+1"],"picked":"Shrug It Off","floor":35},{"not_picked":["Perfected Strike","Rampage+1"],"picked":"Body Slam","floor":36},{"not_picked":["Perfected Strike+1","Heavy Blade"],"picked":"Body Slam+1","floor":38},{"not_picked":["Dual Wield+1","Headbutt","Heavy Blade"],"picked":"SKIP","floor":41},{"not_picked":["Intimidate","Searing Blow+1","Wild Strike"],"picked":"SKIP","floor":46},{"not_picked":["Infernal Blade","Body Slam+1"],"picked":"Double Tap","floor":47},{"not_picked":["Warcry","Heavy Blade"],"picked":"Body Slam+1","floor":48}],"player_experience":63586,"relics_obtained":[{"floor":8,"key":"Dodecahedron"},{"floor":9,"key":"Self Forming Clay"},{"floor":23,"key":"Pantograph"},{"floor":26,"key":"Pen Nib"},{"floor":29,"key":"Letter Opener"},{"floor":41,"key":"PreservedInsect"},{"floor":41,"key":"Meat on the Bone"},{"floor":42,"key":"Old Coin"},{"floor":43,"key":"Oddly Smooth Stone"},{"floor":48,"key":"Boot"},{"floor":48,"key":"Incense Burner"}],"event_choices":[{"damage_healed":0,"gold_gain":75,"player_choice":"Gather Gold","damage_taken":11,"max_hp_gain":0,"max_hp_loss":0,"event_name":"World of Goop","floor":3,"gold_loss":0},{"cards_removed":["Strike_R"],"damage_healed":0,"gold_gain":0,"player_choice":"Forget","damage_taken":0,"max_hp_gain":0,"max_hp_loss":0,"event_name":"Living Wall","floor":5,"gold_loss":0},{"cards_removed":["Strike_R"],"damage_healed":0,"gold_gain":0,"player_choice":"Card Removal","damage_taken":0,"max_hp_gain":0,"max_hp_loss":0,"event_name":"The Cleric","floor":7,"gold_loss":50},{"damage_healed":0,"gold_gain":0,"player_choice":"Got Potions","damage_taken":0,"max_hp_gain":0,"max_hp_loss":0,"event_name":"Lab","floor":14,"gold_loss":0},{"damage_healed":0,"gold_gain":0,"player_choice":"Inject Mutagens","damage_taken":0,"relics_obtained":["MutagenicStrength"],"max_hp_gain":0,"max_hp_loss":0,"event_name":"Drug Dealer","floor":22,"gold_loss":0},{"damage_healed":0,"gold_gain":0,"player_choice":"Ignored","damage_taken":0,"max_hp_gain":0,"max_hp_loss":0,"event_name":"Vampires","floor":28,"gold_loss":0},{"damage_healed":0,"gold_gain":0,"player_choice":"Max HP","damage_taken":0,"max_hp_gain":0,"max_hp_loss":4,"event_name":"Winding Halls","floor":37,"gold_loss":0},{"damage_healed":0,"gold_gain":0,"player_choice":"Fight","damage_taken":0,"max_hp_gain":0,"max_hp_loss":0,"event_name":"Mysterious Sphere","floor":42,"gold_loss":0},{"damage_healed":0,"gold_gain":0,"player_choice":"Upgraded","damage_taken":0,"max_hp_gain":0,"max_hp_loss":0,"event_name":"Upgrade Shrine","floor":44,"gold_loss":0,"cards_upgraded":["Shrug It Off"]}],"is_beta":false,"boss_relics":[{"not_picked":["Ectoplasm","Sozu"],"picked":"Philosopher\u0027s Stone"},{"not_picked":["Eternal Feather","Cursed Key"],"picked":"Black Star"}],"items_purged_floors":[13,19,31],"is_endless":false,"potions_floor_spawned":[1,12,16,18,21,25,29,38,42,48],"ascension_level":1}