{"gold_per_floor":[112,122,122,197,212,212,245,122,145,145],"floor_reached":10,"playtime":481,"items_purged":["Strike_R"],"score":73,"play_id":"861fc548-93f6-4625-8216-13a7bd391659","local_time":"20190725031720","is_ascension_mode":true,"campfire_choices":[{"data":"Body Slam","floor":6,"key":"SMITH"}],"neow_cost":"TEN_PERCENT_HP_LOSS","seed_source_timestamp":44951469781663,"circlet_count":0,"master_deck":["Strike_R","Strike_R","Strike_R","Strike_R","Defend_R","Defend_R","Defend_R","Defend_R","Bash","Pommel Strike","Body Slam+1","Iron Wave","Cleave"],"relics":["Burning Blood","Gambling Chip","Pen Nib","Omamori"],"potions_floor_usage":[7],"damage_taken":[{"damage":8,"enemies":"Jaw Worm","floor":1,"turns":6},{"damage":4,"enemies":"2 Louse","floor":2,"turns":3},{"damage":1,"enemies":"Cultist","floor":5,"turns":3},{"damage":54,"enemies":"Lagavulin","floor":7,"turns":9},{"damage":0,"enemies":"Exordium Thugs","floor":10,"turns":1}],"seed_played":"-6440836497177835849","potions_obtained":[{"floor":2,"key":"SkillPotion"},{"floor":5,"key":"PowerPotion"}],"is_trial":false,"path_per_floor":["M","M","?","?","M","R","E","$","T","M"],"character_chosen":"IRONCLAD","items_purchased":["Cleave"],"campfire_rested":0,"item_purchase_floors":[8],"current_hp_per_floor":[70,72,77,66,71,71,23,23,23,23],"gold":145,"neow_bonus":"ONE_RARE_RELIC","is_prod":false,"is_daily":false,"chose_seed":false,"campfire_upgraded":1,"win_rate":0,"timestamp":1564042640,"path_taken":["M","M","?","?","M","R","E","$","T","M"],"build_version":"2019-07-17","purchased_purges":1,"victory":false,"max_hp_per_floor":[72,72,77,77,77,77,77,77,77,77],"card_choices":[{"not_picked":["Disarm","Evolve"],"picked":"Pommel Strike","floor":1},{"not_picked":["Thunderclap","True Grit","Heavy Blade"],"picked":"SKIP","floor":2},{"not_picked":["True Grit","Heavy Blade"],"picked":"Body Slam","floor":5},{"not_picked":["Immolate","Bloodletting"],"picked":"Iron Wave","floor":7}],"player_experience":233914,"relics_obtained":[{"floor":7,"key":"Pen Nib"},{"floor":9,"key":"Omamori"}],"event_choices":[{"damage_healed":0,"gold_gain":0,"player_choice":"Donut","damage_taken":0,"max_hp_gain":5,"max_hp_loss":0,"event_name":"Big Fish","floor":3,"gold_loss":0},{"damage_healed":0,"gold_gain":75,"player_choice":"Gather Gold","damage_taken":11,"max_hp_gain":0,"max_hp_loss":0,"event_name":"World of Goop","floor":4,"gold_loss":0}],"is_beta":false,"boss_relics":[],"items_purged_floors":[8],"is_endless":false,"potions_floor_spawned":[2,5],"killed_by":"Exordium Thugs","ascension_level":2}