{"gold_per_floor":[115,135,66,78,96,96,96,129,129,129,149,149,165,177,177,255,255,271,288,46,60,5,5,5,5,56,56,66,66,97,97,97,97],"floor_reached":33,"playtime":2453,"items_purged":["Decay"],"score":519,"play_id":"f2be6f8d-97f3-4a72-abfd-91dbb5e71f42","local_time":"20190722135416","is_ascension_mode":true,"campfire_choices":[{"data":"Neutralize","floor":6,"key":"SMITH"},{"data":"Trip","floor":10,"key":"SMITH"},{"data":"Blur","floor":12,"key":"SMITH"},{"data":"Caltrops","floor":15,"key":"SMITH"},{"floor":23,"key":"REST"},{"data":"Adrenaline","floor":25,"key":"SMITH"},{"data":"Bite","floor":27,"key":"SMITH"},{"floor":29,"key":"REST"},{"floor":32,"key":"REST"}],"neow_cost":"NONE","seed_source_timestamp":233914153590300,"circlet_count":0,"master_deck":["AscendersBane","Defend_G","Defend_G","Defend_G","Defend_G","Survivor","Neutralize+1","Trip+1","Escape Plan","Blur+1","Poisoned Stab","Leg Sweep","Bane","Caltrops+1","Riddle With Holes","Adrenaline+1","Cloak And Dagger","Outmaneuver","Noxious Fumes+1","Bite+1","Bite","Bite","Bite","Bite","Die Die Die"],"relics":["Ring of the Snake","Omamori","Oddly Smooth Stone","Calling Bell","Ice Cream","Sundial","Anchor","Boot","Happy Flower","Darkstone Periapt"],"potions_floor_usage":[5,16,16,21,21,28,33],"damage_taken":[{"damage":2,"enemies":"2 Louse","floor":1,"turns":3},{"damage":0,"enemies":"Cultist","floor":2,"turns":3},{"damage":1,"enemies":"Small Slimes","floor":4,"turns":4},{"damage":5,"enemies":"Blue Slaver","floor":5,"turns":6},{"damage":24,"enemies":"Gremlin Nob","floor":8,"turns":5},{"damage":0,"enemies":"Red Slaver","floor":11,"turns":3},{"damage":1,"enemies":"Large Slime","floor":13,"turns":6},{"damage":1,"enemies":"3 Louse","floor":14,"turns":4},{"damage":8,"enemies":"The Guardian","floor":16,"turns":15},{"damage":18,"enemies":"Shell Parasite","floor":18,"turns":8},{"damage":13,"enemies":"Spheric Guardian","floor":19,"turns":8},{"damage":30,"enemies":"3 Cultists","floor":21,"turns":7},{"damage":6,"enemies":"Shelled Parasite and Fungi","floor":28,"turns":6},{"damage":21,"enemies":"Book of Stabbing","floor":30,"turns":7},{"damage":82,"enemies":"Collector","floor":33,"turns":11}],"seed_played":"-1736454804821090330","potions_obtained":[{"floor":1,"key":"SkillPotion"},{"floor":2,"key":"Weak Potion"},{"floor":5,"key":"Weak Potion"},{"floor":8,"key":"SkillPotion"},{"floor":16,"key":"Dexterity Potion"},{"floor":19,"key":"Regen Potion"},{"floor":21,"key":"EssenceOfSteel"}],"is_trial":false,"path_per_floor":["M","M","?","M","M","R","?","E","T","R","M","R","M","M","R","B",null,"M","M","$","M","$","R","?","R","T","R","M","R","E","?","R","B"],"character_chosen":"THE_SILENT","items_purchased":["Boot","Explosive Potion"],"campfire_rested":3,"item_purchase_floors":[20,22],"current_hp_per_floor":[57,57,57,56,51,51,51,27,27,27,27,27,26,25,25,17,54,36,23,23,8,8,27,27,27,27,27,33,46,34,23,38,0],"gold":97,"neow_bonus":"RANDOM_COLORLESS","is_prod":false,"is_daily":false,"chose_seed":false,"campfire_upgraded":6,"win_rate":0,"timestamp":1563796456,"path_taken":["M","M","?","M","M","R","?","E","T","R","?","R","M","M","R","BOSS","M","M","$","M","$","R","?","R","T","R","M","R","E","?","R","BOSS"],"build_version":"2019-07-17","purchased_purges":1,"victory":false,"max_hp_per_floor":[66,66,66,66,66,66,66,66,66,66,66,66,66,66,66,66,66,66,66,66,66,66,66,46,46,46,46,46,46,46,51,51,51],"card_choices":[{"not_picked":["Dodge and Roll","Distraction"],"picked":"Escape Plan","floor":1},{"not_picked":["Accuracy","Choke"],"picked":"Blur","floor":2},{"not_picked":["Riddle With Holes","Underhanded Strike"],"picked":"Poisoned Stab","floor":4},{"not_picked":["Sucker Punch","Reflex"],"picked":"Leg Sweep","floor":5},{"not_picked":["Outmaneuver","Sucker Punch"],"picked":"Bane","floor":8},{"not_picked":["Bane","Skewer","Outmaneuver"],"picked":"SKIP","floor":11},{"not_picked":["Poisoned Stab","Outmaneuver"],"picked":"Caltrops","floor":13},{"not_picked":["Accuracy","Sucker Punch"],"picked":"Riddle With Holes","floor":14},{"not_picked":["Tools of the Trade","After Image"],"picked":"Adrenaline","floor":16},{"not_picked":["Prepared","Sucker Punch"],"picked":"Cloak And Dagger","floor":18},{"not_picked":["Backflip","Setup"],"picked":"Outmaneuver","floor":19},{"not_picked":["Quick Slash","Flying Knee"],"picked":"Noxious Fumes+1","floor":21},{"not_picked":["Concentrate","Choke"],"picked":"Die Die Die","floor":28},{"not_picked":["Quick Slash","Slice","Prepared"],"picked":"SKIP","floor":30}],"player_experience":876481,"relics_obtained":[{"floor":8,"key":"Omamori"},{"floor":9,"key":"Oddly Smooth Stone"},{"floor":17,"key":"Ice Cream"},{"floor":17,"key":"Sundial"},{"floor":17,"key":"Anchor"},{"floor":26,"key":"Happy Flower"},{"floor":30,"key":"Darkstone Periapt"}],"event_choices":[{"damage_healed":0,"gold_gain":0,"player_choice":"Left Gold","damage_taken":0,"max_hp_gain":0,"max_hp_loss":0,"event_name":"World of Goop","floor":3,"gold_loss":69},{"cards_removed":["Defend_G"],"damage_healed":0,"gold_gain":0,"player_choice":"Purged","damage_taken":0,"max_hp_gain":0,"max_hp_loss":0,"event_name":"Purifier","floor":7,"gold_loss":0},{"damage_healed":0,"gold_gain":0,"player_choice":"Became a vampire","damage_taken":0,"max_hp_gain":0,"max_hp_loss":20,"event_name":"Vampires","floor":24,"gold_loss":0,"cards_obtained":["Bite","Bite","Bite","Bite","Bite"]},{"damage_healed":0,"gold_gain":0,"player_choice":"Shed Blood","damage_taken":16,"max_hp_gain":5,"max_hp_loss":0,"event_name":"Forgotten Altar","floor":31,"gold_loss":0}],"is_beta":false,"boss_relics":[{"not_picked":["Empty Cage","Busted Crown"],"picked":"Calling Bell"}],"items_purged_floors":[20],"is_endless":false,"potions_floor_spawned":[1,2,5,8,16,19,21],"killed_by":"Collector","ascension_level":17}