{"gold_per_floor":[118,135,152,54,54,54,85,95,95,95],"floor_reached":10,"playtime":355,"items_purged":["Dualcast"],"score":68,"play_id":"c5e9d5d4-460b-42d8-93af-8f1dd9abe25a","local_time":"20190721155455","is_ascension_mode":false,"campfire_choices":[{"data":"Madness","floor":6,"key":"SMITH"}],"neow_cost":"NONE","seed_source_timestamp":574998523207851,"circlet_count":0,"master_deck":["Strike_B","Strike_B","Strike_B","Strike_B","Defend_B","Defend_B","Defend_B","Defend_B","Zap","Reprogram","Scrape","Streamline","Madness+1","Gash","Hologram"],"relics":["Cracked Core","NeowsBlessing","Dodecahedron","Darkstone Periapt"],"potions_floor_usage":[7],"damage_taken":[{"damage":0,"enemies":"Jaw Worm","floor":1,"turns":1},{"damage":0,"enemies":"Cultist","floor":2,"turns":1},{"damage":0,"enemies":"Small Slimes","floor":3,"turns":1},{"damage":38,"enemies":"Gremlin Nob","floor":7,"turns":5},{"damage":15,"enemies":"Looter","floor":8,"turns":3},{"damage":23,"enemies":"Gremlin Gang","floor":10,"turns":3}],"seed_played":"5568013716970742548","potions_obtained":[{"floor":3,"key":"GamblersBrew"},{"floor":8,"key":"Energy Potion"}],"is_trial":false,"path_per_floor":["M","M","M","$","?","R","E","M","T","M"],"character_chosen":"DEFECT","items_purchased":["Streamline"],"campfire_rested":0,"item_purchase_floors":[4],"current_hp_per_floor":[75,75,75,75,75,75,37,22,22,0],"gold":95,"neow_bonus":"THREE_ENEMY_KILL","is_prod":false,"is_daily":false,"chose_seed":false,"campfire_upgraded":1,"win_rate":0.0,"timestamp":1563738895,"path_taken":["M","M","M","$","?","R","E","M","T","?"],"build_version":"2019-07-17","purchased_purges":1,"victory":false,"max_hp_per_floor":[75,75,75,75,75,75,75,75,75,75],"card_choices":[{"not_picked":["Steam","Loop"],"picked":"Reprogram","floor":1},{"not_picked":["Static Discharge","Fusion","Force Field"],"picked":"SKIP","floor":2},{"not_picked":["Beam Cell","BootSequence"],"picked":"Scrape","floor":3},{"not_picked":["FTL","Compile Driver"],"picked":"Gash","floor":7},{"not_picked":["Ball Lightning","Rebound"],"picked":"Hologram","floor":8}],"player_experience":77424,"relics_obtained":[{"floor":7,"key":"Dodecahedron"},{"floor":9,"key":"Darkstone Periapt"}],"event_choices":[{"damage_healed":0,"gold_gain":0,"player_choice":"1 cards matched","damage_taken":0,"max_hp_gain":0,"max_hp_loss":0,"event_name":"Match and Keep!","floor":5,"gold_loss":0,"cards_obtained":["Madness"]}],"is_beta":false,"boss_relics":[],"items_purged_floors":[4],"is_endless":false,"potions_floor_spawned":[3,8],"killed_by":"Gremlin Gang","ascension_level":0}