{"gold_per_floor":[112,112,37,37,13,44,56,56,81,98,98,98,131,51,51,154,154,174,193,93,93,3,36,51,66,66,66,100,64,64,91,91,190,240,252,265,196,210,5,5,23,23,23,49,49,49,62,89,89,89,89,89,39,73,73],"floor_reached":56,"playtime":3369,"items_purged":["Strike_G","Strike_G","Defend_G"],"score":1418,"play_id":"197273c5-0c0d-496f-b1d3-98899691aecb","local_time":"20190126225141","is_ascension_mode":true,"campfire_choices":[{"data":"Catalyst","floor":8,"key":"SMITH"},{"data":"Burst","floor":11,"key":"SMITH"},{"data":"Footwork","floor":15,"key":"SMITH"},{"floor":27,"key":"REST"},{"floor":32,"key":"REST"},{"floor":40,"key":"RECALL"},{"floor":42,"key":"REST"},{"floor":49,"key":"REST"},{"floor":52,"key":"REST"}],"neow_cost":"NONE","seed_source_timestamp":1475112905194638,"circlet_count":0,"master_deck":["Defend_G+1","Defend_G","Defend_G","Defend_G","Strike_G","Survivor","Neutralize","Backflip","Deadly Poison+1","Poisoned Stab","Catalyst+1","Burst+1","Crippling Poison+1","Footwork+1","Tools of the Trade+1","Escape Plan","Calculated Gamble","Deadly Poison+1","Catalyst","Noxious Fumes","Secret Technique","Dark Shackles","Escape Plan+1"],"relics":["Ring of the Snake","Omamori","Anchor","StoneCalendar","Fusion Hammer","Singing Bowl","Meat on the Bone","Strawberry","Tiny House","Shuriken","Bird Faced Urn","Molten Egg 2","Incense Burner","Orichalcum"],"potions_floor_usage":[13,13,19,23,24,31,33,50,54,55,55,55],"damage_taken":[{"damage":3,"enemies":"Small Slimes","floor":1,"turns":5},{"damage":16,"enemies":"Lagavulin","floor":6,"turns":7},{"damage":4,"enemies":"Jaw Worm","floor":7,"turns":3},{"damage":0,"enemies":"Cultist","floor":10,"turns":2},{"damage":9,"enemies":"3 Sentries","floor":13,"turns":13},{"damage":16,"enemies":"Hexaghost","floor":16,"turns":8},{"damage":0,"enemies":"Shell Parasite","floor":18,"turns":3},{"damage":1,"enemies":"2 Thieves","floor":19,"turns":5},{"damage":7,"enemies":"Slavers","floor":23,"turns":7},{"damage":14,"enemies":"Shelled Parasite and Fungi","floor":24,"turns":5},{"damage":0,"enemies":"Centurion and Healer","floor":25,"turns":5},{"damage":0,"enemies":"Gremlin Leader","floor":28,"turns":2},{"damage":16,"enemies":"Slavers","floor":31,"turns":7},{"damage":12,"enemies":"Automaton","floor":33,"turns":7},{"damage":0,"enemies":"3 Shapes","floor":35,"turns":7},{"damage":0,"enemies":"Orb Walker","floor":36,"turns":3},{"damage":0,"enemies":"Maw","floor":38,"turns":5},{"damage":18,"enemies":"3 Darklings","floor":41,"turns":7},{"damage":1,"enemies":"Giant Head","floor":44,"turns":5},{"damage":2,"enemies":"Sphere and 2 Shapes","floor":47,"turns":3},{"damage":17,"enemies":"Nemesis","floor":48,"turns":3},{"damage":10,"enemies":"Time Eater","floor":50,"turns":3},{"damage":13,"enemies":"Shield and Spear","floor":54,"turns":6},{"damage":94,"enemies":"The Heart","floor":55,"turns":8}],"seed_played":"-5507765354323285562","potions_obtained":[{"floor":1,"key":"GamblersBrew"},{"floor":7,"key":"Regen Potion"},{"floor":13,"key":"Energy Potion"},{"floor":19,"key":"SpeedPotion"},{"floor":23,"key":"SkillPotion"},{"floor":24,"key":"Swift Potion"},{"floor":31,"key":"LiquidBronze"},{"floor":34,"key":"Swift Potion"},{"floor":38,"key":"GhostInAJar"},{"floor":41,"key":"SpeedPotion"},{"floor":54,"key":"Poison Potion"}],"is_trial":false,"path_per_floor":["M","?","$","?","$","E","M","R","T","M","R","?","E","$","R","B",null,"M","M","$","?","?","E","M","M","T","R","E","$","?","E","R","B",null,"M","M","$","M","$","R","M","R","T","E","?","T","M","E","R","B",null,"R","$","E","B",null],"character_chosen":"THE_SILENT","items_purchased":["Poisoned Stab","Footwork","Calculated Gamble","Catalyst","Noxious Fumes","SpeedPotion"],"campfire_rested":5,"item_purchase_floors":[5,14,29,37,39,53],"current_hp_per_floor":[67,67,67,67,67,51,47,47,47,47,47,47,53,53,53,37,70,70,69,69,69,69,62,50,52,52,74,76,76,76,69,85,75,94,94,96,96,98,98,98,82,100,100,101,93,93,97,82,106,96,106,106,106,99,23],"gold":73,"neow_bonus":"THREE_CARDS","is_prod":false,"is_daily":false,"chose_seed":false,"campfire_upgraded":3,"win_rate":0,"timestamp":1548539501,"path_taken":["M","?","$","?","$","E","?","R","T","M","R","?","E","$","R","BOSS","M","M","$","?","?","E","M","?","T","R","E","?","?","E","R","BOSS","M","M","$","M","$","R","M","R","T","E","?","?","M","E","R","BOSS","R","$","E","BOSS"],"build_version":"2019-01-23","purchased_purges":3,"victory":true,"max_hp_per_floor":[70,70,70,70,70,70,70,70,70,70,70,70,70,70,70,70,70,70,70,70,70,70,70,72,74,74,74,76,76,76,85,85,87,94,94,96,96,98,98,98,100,100,100,102,104,104,106,106,106,106,106,106,106,108,108],"card_choices":[{"not_picked":["Riddle With Holes","Distraction"],"picked":"Backflip","floor":0},{"not_picked":["Heel Hook","PiercingWail"],"picked":"Deadly Poison","floor":1},{"not_picked":["Blade Dance","Dagger Throw"],"picked":"Catalyst","floor":6},{"not_picked":["Crippling Poison","Distraction"],"picked":"Burst","floor":7},{"not_picked":["Leg Sweep","Well Laid Plans"],"picked":"Crippling Poison","floor":10},{"not_picked":["Prepared","Quick Slash","PiercingWail"],"picked":"SKIP","floor":13},{"not_picked":["Grand Finale","Adrenaline"],"picked":"Tools of the Trade","floor":16},{"not_picked":["Concentrate","Flying Knee+1","Prepared+1"],"picked":"SKIP","floor":18},{"not_picked":["Caltrops","Cloak And Dagger","Distraction+1"],"picked":"SKIP","floor":19},{"not_picked":["Dash","Glass Knife"],"picked":"Escape Plan","floor":23},{"not_picked":["Riddle With Holes","Prepared","Cloak And Dagger"],"picked":"Singing Bowl","floor":24},{"not_picked":["Infinite Blades","Flying Knee","Blade Dance"],"picked":"Singing Bowl","floor":25},{"not_picked":["Sucker Punch+1","Poisoned Stab","Heel Hook+1"],"picked":"Singing Bowl","floor":28},{"not_picked":["Slice+1","A Thousand Cuts","Skewer"],"picked":"Singing Bowl","floor":31},{"not_picked":["Tools of the Trade","Grand Finale","Phantasmal Killer"],"picked":"Singing Bowl","floor":33},{"not_picked":["Deadly Poison","Outmaneuver","Cloak And Dagger"],"picked":"Singing Bowl","floor":34},{"not_picked":["Distraction+1","Poisoned Stab+1"],"picked":"Deadly Poison+1","floor":35},{"not_picked":["Dagger Throw","Choke","Concentrate+1"],"picked":"Singing Bowl","floor":36},{"not_picked":["PiercingWail","Riddle With Holes","Masterful Stab+1"],"picked":"Singing Bowl","floor":38},{"not_picked":["Cloak And Dagger","Deflect","Dagger Spray"],"picked":"Singing Bowl","floor":41},{"not_picked":["Quick Slash","Distraction+1","Reflex"],"picked":"Singing Bowl","floor":44},{"not_picked":["Mayhem","Dark Shackles"],"picked":"Secret Technique","floor":45},{"not_picked":["PanicButton","The Bomb"],"picked":"Dark Shackles","floor":45},{"not_picked":["Finesse","Enlightenment","Panacea"],"picked":"Singing Bowl","floor":45},{"not_picked":["Slice+1","Quick Slash+1","Flying Knee+1"],"picked":"Singing Bowl","floor":47},{"not_picked":["Flying Knee+1","Slice+1"],"picked":"Escape Plan+1","floor":48},{"not_picked":["Predator+1","Flechettes+1","Blade Dance+1"],"picked":"Singing Bowl","floor":54}],"player_experience":150997,"relics_obtained":[{"floor":6,"key":"Omamori"},{"floor":9,"key":"Anchor"},{"floor":13,"key":"StoneCalendar"},{"floor":23,"key":"Singing Bowl"},{"floor":28,"key":"Meat on the Bone"},{"floor":31,"key":"Strawberry"},{"floor":43,"key":"Shuriken"},{"floor":44,"key":"Bird Faced Urn"},{"floor":46,"key":"Molten Egg 2"},{"floor":48,"key":"Incense Burner"},{"floor":54,"key":"Orichalcum"}],"event_choices":[{"cards_removed":["Strike_G"],"damage_healed":0,"gold_gain":0,"player_choice":"Forget","damage_taken":0,"max_hp_gain":0,"max_hp_loss":0,"event_name":"Living Wall","floor":2,"gold_loss":0},{"damage_healed":0,"gold_gain":0,"player_choice":"Upgraded","damage_taken":0,"max_hp_gain":0,"max_hp_loss":0,"event_name":"Upgrade Shrine","floor":4,"gold_loss":0,"cards_upgraded":["Deadly Poison"]},{"damage_healed":0,"gold_gain":0,"player_choice":"Ignored","damage_taken":0,"max_hp_gain":0,"max_hp_loss":0,"event_name":"Liars Game","floor":12,"gold_loss":0},{"damage_healed":0,"gold_gain":0,"player_choice":"Ignored","damage_taken":0,"max_hp_gain":0,"max_hp_loss":0,"event_name":"Ghosts","floor":21,"gold_loss":0},{"cards_removed":["Strike_G"],"damage_healed":0,"gold_gain":0,"player_choice":"Upgrade and Remove","damage_taken":0,"max_hp_gain":0,"max_hp_loss":0,"event_name":"Designer","floor":22,"gold_loss":90,"cards_upgraded":["Crippling Poison"]},{"damage_healed":0,"gold_gain":0,"player_choice":"Forge","damage_taken":0,"max_hp_gain":0,"max_hp_loss":0,"event_name":"Accursed Blacksmith","floor":30,"gold_loss":0,"cards_upgraded":["Tools of the Trade"]},{"damage_healed":0,"gold_gain":0,"player_choice":"Memory 3","damage_taken":10,"max_hp_gain":0,"max_hp_loss":0,"event_name":"SensoryStone","floor":45,"gold_loss":0}],"is_beta":false,"boss_relics":[{"not_picked":["Coffee Dripper","Ectoplasm"],"picked":"Fusion Hammer"},{"not_picked":["Cursed Key","Empty Cage"],"picked":"Tiny House"}],"items_purged_floors":[3,20,39],"is_endless":false,"potions_floor_spawned":[1,7,13,19,23,24,31,38,41,44,54],"ascension_level":2}