{"gold_per_floor":[16,27,27,44,62,90,90,117,117,136,148,148,162,60,60,155,155,167,10,27,127,137,137,157,171,198,211,211,231,231,248,248,345,345,356,13,0,78,14,14,25,35,35,35,9,27,39,55,55,55],"floor_reached":50,"playtime":2939,"items_purged":["Strike_B"],"score":512,"play_id":"eab53384-a332-48a1-93e3-c4de1fbb0c23","local_time":"20190722193926","is_ascension_mode":false,"campfire_choices":[{"data":"Seek","floor":7,"key":"SMITH"},{"floor":12,"key":"REST"},{"data":"Zap","floor":15,"key":"SMITH"},{"data":"Turbo","floor":23,"key":"SMITH"},{"floor":28,"key":"REST"},{"floor":32,"key":"REST"},{"data":"Madness","floor":40,"key":"SMITH"},{"data":"Madness","floor":44,"key":"SMITH"},{"floor":49,"key":"REST"}],"neow_cost":"NO_GOLD","seed_source_timestamp":9289755949646,"circlet_count":0,"master_deck":["Strike_B","Strike_B","Strike_B","Defend_B","Defend_B","Defend_B","Defend_B","Zap+1","Reboot","Gash","Scrape","Streamline","Coolheaded","Seek+1","Scrape","Turbo","Hologram","Gash","Turbo","Turbo+1","Reprogram","Steam","Steam+1","Scrape","Leap","Reboot","BootSequence","Madness+1","Turbo","Madness+1","Beam Cell","Hologram+1","Go for the Eyes","Steam"],"relics":["Cracked Core","Cables","Unceasing Top","Symbiotic Virus","Sozu","Art of War","Nuclear Battery","DollysMirror","Red Mask","Sundial","Pear","Pantograph"],"potions_floor_usage":[5,10,13,16,22],"damage_taken":[{"damage":0,"enemies":"2 Louse","floor":1,"turns":3},{"damage":0,"enemies":"Small Slimes","floor":2,"turns":3},{"damage":0,"enemies":"Cultist","floor":4,"turns":3},{"damage":0,"enemies":"Blue Slaver","floor":5,"turns":4},{"damage":8,"enemies":"3 Sentries","floor":6,"turns":8},{"damage":22,"enemies":"Lagavulin","floor":8,"turns":5},{"damage":0,"enemies":"Red Slaver","floor":10,"turns":3},{"damage":8,"enemies":"Exordium Thugs","floor":11,"turns":3},{"damage":0,"enemies":"Looter","floor":13,"turns":2},{"damage":45,"enemies":"The Guardian","floor":16,"turns":6},{"damage":3,"enemies":"Shell Parasite","floor":18,"turns":3},{"damage":13,"enemies":"2 Thieves","floor":20,"turns":3},{"damage":0,"enemies":"Cultist and Chosen","floor":22,"turns":2},{"damage":19,"enemies":"Snake Plant","floor":24,"turns":3},{"damage":16,"enemies":"Shelled Parasite and Fungi","floor":25,"turns":4},{"damage":5,"enemies":"Snecko","floor":27,"turns":5},{"damage":0,"enemies":"Sentry and Sphere","floor":29,"turns":3},{"damage":0,"enemies":"Snake Plant","floor":31,"turns":2},{"damage":55,"enemies":"Collector","floor":33,"turns":6},{"damage":29,"enemies":"3 Darklings","floor":35,"turns":10},{"damage":3,"enemies":"3 Shapes","floor":41,"turns":3},{"damage":0,"enemies":"Spire Growth","floor":42,"turns":1},{"damage":5,"enemies":"Sphere and 2 Shapes","floor":46,"turns":3},{"damage":30,"enemies":"3 Darklings","floor":47,"turns":5},{"damage":0,"enemies":"Spire Growth","floor":48,"turns":4},{"damage":70,"enemies":"Awakened One","floor":50,"turns":9}],"seed_played":"-7294615332172554214","potions_obtained":[{"floor":2,"key":"Dexterity Potion"},{"floor":8,"key":"Block Potion"},{"floor":10,"key":"GamblersBrew"},{"floor":11,"key":"SkillPotion"},{"floor":16,"key":"FearPotion"}],"is_trial":false,"path_per_floor":["M","M","?","M","M","E","R","E","T","M","M","R","M","$","R","B",null,"M","$","M","?","M","R","M","M","T","M","R","M","?","M","R","B",null,"M","$","?","T","?","R","M","M","T","R","$","M","M","M","R","B"],"character_chosen":"DEFECT","items_purchased":["Gash","Turbo","Reprogram","Madness","Turbo","DollysMirror","Go for the Eyes"],"campfire_rested":4,"item_purchase_floors":[14,14,19,36,36,36,45],"current_hp_per_floor":[75,75,75,75,75,67,67,45,45,45,37,59,59,59,59,14,75,72,72,59,59,59,59,40,24,24,19,41,41,41,41,63,8,75,46,46,46,46,56,56,53,53,53,53,53,48,18,18,43,0],"gold":55,"neow_bonus":"THREE_RARE_CARDS","is_prod":false,"is_daily":false,"chose_seed":false,"campfire_upgraded":5,"win_rate":0.0,"timestamp":1563838766,"path_taken":["M","M","?","M","M","E","R","E","T","M","M","R","M","$","R","BOSS","M","$","M","?","M","R","?","M","T","M","R","M","?","M","R","BOSS","M","$","?","?","?","R","M","M","T","R","$","M","?","M","R","BOSS"],"build_version":"2019-07-17","purchased_purges":1,"victory":false,"max_hp_per_floor":[75,75,75,75,75,75,75,75,75,75,75,75,75,75,75,75,75,75,75,75,75,75,75,75,75,75,75,75,75,75,75,75,75,75,75,75,75,75,85,85,85,85,85,85,85,85,85,85,85,85],"card_choices":[{"not_picked":["Thunder Strike","Buffer"],"picked":"Reboot","floor":0},{"not_picked":["Streamline","Stack"],"picked":"Gash","floor":1},{"not_picked":["Loop","Capacitor"],"picked":"Scrape","floor":2},{"not_picked":["Stack","Double Energy"],"picked":"Streamline","floor":4},{"not_picked":["Recycle","Redo"],"picked":"Coolheaded","floor":5},{"not_picked":["Self Repair","Ball Lightning"],"picked":"Seek","floor":6},{"not_picked":["Reinforced Body","Doom and Gloom"],"picked":"Scrape","floor":8},{"not_picked":["Fusion","Tempest"],"picked":"Turbo","floor":10},{"not_picked":["Darkness","Stack","Compile Driver"],"picked":"SKIP","floor":11},{"not_picked":["Rebound","Ball Lightning"],"picked":"Hologram","floor":13},{"not_picked":["Conserve Battery","Compile Driver"],"picked":"Turbo","floor":18},{"not_picked":["Sweeping Beam","Coolheaded","Loop+1"],"picked":"SKIP","floor":20},{"not_picked":["Redo","Glacier+1"],"picked":"Steam","floor":22},{"not_picked":["Redo","Loop"],"picked":"Steam+1","floor":24},{"not_picked":["Hyperbeam","Sweeping Beam","Compile Driver"],"picked":"SKIP","floor":25},{"not_picked":["Conserve Battery","Steam"],"picked":"Scrape","floor":27},{"not_picked":["Sweeping Beam+1","Loop+1","Reinforced Body"],"picked":"SKIP","floor":29},{"not_picked":["Rip and Tear+1","Cold Snap"],"picked":"Leap","floor":31},{"not_picked":["Creative AI","Hyperbeam"],"picked":"Reboot","floor":33},{"not_picked":["Loop","Reinforced Body"],"picked":"BootSequence","floor":35},{"not_picked":["Compile Driver","Genetic Algorithm+1"],"picked":"Beam Cell","floor":41},{"not_picked":["Melter","Doom and Gloom"],"picked":"Hologram+1","floor":42},{"not_picked":["Auto Shields","Self Repair+1","Cold Snap"],"picked":"SKIP","floor":46},{"not_picked":["Go for the Eyes","Beam Cell"],"picked":"Steam","floor":47},{"not_picked":["Compile Driver","Consume","Blizzard+1"],"picked":"SKIP","floor":48}],"player_experience":97890,"relics_obtained":[{"floor":6,"key":"Cables"},{"floor":8,"key":"Unceasing Top"},{"floor":9,"key":"Symbiotic Virus"},{"floor":26,"key":"Art of War"},{"floor":38,"key":"Sundial"},{"floor":43,"key":"Pantograph"}],"event_choices":[{"cards_removed":["Dualcast"],"damage_healed":0,"gold_gain":0,"player_choice":"Forget","damage_taken":0,"max_hp_gain":0,"max_hp_loss":0,"event_name":"Living Wall","floor":3,"gold_loss":0},{"damage_healed":0,"gold_gain":100,"player_choice":"Pray","damage_taken":0,"max_hp_gain":0,"max_hp_loss":0,"event_name":"Golden Shrine","floor":21,"gold_loss":0},{"damage_healed":0,"gold_gain":0,"player_choice":"Got Potions","damage_taken":0,"max_hp_gain":0,"max_hp_loss":0,"event_name":"Lab","floor":30,"gold_loss":0},{"damage_healed":0,"gold_gain":0,"player_choice":"Paid","damage_taken":0,"relics_obtained":["Red Mask"],"max_hp_gain":0,"max_hp_loss":0,"event_name":"Tomb of Lord Red Mask","floor":37,"gold_loss":13},{"damage_healed":0,"gold_gain":0,"player_choice":"Paid Gold","damage_taken":0,"relics_obtained":["Pear"],"max_hp_gain":0,"max_hp_loss":0,"event_name":"WeMeetAgain","floor":39,"gold_loss":64}],"is_beta":false,"boss_relics":[{"not_picked":["Runic Pyramid","Calling Bell"],"picked":"Sozu"},{"not_picked":["Snecko Eye","Orrery"],"picked":"Nuclear Battery"}],"items_purged_floors":[19],"is_endless":false,"potions_floor_spawned":[2,8,10,11,16,18,20,22,29,35,46,48],"killed_by":"Awakened One","ascension_level":0}