{"gold_per_floor":[11,11,25,41,51,51,84,84,84,103,178,189,224,48,48,151,151,168,182,192,205,216,248,248,283,283,283,317,317,18,35,35,132,132,146,146,160,177,177,177,197,197,224,224,224,235,249,277,277,277],"floor_reached":50,"playtime":4779,"items_purged":["Strike_G","Defend_G"],"score":625,"play_id":"0b275595-861c-4d46-a101-cc3c3446f6a8","local_time":"20190724191912","is_ascension_mode":true,"campfire_choices":[{"data":"Neutralize","floor":6,"key":"SMITH"},{"data":"Footwork","floor":8,"key":"SMITH"},{"data":"After Image","floor":15,"key":"SMITH"},{"data":"A Thousand Cuts","floor":27,"key":"SMITH"},{"data":"Cloak And Dagger","floor":32,"key":"SMITH"},{"floor":40,"key":"RECALL"},{"data":"J.A.X.","floor":42,"key":"SMITH"},{"data":"Phantasmal Killer","floor":44,"key":"SMITH"},{"data":"Backflip","floor":49,"key":"SMITH"}],"neow_cost":"NO_GOLD","seed_source_timestamp":60297079074813,"circlet_count":0,"master_deck":["Defend_G","Defend_G","Survivor","Neutralize+1","Footwork+1","Acrobatics","Deadly Poison","After Image","Dagger Throw","Deadly Poison","After Image+1","Blur","Poisoned Stab+1","Infinite Blades","Poisoned Stab+1","A Thousand Cuts+1","Riddle With Holes+1","Bullet Time+1","Venomology+1","Well Laid Plans+1","Terror+1","After Image","Cloak And Dagger+1","Outmaneuver+1","Infinite Blades","A Thousand Cuts+1","Backflip+1","J.A.X.+1","Phantasmal Killer+1","Caltrops+1","Dash","Infinite Blades","Envenom","Escape Plan+1","Predator+1"],"relics":["Ring of the Snake","Boot","Strawberry","Kunai","Astrolabe","Smiling Mask","Bottled Flame","Anchor","Ice Cream","Sundial","Coffee Dripper","Whetstone"],"potions_floor_usage":[16,20,22,23,28,31,33,33,33,33,35,37,38,41,46,47,48,48,50],"damage_taken":[{"damage":1,"enemies":"Cultist","floor":1,"turns":6},{"damage":2,"enemies":"2 Louse","floor":3,"turns":4},{"damage":0,"enemies":"Small Slimes","floor":4,"turns":4},{"damage":3,"enemies":"Red Slaver","floor":5,"turns":4},{"damage":24,"enemies":"Gremlin Nob","floor":7,"turns":5},{"damage":0,"enemies":"2 Fungi Beasts","floor":10,"turns":4},{"damage":4,"enemies":"3 Louse","floor":12,"turns":3},{"damage":0,"enemies":"Lagavulin","floor":13,"turns":6},{"damage":7,"enemies":"Hexaghost","floor":16,"turns":10},{"damage":0,"enemies":"Chosen","floor":18,"turns":5},{"damage":4,"enemies":"Shell Parasite","floor":19,"turns":6},{"damage":2,"enemies":"Cultist and Chosen","floor":20,"turns":8},{"damage":0,"enemies":"Snecko","floor":21,"turns":5},{"damage":6,"enemies":"Chosen and Byrds","floor":22,"turns":7},{"damage":7,"enemies":"Slavers","floor":23,"turns":8},{"damage":2,"enemies":"Gremlin Leader","floor":25,"turns":7},{"damage":9,"enemies":"Slavers","floor":28,"turns":6},{"damage":6,"enemies":"Snake Plant","floor":31,"turns":5},{"damage":9,"enemies":"Collector","floor":33,"turns":8},{"damage":10,"enemies":"3 Darklings","floor":35,"turns":5},{"damage":9,"enemies":"Orb Walker","floor":37,"turns":4},{"damage":3,"enemies":"3 Darklings","floor":38,"turns":5},{"damage":6,"enemies":"Maw","floor":41,"turns":6},{"damage":15,"enemies":"Jaw Worm Horde","floor":46,"turns":4},{"damage":0,"enemies":"4 Shapes","floor":47,"turns":4},{"damage":16,"enemies":"Nemesis","floor":48,"turns":5},{"damage":23,"enemies":"Donu and Deca","floor":50,"turns":5}],"seed_played":"-7933289417548886052","potions_obtained":[{"floor":3,"key":"Regen Potion"},{"floor":4,"key":"Energy Potion"},{"floor":5,"key":"SmokeBomb"},{"floor":10,"key":"GhostInAJar"},{"floor":16,"key":"SmokeBomb"},{"floor":25,"key":"Poison Potion"},{"floor":41,"key":"Block Potion"},{"floor":47,"key":"SkillPotion"}],"is_trial":false,"path_per_floor":["M","?","M","M","M","R","E","R","T","M","?","M","E","$","R","B",null,"M","M","M","M","M","E","?","E","T","R","E","?","$","M","R","B",null,"M","?","M","M","?","R","M","R","T","R","?","M","M","E","R","B"],"character_chosen":"THE_SILENT","items_purchased":["Infinite Blades","Poisoned Stab","Sundial"],"campfire_rested":0,"item_purchase_floors":[14,14,30],"current_hp_per_floor":[69,69,67,67,64,64,40,40,47,47,40,36,36,36,36,44,77,77,73,71,71,65,58,58,56,56,56,47,47,47,41,41,32,77,67,67,58,55,55,55,49,49,49,49,49,34,34,18,18,0],"gold":277,"neow_bonus":"TRANSFORM_TWO_CARDS","is_prod":false,"is_daily":false,"chose_seed":false,"campfire_upgraded":8,"win_rate":0,"timestamp":1563988752,"path_taken":["M","?","M","M","M","R","E","R","T","M","?","M","E","$","R","BOSS","M","M","M","?","M","E","?","E","T","R","E","?","$","M","R","BOSS","M","?","?","M","?","R","M","R","T","R","?","M","M","E","R","BOSS"],"build_version":"2019-07-05","purchased_purges":2,"victory":false,"max_hp_per_floor":[70,70,70,70,70,70,70,70,77,77,77,77,77,77,77,77,77,77,77,77,77,77,77,77,77,77,77,77,77,77,77,77,77,77,77,77,77,77,77,77,77,77,77,77,73,73,73,73,73,73],"card_choices":[{"not_picked":["Dagger Spray","Dodge and Roll"],"picked":"Deadly Poison","floor":1},{"not_picked":["Quick Slash","All Out Attack"],"picked":"Dagger Spray","floor":3},{"not_picked":["Outmaneuver","Sucker Punch"],"picked":"Dagger Throw","floor":4},{"not_picked":["Terror","Deflect"],"picked":"Deadly Poison","floor":5},{"not_picked":["Cloak And Dagger","Blade Dance"],"picked":"After Image","floor":7},{"not_picked":["Acrobatics","Terror"],"picked":"Blur","floor":10},{"not_picked":["Distraction","Skewer"],"picked":"Poisoned Stab","floor":12},{"not_picked":["Outmaneuver","Acrobatics","Dagger Spray"],"picked":"SKIP","floor":13},{"not_picked":["Adrenaline","Venomology"],"picked":"A Thousand Cuts","floor":16},{"not_picked":["Flechettes","Dagger Throw+1"],"picked":"Well Laid Plans+1","floor":18},{"not_picked":["Quick Slash","Dagger Spray+1"],"picked":"Terror+1","floor":19},{"not_picked":["Dagger Throw+1","Acrobatics"],"picked":"After Image","floor":20},{"not_picked":["Riddle With Holes","PiercingWail"],"picked":"Cloak And Dagger","floor":21},{"not_picked":["Deadly Poison","Slice"],"picked":"Outmaneuver+1","floor":22},{"not_picked":["Escape Plan","Bane+1"],"picked":"Infinite Blades","floor":23},{"not_picked":["Flechettes","Acrobatics"],"picked":"A Thousand Cuts","floor":25},{"not_picked":["Dagger Throw","Underhanded Strike"],"picked":"Backflip","floor":28},{"not_picked":["Outmaneuver","Slice","Cloak And Dagger"],"picked":"SKIP","floor":31},{"not_picked":["Malaise","Die Die Die"],"picked":"Phantasmal Killer","floor":33},{"not_picked":["Flechettes+1","Acrobatics"],"picked":"Caltrops+1","floor":35},{"not_picked":["Slice+1","Dagger Throw+1"],"picked":"Dash","floor":37},{"not_picked":["Deadly Poison","PiercingWail+1"],"picked":"Infinite Blades","floor":38},{"not_picked":["Cloak And Dagger","Deflect","Eviscerate"],"picked":"SKIP","floor":41},{"not_picked":["Cloak And Dagger+1","Sucker Punch+1"],"picked":"Envenom","floor":46},{"not_picked":["Flechettes+1","Acrobatics"],"picked":"Escape Plan+1","floor":47},{"not_picked":["Riddle With Holes+1","Backstab"],"picked":"Predator+1","floor":48}],"player_experience":119942,"relics_obtained":[{"floor":7,"key":"Boot"},{"floor":9,"key":"Strawberry"},{"floor":13,"key":"Kunai"},{"floor":23,"key":"Smiling Mask"},{"floor":25,"key":"Bottled Flame"},{"floor":26,"key":"Anchor"},{"floor":28,"key":"Ice Cream"},{"floor":48,"key":"Whetstone"}],"event_choices":[{"damage_healed":0,"gold_gain":0,"cards_transformed":["Strike_G"],"player_choice":"Change","damage_taken":0,"max_hp_gain":0,"max_hp_loss":0,"event_name":"Living Wall","floor":2,"gold_loss":0,"cards_obtained":["After Image"]},{"damage_healed":0,"gold_gain":75,"player_choice":"Touch","damage_taken":7,"max_hp_gain":0,"max_hp_loss":0,"event_name":"FaceTrader","floor":11,"gold_loss":0},{"damage_healed":0,"gold_gain":0,"player_choice":"Ignored","damage_taken":0,"max_hp_gain":0,"max_hp_loss":0,"event_name":"Ghosts","floor":24,"gold_loss":0},{"damage_healed":0,"gold_gain":0,"player_choice":"Obtain J.A.X.","damage_taken":0,"max_hp_gain":0,"max_hp_loss":0,"event_name":"Drug Dealer","floor":29,"gold_loss":0,"cards_obtained":["J.A.X."]},{"damage_healed":0,"gold_gain":0,"player_choice":"Upgraded","damage_taken":0,"max_hp_gain":0,"max_hp_loss":0,"event_name":"Upgrade Shrine","floor":36,"gold_loss":0,"cards_upgraded":["A Thousand Cuts"]},{"cards_removed":["Defend_G"],"damage_healed":0,"gold_gain":0,"player_choice":"Removed Skill","damage_taken":0,"max_hp_gain":0,"max_hp_loss":0,"event_name":"Falling","floor":39,"gold_loss":0},{"damage_healed":0,"gold_gain":0,"player_choice":"Max HP","damage_taken":0,"max_hp_gain":0,"max_hp_loss":4,"event_name":"Winding Halls","floor":45,"gold_loss":0}],"is_beta":false,"boss_relics":[{"not_picked":["Cursed Key","Orrery"],"picked":"Astrolabe"},{"not_picked":["Black Star","Pandora\u0027s Box"],"picked":"Coffee Dripper"}],"items_purged_floors":[14,30],"is_endless":false,"potions_floor_spawned":[3,4,5,10,16,19,25,28,31,38,41,47],"killed_by":"Donu and Deca","ascension_level":1}