{"gold_per_floor":[114,114,125,143,143,207,57,77,103,39,39,72,92,117,117,117],"floor_reached":16,"playtime":1219,"items_purged":["Strike_G"],"score":116,"play_id":"e0b5d3a2-8dad-462e-bb23-1c749175e751","local_time":"20190724201906","is_ascension_mode":true,"campfire_choices":[{"data":"Glass Knife","floor":15,"key":"SMITH"}],"neow_cost":"TEN_PERCENT_HP_LOSS","seed_source_timestamp":67451751563196,"circlet_count":0,"master_deck":["Strike_G","Strike_G","Defend_G+1","Defend_G+1","Defend_G","Defend_G","Defend_G","Survivor","Neutralize","Acrobatics","Dagger Spray","Underhanded Strike","Dash","Burst","Infinite Blades","Glass Knife+1","Acrobatics","PiercingWail"],"relics":["Ring of the Snake","Tiny Chest","MawBank","Bottled Tornado","Smiling Mask","Bronze Scales"],"potions_floor_usage":[8,8,16],"damage_taken":[{"damage":4,"enemies":"Jaw Worm","floor":1,"turns":6},{"damage":0,"enemies":"2 Louse","floor":3,"turns":4},{"damage":2,"enemies":"Cultist","floor":4,"turns":4},{"damage":8,"enemies":"3 Sentries","floor":6,"turns":10},{"damage":8,"enemies":"Exordium Thugs","floor":8,"turns":5},{"damage":12,"enemies":"Gremlin Nob","floor":12,"turns":4},{"damage":10,"enemies":"Looter","floor":13,"turns":3},{"damage":28,"enemies":"The Guardian","floor":16,"turns":11}],"seed_played":"3676862643256206370","potions_obtained":[{"floor":3,"key":"SteroidPotion"},{"floor":4,"key":"Energy Potion"},{"floor":12,"key":"Explosive Potion"}],"is_trial":false,"path_per_floor":["M","?","M","M","?","E","$","M","T","$","T","E","M","T","R","B"],"character_chosen":"THE_SILENT","items_purchased":["Burst","Glass Knife"],"campfire_rested":0,"item_purchase_floors":[7,10],"current_hp_per_floor":[59,46,46,44,63,55,55,47,47,47,47,35,25,25,25,0],"gold":117,"neow_bonus":"REMOVE_TWO","is_prod":false,"is_daily":false,"chose_seed":false,"campfire_upgraded":1,"win_rate":0,"timestamp":1563992346,"path_taken":["M","?","M","M","?","E","?","M","T","$","?","E","?","?","R","BOSS"],"build_version":"2019-07-05","purchased_purges":1,"victory":false,"max_hp_per_floor":[63,63,63,63,63,63,63,63,63,63,63,63,63,63,63,63],"card_choices":[{"not_picked":["Prepared","Expertise"],"picked":"Acrobatics","floor":1},{"not_picked":["Caltrops","Distraction"],"picked":"Dagger Spray","floor":3},{"not_picked":["Bane","Slice"],"picked":"Underhanded Strike","floor":4},{"not_picked":["Acrobatics","Riddle With Holes"],"picked":"Dash","floor":6},{"not_picked":["Outmaneuver","Caltrops"],"picked":"Infinite Blades","floor":8},{"not_picked":["Flechettes","Deflect"],"picked":"Acrobatics","floor":12},{"not_picked":["Tools of the Trade","Sucker Punch"],"picked":"PiercingWail","floor":13}],"player_experience":126902,"relics_obtained":[{"floor":6,"key":"Tiny Chest"},{"floor":9,"key":"MawBank"},{"floor":11,"key":"Bottled Tornado"},{"floor":12,"key":"Smiling Mask"},{"floor":14,"key":"Bronze Scales"}],"event_choices":[{"damage_healed":0,"gold_gain":0,"player_choice":"Entered Light","damage_taken":13,"max_hp_gain":0,"max_hp_loss":0,"event_name":"Shining Light","floor":2,"gold_loss":0,"cards_upgraded":["Defend_G","Defend_G"]},{"damage_healed":21,"gold_gain":0,"player_choice":"Banana","damage_taken":0,"max_hp_gain":0,"max_hp_loss":0,"event_name":"Big Fish","floor":5,"gold_loss":0}],"is_beta":false,"boss_relics":[],"items_purged_floors":[7],"is_endless":false,"potions_floor_spawned":[3,4,12],"killed_by":"The Guardian","ascension_level":1}