{"gold_per_floor":[111,126,137,9,9,9,37,51,132,132,232,248,266,278,278,379,379,397,424,440,460,18,18,82,82,155,155,10,109,109,109,109,109],"floor_reached":33,"playtime":1310,"items_purged":["Dualcast","Strike_B"],"score":265,"play_id":"8c9a18c0-57d1-408b-b1fb-e9e6acc22aef","local_time":"20190722201529","is_ascension_mode":false,"campfire_choices":[{"data":"Zap","floor":6,"key":"SMITH"},{"data":"Steam Power","floor":10,"key":"SMITH"},{"floor":15,"key":"REST"},{"data":"Hologram","floor":23,"key":"SMITH"},{"floor":25,"key":"REST"},{"floor":27,"key":"REST"},{"data":"Turbo","floor":32,"key":"SMITH"}],"neow_cost":"NONE","seed_source_timestamp":13091594796216,"circlet_count":0,"master_deck":["Strike_B","Defend_B","Defend_B","Defend_B","Defend_B+1","Zap+1","Beam Cell","Steam Power+1","Turbo+1","Go for the Eyes","Gash","Streamline","Hologram+1","Self Repair+1","Streamline","Reprogram","Chill","Streamline","Gash","Turbo+1"],"relics":["Cracked Core","Lantern","Turnip","War Paint","Frozen Egg 2","Empty Cage","Potion Belt","Blue Candle","Tiny Chest","Symbiotic Virus","Anchor","MutagenicStrength","Pantograph"],"potions_floor_usage":[3,7,8,14,14,20,21,24],"damage_taken":[{"damage":0,"enemies":"Small Slimes","floor":1,"turns":2},{"damage":0,"enemies":"2 Louse","floor":2,"turns":2},{"damage":6,"enemies":"Cultist","floor":3,"turns":4},{"damage":11,"enemies":"3 Sentries","floor":7,"turns":6},{"damage":2,"enemies":"Blue Slaver","floor":8,"turns":3},{"damage":10,"enemies":"Large Slime","floor":12,"turns":4},{"damage":0,"enemies":"Looter","floor":13,"turns":3},{"damage":16,"enemies":"Exordium Thugs","floor":14,"turns":4},{"damage":42,"enemies":"The Guardian","floor":16,"turns":11},{"damage":21,"enemies":"Chosen","floor":18,"turns":6},{"damage":17,"enemies":"2 Thieves","floor":20,"turns":3},{"damage":33,"enemies":"Cultist and Chosen","floor":21,"turns":8},{"damage":32,"enemies":"Slavers","floor":24,"turns":6},{"damage":77,"enemies":"Automaton","floor":33,"turns":6}],"seed_played":"-253273254335976259","potions_obtained":[{"floor":1,"key":"SteroidPotion"},{"floor":2,"key":"SkillPotion"},{"floor":3,"key":"Poison Potion"},{"floor":12,"key":"FocusPotion"},{"floor":13,"key":"Poison Potion"},{"floor":18,"key":"Swift Potion"},{"floor":20,"key":"SkillPotion"}],"is_trial":false,"path_per_floor":["M","M","M","$","?","R","E","M","T","R","?","M","M","M","R","B",null,"M","T","M","M","$","R","E","R","T","R","$","?","?","T","R","B"],"character_chosen":"DEFECT","items_purchased":["Go for the Eyes","Gash","Blue Candle","Swift Potion","Anchor"],"campfire_rested":3,"item_purchase_floors":[4,22,22,22,28],"current_hp_per_floor":[75,75,69,69,62,62,51,49,49,49,49,39,39,33,55,23,75,64,64,57,34,34,34,12,34,34,56,56,56,56,56,56,0],"gold":109,"neow_bonus":"RANDOM_COMMON_RELIC","is_prod":false,"is_daily":false,"chose_seed":false,"campfire_upgraded":4,"win_rate":0.0,"timestamp":1563840929,"path_taken":["M","M","M","$","?","R","E","M","T","R","?","M","M","M","R","BOSS","M","?","M","M","$","R","E","R","T","R","$","?","?","?","R","BOSS"],"build_version":"2019-07-17","purchased_purges":2,"victory":false,"max_hp_per_floor":[75,75,75,75,75,75,75,75,75,75,75,75,75,75,75,75,75,75,75,75,75,75,75,75,75,75,75,75,75,75,75,75,75],"card_choices":[{"not_picked":["Sunder","Skim"],"picked":"Beam Cell","floor":1},{"not_picked":["Defragment","Consume"],"picked":"Steam Power","floor":2},{"not_picked":["Capacitor","Gash"],"picked":"Turbo","floor":3},{"not_picked":["Darkness","Cold Snap"],"picked":"Gash","floor":7},{"not_picked":["Doom and Gloom","Go for the Eyes"],"picked":"Streamline","floor":8},{"not_picked":["Steam","Aggregate"],"picked":"Hologram","floor":12},{"not_picked":["Stack","Rainbow"],"picked":"Self Repair+1","floor":13},{"not_picked":["Reinforced Body","Barrage"],"picked":"Streamline","floor":14},{"not_picked":["Rebound","Redo+1"],"picked":"Reprogram","floor":18},{"not_picked":["Static Discharge+1","Sunder"],"picked":"Chill","floor":20},{"not_picked":["Beam Cell","Go for the Eyes"],"picked":"Streamline","floor":21},{"not_picked":["Reinforced Body+1","Tempest"],"picked":"Turbo","floor":24}],"player_experience":101416,"relics_obtained":[{"floor":7,"key":"War Paint"},{"floor":9,"key":"Frozen Egg 2"},{"floor":19,"key":"Potion Belt"},{"floor":24,"key":"Tiny Chest"},{"floor":26,"key":"Symbiotic Virus"},{"floor":31,"key":"Pantograph"}],"event_choices":[{"damage_healed":0,"gold_gain":0,"player_choice":"Success","damage_taken":7,"relics_obtained":["Turnip"],"max_hp_gain":0,"max_hp_loss":0,"event_name":"Scrap Ooze","floor":5,"gold_loss":0},{"damage_healed":0,"gold_gain":100,"player_choice":"Gold","damage_taken":0,"max_hp_gain":0,"max_hp_loss":0,"event_name":"Wheel of Change","floor":11,"gold_loss":0},{"damage_healed":0,"gold_gain":99,"player_choice":"Stole From Cult","damage_taken":0,"max_hp_gain":0,"max_hp_loss":0,"event_name":"Nest","floor":29,"gold_loss":0},{"damage_healed":0,"gold_gain":0,"player_choice":"Inject Mutagens","damage_taken":0,"relics_obtained":["MutagenicStrength"],"max_hp_gain":0,"max_hp_loss":0,"event_name":"Drug Dealer","floor":30,"gold_loss":0}],"is_beta":false,"boss_relics":[{"not_picked":["Tiny House","White Beast Statue"],"picked":"Empty Cage"}],"items_purged_floors":[4,22],"is_endless":false,"potions_floor_spawned":[1,2,3,12,13,18,20],"killed_by":"Automaton","ascension_level":0}