{"gold_per_floor":[114,131,34,49,24,53,53,81,163,163,163,163],"floor_reached":12,"playtime":530,"items_purged":["Strike_R"],"score":76,"play_id":"7cba7cea-bece-4022-8ce8-065649c83a96","local_time":"20190709092915","is_ascension_mode":false,"campfire_choices":[{"data":"Body Slam","floor":7,"key":"SMITH"},{"floor":11,"key":"REST"}],"neow_cost":"NONE","seed_source_timestamp":61730804758456,"circlet_count":0,"master_deck":["Strike_R","Strike_R","Strike_R","Strike_R","Defend_R","Defend_R","Defend_R","Defend_R","Bash","True Grit","Body Slam+1","Shrug It Off","Iron Wave","Pommel Strike","Flame Barrier","Shrug It Off"],"relics":["Burning Blood","Boot","Odd Mushroom","Dodecahedron"],"potions_floor_usage":[6],"damage_taken":[{"damage":2,"enemies":"Cultist","floor":1,"turns":4},{"damage":10,"enemies":"Jaw Worm","floor":2,"turns":4},{"damage":0,"enemies":"Small Slimes","floor":4,"turns":3},{"damage":33,"enemies":"Lagavulin","floor":6,"turns":8},{"damage":32,"enemies":"The Mushroom Lair","floor":8,"turns":6},{"damage":0,"enemies":"2 Fungi Beasts","floor":12,"turns":1}],"seed_played":"7513252789403133547","potions_obtained":[{"floor":1,"key":"SteroidPotion"},{"floor":6,"key":"SteroidPotion"}],"is_trial":false,"path_per_floor":["M","M","$","M","$","E","R","?","T","?","R","M"],"character_chosen":"IRONCLAD","items_purchased":["Shrug It Off","Pommel Strike"],"campfire_rested":1,"item_purchase_floors":[3,5],"current_hp_per_floor":[80,76,76,80,80,53,53,27,27,27,51,51],"gold":163,"neow_bonus":"THREE_CARDS","is_prod":false,"is_daily":false,"chose_seed":false,"campfire_upgraded":1,"win_rate":0.0,"timestamp":1562682555,"path_taken":["M","?","?","?","$","E","R","?","T","?","R","M"],"build_version":"2019-07-05","purchased_purges":1,"victory":false,"max_hp_per_floor":[80,80,80,80,80,80,80,80,80,80,80,80],"card_choices":[{"not_picked":["Shrug It Off","Dropkick"],"picked":"True Grit","floor":0},{"not_picked":["Rupture","Sever Soul"],"picked":"Body Slam","floor":1},{"not_picked":["Dropkick","Anger","Cleave"],"picked":"SKIP","floor":2},{"not_picked":["Dual Wield","Twin Strike"],"picked":"Iron Wave","floor":4},{"not_picked":["Reaper","Armaments"],"picked":"Flame Barrier","floor":6},{"not_picked":["Havoc","Headbutt"],"picked":"Shrug It Off","floor":8}],"player_experience":51013,"relics_obtained":[{"floor":6,"key":"Boot"},{"floor":8,"key":"Odd Mushroom"},{"floor":9,"key":"Dodecahedron"}],"event_choices":[{"damage_healed":0,"gold_gain":0,"player_choice":"Fought Mushrooms","damage_taken":0,"max_hp_gain":0,"max_hp_loss":0,"event_name":"Mushrooms","floor":8,"gold_loss":0},{"damage_healed":0,"gold_gain":0,"player_choice":"Ignored","damage_taken":0,"max_hp_gain":0,"max_hp_loss":0,"event_name":"Liars Game","floor":10,"gold_loss":0}],"is_beta":false,"boss_relics":[],"items_purged_floors":[3],"is_endless":false,"potions_floor_spawned":[1,6],"killed_by":"2 Fungi Beasts","ascension_level":0}