{"gold_per_floor":[117,135,154,172,191,220,220,235,261,261,261,287,287,313,313,411,411,424,434,46,61,77,106,106,134,134,134,164,164,164,184,184,283,333,351,371,384,50,66,66,81,109,109,109,109,109,109,134,146,158,170,182,18,45,45],"floor_reached":56,"playtime":4284,"items_purged":["Defend_B","Defend_B"],"score":1432,"play_id":"efa40a4a-c6e9-4a5c-9f07-f3863f3852d5","local_time":"20190724153821","is_ascension_mode":true,"campfire_choices":[{"floor":7,"key":"REST"},{"floor":11,"key":"REST"},{"floor":15,"key":"REST"},{"data":"Creative AI","floor":24,"key":"SMITH"},{"data":"Zap","floor":27,"key":"SMITH"},{"data":"Defragment","floor":29,"key":"SMITH"},{"data":"Defragment","floor":32,"key":"SMITH"},{"data":"Buffer","floor":40,"key":"SMITH"},{"data":"Dualcast","floor":44,"key":"SMITH"},{"floor":46,"key":"REST"},{"floor":49,"key":"RECALL"},{"data":"Heatsinks","floor":52,"key":"SMITH"}],"neow_cost":"NONE","seed_source_timestamp":47521332766108,"circlet_count":0,"master_deck":["Zap+1","Dualcast+1","Loop+1","Melter","Reinforced Body","Ball Lightning","Creative AI+1","Conserve Battery+1","Steam+1","Amplify+1","Auto Shields+1","Storm+1","Double Energy+1","Coolheaded+1","Static Discharge","Defragment+1","Chill+1","Turbo+1","Coolheaded+1","BootSequence+1","Hello World+1","Compile Driver+1","Redo+1","Chaos+1","Defragment+1","Buffer+1","Doom and Gloom","Tempest+1","Beam Cell+1","Tempest+1","Heatsinks+1","Steam+1","Capacitor+1","Multi-Cast+1","Double Energy+1","Biased Cognition+1","Redo+1","Leap+1","Static Discharge+1"],"relics":["Empty Cage","Unceasing Top","Ancient Tea Set","Toxic Egg 2","Dream Catcher","Centennial Puzzle","Astrolabe","DataDisk","Anchor","Oddly Smooth Stone","Vajra","Bronze Scales","Tiny House","Frozen Egg 2","Orichalcum","MawBank","Bag of Marbles"],"potions_floor_usage":[6,12,12,16,21,25,25,31,33,39,55,55],"damage_taken":[{"damage":6,"enemies":"Jaw Worm","floor":1,"turns":5},{"damage":0,"enemies":"2 Louse","floor":2,"turns":3},{"damage":0,"enemies":"Small Slimes","floor":3,"turns":3},{"damage":9,"enemies":"Blue Slaver","floor":4,"turns":4},{"damage":9,"enemies":"Red Slaver","floor":5,"turns":3},{"damage":39,"enemies":"Lagavulin","floor":6,"turns":6},{"damage":4,"enemies":"Exordium Wildlife","floor":8,"turns":5},{"damage":17,"enemies":"3 Sentries","floor":12,"turns":6},{"damage":11,"enemies":"Slime Boss","floor":16,"turns":8},{"damage":5,"enemies":"3 Byrds","floor":18,"turns":5},{"damage":8,"enemies":"Shell Parasite","floor":19,"turns":8},{"damage":4,"enemies":"Shelled Parasite and Fungi","floor":21,"turns":4},{"damage":0,"enemies":"Snake Plant","floor":22,"turns":3},{"damage":0,"enemies":"Book of Stabbing","floor":23,"turns":4},{"damage":7,"enemies":"Gremlin Leader","floor":25,"turns":6},{"damage":0,"enemies":"Book of Stabbing","floor":28,"turns":3},{"damage":0,"enemies":"Centurion and Healer","floor":31,"turns":4},{"damage":8,"enemies":"Champ","floor":33,"turns":6},{"damage":4,"enemies":"Orb Walker","floor":35,"turns":3},{"damage":0,"enemies":"3 Shapes","floor":36,"turns":3},{"damage":30,"enemies":"Writhing Mass","floor":37,"turns":2},{"damage":0,"enemies":"Transient","floor":39,"turns":5},{"damage":0,"enemies":"Jaw Worm Horde","floor":41,"turns":3},{"damage":9,"enemies":"Giant Head","floor":42,"turns":8},{"damage":17,"enemies":"Nemesis","floor":48,"turns":6},{"damage":0,"enemies":"Donu and Deca","floor":50,"turns":4},{"damage":0,"enemies":"Shield and Spear","floor":54,"turns":3},{"damage":42,"enemies":"The Heart","floor":55,"turns":5}],"seed_played":"-7467617906451315999","potions_obtained":[{"floor":2,"key":"Fire Potion"},{"floor":5,"key":"Swift Potion"},{"floor":6,"key":"Explosive Potion"},{"floor":8,"key":"PowerPotion"},{"floor":12,"key":"PowerPotion"},{"floor":19,"key":"EntropicBrew"},{"floor":22,"key":"Explosive Potion"},{"floor":25,"key":"Dexterity Potion"},{"floor":28,"key":"Regen Potion"},{"floor":34,"key":"Explosive Potion"},{"floor":35,"key":"SpeedPotion"},{"floor":48,"key":"Block Potion"}],"is_trial":false,"path_per_floor":["M","M","M","M","M","E","R","M","T","?","R","E","?","T","R","B",null,"M","M","$","M","M","E","R","E","T","R","E","R","?","M","R","B",null,"M","M","M","$","M","R","M","E","T","R","?","R","?","E","R","B",null,"R","$","E","B",null],"character_chosen":"DEFECT","items_purchased":["Defragment","DataDisk","Chill+1","Turbo+1","Heatsinks","Frozen Egg 2","Redo+1","Leap+1"],"campfire_rested":4,"item_purchase_floors":[20,20,20,20,38,38,53,53],"current_hp_per_floor":[69,69,69,60,51,12,34,30,30,18,40,23,23,23,45,34,75,70,62,62,58,58,58,58,51,51,51,51,51,51,60,60,52,80,76,76,46,46,46,46,46,37,37,37,37,61,61,44,44,44,76,76,76,76,34],"gold":45,"neow_bonus":"BOSS_RELIC","is_prod":false,"is_daily":false,"chose_seed":false,"campfire_upgraded":7,"win_rate":0,"timestamp":1563975501,"path_taken":["M","M","M","M","M","E","R","M","T","?","R","E","?","?","R","BOSS","M","M","$","M","M","E","R","E","T","R","E","R","?","M","R","BOSS","M","M","M","$","M","R","M","E","T","R","?","R","?","E","R","BOSS","R","$","E","BOSS"],"build_version":"2019-07-05","purchased_purges":2,"victory":true,"max_hp_per_floor":[75,75,75,75,75,75,75,75,75,75,75,75,75,75,75,75,75,75,75,75,75,75,75,75,75,75,75,75,75,75,75,75,75,80,80,80,80,80,80,80,80,80,80,80,80,80,76,76,76,76,76,76,76,76,76],"card_choices":[{"not_picked":["Compile Driver","Conserve Battery"],"picked":"Loop","floor":1},{"not_picked":["FTL","Chill"],"picked":"Melter","floor":2},{"not_picked":["Recycle","Steam"],"picked":"Reinforced Body","floor":3},{"not_picked":["Sweeping Beam","Reinforced Body"],"picked":"Ball Lightning","floor":4},{"not_picked":["Double Energy","Streamline"],"picked":"Creative AI","floor":5},{"not_picked":["Conserve Battery","Hologram"],"picked":"Core Surge","floor":6},{"not_picked":["Sunder","Steam Power","Beam Cell"],"picked":"SKIP","floor":8},{"not_picked":["Lockon","Redo+1"],"picked":"Conserve Battery+1","floor":12},{"not_picked":["Rebound","Cold Snap"],"picked":"Steam+1","floor":15},{"not_picked":["Biased Cognition","Thunder Strike"],"picked":"Amplify+1","floor":16},{"not_picked":["Hologram+1","Steam+1"],"picked":"Coolheaded+1","floor":18},{"not_picked":["Aggregate+1","Cold Snap"],"picked":"Static Discharge","floor":19},{"not_picked":["Rip and Tear","Sweeping Beam"],"picked":"Coolheaded+1","floor":21},{"not_picked":["Sweeping Beam","Coolheaded+1"],"picked":"BootSequence+1","floor":22},{"not_picked":["Conserve Battery+1","Beam Cell+1"],"picked":"Hello World+1","floor":23},{"not_picked":["Lockon","Creative AI"],"picked":"Compile Driver+1","floor":25},{"not_picked":["Sunder+1","Turbo+1"],"picked":"Redo+1","floor":28},{"not_picked":["Gash","Ball Lightning+1"],"picked":"Defragment","floor":31},{"not_picked":["Core Surge","Meteor Strike"],"picked":"Buffer","floor":33},{"not_picked":["Gash","Turbo+1"],"picked":"Doom and Gloom","floor":34},{"not_picked":["Turbo+1","Go for the Eyes"],"picked":"Tempest+1","floor":35},{"not_picked":["Barrage","Stack+1"],"picked":"Beam Cell+1","floor":36},{"not_picked":["Consume+1","Steam+1"],"picked":"Tempest+1","floor":37},{"not_picked":["Undo+1","Leap+1"],"picked":"Steam+1","floor":39},{"not_picked":["Steam+1","Glacier+1"],"picked":"Capacitor+1","floor":41},{"not_picked":["Ball Lightning","Compile Driver+1"],"picked":"Multi-Cast+1","floor":42},{"not_picked":["Capacitor+1","Rebound+1"],"picked":"Double Energy+1","floor":46},{"not_picked":["Go for the Eyes","Fusion+1"],"picked":"Biased Cognition+1","floor":48},{"not_picked":["Gash+1","Coolheaded+1"],"picked":"Static Discharge+1","floor":54}],"player_experience":108497,"relics_obtained":[{"floor":6,"key":"Unceasing Top"},{"floor":9,"key":"Ancient Tea Set"},{"floor":12,"key":"Dream Catcher"},{"floor":14,"key":"Centennial Puzzle"},{"floor":23,"key":"Anchor"},{"floor":25,"key":"Oddly Smooth Stone"},{"floor":26,"key":"Vajra"},{"floor":28,"key":"Bronze Scales"},{"floor":42,"key":"Orichalcum"},{"floor":48,"key":"MawBank"},{"floor":54,"key":"Bag of Marbles"}],"event_choices":[{"damage_healed":0,"gold_gain":0,"player_choice":"Success","damage_taken":12,"relics_obtained":["Toxic Egg 2"],"max_hp_gain":0,"max_hp_loss":0,"event_name":"Scrap Ooze","floor":10,"gold_loss":0},{"cards_removed":["Strike_B"],"damage_healed":0,"gold_gain":0,"player_choice":"Forget","damage_taken":0,"max_hp_gain":0,"max_hp_loss":0,"event_name":"Living Wall","floor":13,"gold_loss":0},{"damage_healed":0,"gold_gain":0,"player_choice":"Read","damage_taken":0,"max_hp_gain":0,"max_hp_loss":0,"event_name":"The Library","floor":30,"gold_loss":0,"cards_obtained":["Chaos"]},{"cards_removed":["Core Surge"],"damage_healed":0,"gold_gain":0,"player_choice":"Removed Attack","damage_taken":0,"max_hp_gain":0,"max_hp_loss":0,"event_name":"Falling","floor":45,"gold_loss":0},{"damage_healed":0,"gold_gain":0,"player_choice":"Max HP","damage_taken":0,"max_hp_gain":0,"max_hp_loss":4,"event_name":"Winding Halls","floor":47,"gold_loss":0}],"is_beta":false,"boss_relics":[{"not_picked":["Coffee Dripper","Ectoplasm"],"picked":"Astrolabe"},{"not_picked":["Runic Dome","Snecko Eye"],"picked":"Tiny House"}],"items_purged_floors":[20,53],"is_endless":false,"potions_floor_spawned":[2,5,6,8,12,19,22,25,28,35,48],"ascension_level":1}