{"gold_per_floor":[112,128,0,18,28,28,28,55,55,65,84,84,94,94,94,199,199,219,239,239,259,10,35,35,45,122,122,122,122,142,142,142,238,238,256,256,131,149,149,149,180,180,206,241,241,261,261,111,111,111],"floor_reached":50,"playtime":3560,"items_purged":["Strike_R","Strike_R","Defend_R","Anger"],"score":560,"play_id":"d2575214-f95a-47ff-82be-2c971603efab","local_time":"20190720081947","is_ascension_mode":false,"campfire_choices":[{"data":"Flame Barrier","floor":6,"key":"SMITH"},{"floor":12,"key":"REST"},{"data":"Uppercut","floor":15,"key":"SMITH"},{"data":"Bludgeon","floor":24,"key":"SMITH"},{"data":"Bludgeon","floor":29,"key":"SMITH"},{"data":"Bludgeon","floor":32,"key":"SMITH"},{"data":"Double Tap","floor":40,"key":"SMITH"},{"data":"Clothesline","floor":42,"key":"SMITH"},{"data":"Clothesline","floor":49,"key":"SMITH"}],"neow_cost":"NONE","seed_source_timestamp":396547287593700,"circlet_count":0,"master_deck":["Defend_R","Defend_R","Defend_R","Bash","True Grit","Flame Barrier+1","Clothesline+1","Combust","Uppercut+1","Headbutt","Perfected Strike+1","Bludgeon+1","Ghostly Armor","Pommel Strike","Jack Of All Trades","Sword Boomerang","Bludgeon+1","Heavy Blade+1","Bludgeon+1","Burning Pact","Double Tap+1","Twin Strike+1","Writhe","Impervious","Twin Strike","Writhe","Clothesline+1","Parasite","Doubt"],"relics":["Snecko Eye","Odd Mushroom","Juzu Bracelet","Coffee Dripper","Sundial","Gremlin Horn","Pear","Busted Crown","Meat on the Bone","Red Skull","Question Card"],"potions_floor_usage":[16,16,33,33,46],"damage_taken":[{"damage":2,"enemies":"Small Slimes","floor":1,"turns":5},{"damage":0,"enemies":"2 Louse","floor":2,"turns":3},{"damage":0,"enemies":"Cultist","floor":4,"turns":3},{"damage":1,"enemies":"Red Slaver","floor":5,"turns":4},{"damage":16,"enemies":"The Mushroom Lair","floor":8,"turns":4},{"damage":9,"enemies":"Large Slime","floor":10,"turns":5},{"damage":0,"enemies":"Blue Slaver","floor":11,"turns":2},{"damage":0,"enemies":"Exordium Wildlife","floor":13,"turns":2},{"damage":1,"enemies":"Slime Boss","floor":16,"turns":6},{"damage":0,"enemies":"3 Byrds","floor":18,"turns":2},{"damage":1,"enemies":"Spheric Guardian","floor":19,"turns":2},{"damage":8,"enemies":"Snecko","floor":21,"turns":4},{"damage":21,"enemies":"Gremlin Leader","floor":23,"turns":4},{"damage":8,"enemies":"Chosen and Byrds","floor":25,"turns":3},{"damage":14,"enemies":"Shelled Parasite and Fungi","floor":30,"turns":3},{"damage":22,"enemies":"Collector","floor":33,"turns":6},{"damage":2,"enemies":"3 Shapes","floor":35,"turns":3},{"damage":13,"enemies":"3 Darklings","floor":38,"turns":4},{"damage":2,"enemies":"Nemesis","floor":41,"turns":3},{"damage":34,"enemies":"Reptomancer","floor":44,"turns":3},{"damage":0,"enemies":"Writhing Mass","floor":46,"turns":3},{"damage":97,"enemies":"Donu and Deca","floor":50,"turns":6}],"seed_played":"-2456854122272653428","potions_obtained":[{"floor":2,"key":"SneckoOil"},{"floor":4,"key":"Weak Potion"},{"floor":10,"key":"Energy Potion"},{"floor":13,"key":"Dexterity Potion"},{"floor":19,"key":"AttackPotion"},{"floor":30,"key":"EssenceOfSteel"},{"floor":41,"key":"Poison Potion"},{"floor":46,"key":"SpeedPotion"}],"is_trial":false,"path_per_floor":["?","?","?","?","?","?","?","$","?","?","?"],"character_chosen":"IRONCLAD","items_purchased":["Clothesline","Bludgeon"],"campfire_rested":1,"item_purchase_floors":[3,22],"current_hp_per_floor":[78,78,78,78,77,77,77,61,61,52,52,76,76,76,76,75,80,80,79,79,71,71,50,50,42,42,42,42,42,28,38,38,16,90,88,88,88,75,90,90,88,88,88,54,54,54,90,90,90,0],"gold":111,"neow_bonus":"BOSS_RELIC","is_prod":false,"is_daily":false,"chose_seed":false,"campfire_upgraded":8,"win_rate":0.0,"timestamp":1563625187,"path_taken":["M","M","$","M","M","R","$","?","T","M","M","R","M","?","R","BOSS","M","M","?","M","$","E","R","M","T","?","?","R","M","?","R","BOSS","M","?","?","M","?","R","E","R","T","E","?","M","?","$","R","BOSS"],"build_version":"2019-01-23","purchased_purges":4,"victory":false,"max_hp_per_floor":[80,80,80,80,80,80,80,80,80,80,80,80,80,80,80,80,80,80,80,80,80,80,80,80,80,80,80,80,80,80,90,90,90,90,90,90,90,90,90,90,90,90,90,90,90,90,90,90,90,90],"card_choices":[{"not_picked":["Sword Boomerang","Reckless Charge"],"picked":"True Grit","floor":1},{"not_picked":["Inflame","Dual Wield"],"picked":"Flame Barrier","floor":2},{"not_picked":["Twin Strike","Armaments"],"picked":"Combust","floor":4},{"not_picked":["Cleave","Pommel Strike"],"picked":"Uppercut","floor":5},{"not_picked":["Flex","Brutality"],"picked":"Headbutt","floor":8},{"not_picked":["Cleave","Sword Boomerang"],"picked":"Perfected Strike","floor":10},{"not_picked":["Anger","Brutality","Disarm"],"picked":"SKIP","floor":11},{"not_picked":["Warcry","Thunderclap","Armaments"],"picked":"SKIP","floor":13},{"not_picked":["Feed","Offering"],"picked":"Bludgeon","floor":16},{"not_picked":["Iron Wave","Anger"],"picked":"Ghostly Armor","floor":18},{"not_picked":["Armaments","Thunderclap+1"],"picked":"Pommel Strike","floor":19},{"not_picked":["Armaments","Thunderclap"],"picked":"Sword Boomerang","floor":21},{"not_picked":["Dual Wield+1","Iron Wave"],"picked":"Heavy Blade+1","floor":23},{"not_picked":["Thunderclap","Iron Wave"],"picked":"Bludgeon","floor":25},{"not_picked":["Hemokinesis","Pommel Strike"],"picked":"Twin Strike+1","floor":30},{"not_picked":["Fiend Fire","Juggernaut"],"picked":"Impervious","floor":33},{"not_picked":["Disarm+1"],"picked":"SKIP","floor":35},{"not_picked":[],"picked":"Twin Strike","floor":38},{"not_picked":[],"picked":"Clothesline","floor":41},{"not_picked":[],"picked":"Anger","floor":44},{"not_picked":["Intimidate","Shrug It Off"],"picked":"SKIP","floor":46}],"player_experience":16868,"relics_obtained":[{"floor":8,"key":"Odd Mushroom"},{"floor":9,"key":"Juzu Bracelet"},{"floor":23,"key":"Sundial"},{"floor":26,"key":"Gremlin Horn"},{"floor":41,"key":"Meat on the Bone"},{"floor":43,"key":"Red Skull"},{"floor":44,"key":"Question Card"}],"event_choices":[{"damage_healed":0,"gold_gain":0,"player_choice":"Fought Mushrooms","damage_taken":0,"max_hp_gain":0,"max_hp_loss":0,"event_name":"Mushrooms","floor":8,"gold_loss":0},{"damage_healed":0,"gold_gain":0,"player_choice":"Forge","damage_taken":0,"max_hp_gain":0,"max_hp_loss":0,"event_name":"Accursed Blacksmith","floor":14,"gold_loss":0,"cards_upgraded":["Perfected Strike"]},{"damage_healed":0,"gold_gain":0,"player_choice":"1 cards matched","damage_taken":0,"max_hp_gain":0,"max_hp_loss":0,"event_name":"Match and Keep!","floor":20,"gold_loss":0,"cards_obtained":["Jack Of All Trades"]},{"damage_healed":0,"gold_gain":0,"player_choice":"Ignored","damage_taken":0,"max_hp_gain":0,"max_hp_loss":0,"event_name":"Ghosts","floor":27,"gold_loss":0},{"damage_healed":0,"gold_gain":0,"cards_transformed":["Strike_R","Strike_R"],"player_choice":"Became Test Subject","damage_taken":0,"max_hp_gain":0,"max_hp_loss":0,"event_name":"Drug Dealer","floor":28,"gold_loss":0,"cards_obtained":["Burning Pact","Double Tap"]},{"damage_healed":0,"gold_gain":0,"player_choice":"Opened","damage_taken":0,"relics_obtained":["Pear"],"max_hp_gain":0,"max_hp_loss":0,"event_name":"The Mausoleum","floor":31,"gold_loss":0,"cards_obtained":["Writhe"]},{"cards_removed":["Strike_R"],"damage_healed":0,"gold_gain":0,"player_choice":"Purged","damage_taken":0,"max_hp_gain":0,"max_hp_loss":0,"event_name":"Purifier","floor":36,"gold_loss":0},{"damage_healed":23,"gold_gain":0,"player_choice":"Writhe","damage_taken":0,"max_hp_gain":0,"max_hp_loss":0,"event_name":"Winding Halls","floor":39,"gold_loss":0,"cards_obtained":["Writhe"]},{"damage_healed":0,"gold_gain":0,"player_choice":"Ignored","damage_taken":0,"max_hp_gain":0,"max_hp_loss":0,"event_name":"Tomb of Lord Red Mask","floor":45,"gold_loss":0},{"damage_healed":36,"gold_gain":0,"player_choice":"Heal","damage_taken":0,"max_hp_gain":0,"max_hp_loss":0,"event_name":"MindBloom","floor":47,"gold_loss":0,"cards_obtained":["Doubt"]}],"is_beta":false,"boss_relics":[{"not_picked":["White Beast Statue","Runic Cube"],"picked":"Coffee Dripper"},{"not_picked":["Cursed Key","Astrolabe"],"picked":"Busted Crown"}],"items_purged_floors":[3,22,37,48],"is_endless":false,"potions_floor_spawned":[2,4,10,13,19,30,41,46],"killed_by":"Donu and Deca","ascension_level":0}