{"gold_per_floor":[109,109,59,74,74,74,49,83,83,83,8,29,29,45,45,174,174,193,193,208,208,208],"floor_reached":22,"playtime":1071,"items_purged":["Strike_B"],"score":191,"play_id":"f1b776f3-a60d-42ae-aeee-ba375b1fbd57","local_time":"20190723222042","is_ascension_mode":true,"campfire_choices":[{"data":"Zap","floor":6,"key":"SMITH"},{"data":"Coolheaded","floor":13,"key":"SMITH"},{"floor":15,"key":"REST"}],"neow_cost":"NONE","seed_source_timestamp":26898644816585,"circlet_count":0,"master_deck":["Strike_B","Defend_B","Defend_B","Defend_B+1","Defend_B+1","Zap+1","Dualcast","Barrage","Sweeping Beam","Darkness","Coolheaded+1","Gash","Seek","Beam Cell","Go for the Eyes","Barrage"],"relics":["Cracked Core","Dream Catcher","Golden Idol","War Paint","Sundial","Nuclear Battery"],"potions_floor_usage":[18],"damage_taken":[{"damage":2,"enemies":"2 Louse","floor":1,"turns":3},{"damage":10,"enemies":"Small Slimes","floor":4,"turns":3},{"damage":30,"enemies":"Lagavulin","floor":8,"turns":7},{"damage":0,"enemies":"Jaw Worm","floor":12,"turns":3},{"damage":1,"enemies":"Large Slime","floor":14,"turns":5},{"damage":35,"enemies":"The Guardian","floor":16,"turns":10},{"damage":0,"enemies":"3 Byrds","floor":18,"turns":4},{"damage":4,"enemies":"Spheric Guardian","floor":20,"turns":4},{"damage":0,"enemies":"3 Cultists","floor":22,"turns":3}],"seed_played":"-5926818323886859825","potions_obtained":[{"floor":8,"key":"Swift Potion"},{"floor":14,"key":"LiquidBronze"},{"floor":16,"key":"SpeedPotion"},{"floor":20,"key":"Strength Potion"}],"is_trial":false,"path_per_floor":["M","?","?","M","?","R","$","E","T","?","$","M","R","M","R","B",null,"M","?","M","?","M"],"character_chosen":"DEFECT","items_purchased":["Sweeping Beam"],"campfire_rested":1,"item_purchase_floors":[7],"current_hp_per_floor":[73,78,78,68,68,68,68,38,38,38,38,38,38,37,59,24,74,74,74,70,70,70],"gold":208,"neow_bonus":"RANDOM_COMMON_RELIC","is_prod":false,"is_daily":false,"chose_seed":false,"campfire_upgraded":2,"win_rate":0,"timestamp":1563938442,"path_taken":["M","?","?","M","?","R","$","E","T","?","$","M","R","?","R","BOSS","M","?","M","?","?"],"build_version":"2019-07-17","purchased_purges":1,"victory":false,"max_hp_per_floor":[75,80,80,80,74,74,74,74,74,74,74,74,74,74,74,74,74,74,74,74,74,74],"card_choices":[{"not_picked":["Compile Driver","Stack","Redo"],"picked":"SKIP","floor":1},{"not_picked":["Stack","Genetic Algorithm"],"picked":"Barrage","floor":4},{"not_picked":["Sweeping Beam","Heatsinks"],"picked":"Darkness","floor":8},{"not_picked":["Force Field","Lockon"],"picked":"Coolheaded","floor":12},{"not_picked":["Ball Lightning","Redo"],"picked":"Gash","floor":14},{"not_picked":["Amplify","Creative AI"],"picked":"Seek","floor":16},{"not_picked":["Aggregate","Turbo"],"picked":"Beam Cell","floor":18},{"not_picked":["Sweeping Beam","Steam Power+1"],"picked":"Barrage","floor":20}],"player_experience":216375,"relics_obtained":[{"floor":8,"key":"War Paint"},{"floor":9,"key":"Sundial"}],"event_choices":[{"damage_healed":0,"gold_gain":0,"player_choice":"Donut","damage_taken":0,"max_hp_gain":5,"max_hp_loss":0,"event_name":"Big Fish","floor":2,"gold_loss":0},{"cards_removed":["Strike_B"],"damage_healed":0,"gold_gain":0,"player_choice":"Card Removal","damage_taken":0,"max_hp_gain":0,"max_hp_loss":0,"event_name":"The Cleric","floor":3,"gold_loss":50},{"damage_healed":0,"gold_gain":0,"player_choice":"Lose Max HP","damage_taken":0,"relics_obtained":["Golden Idol"],"max_hp_gain":0,"max_hp_loss":6,"event_name":"Golden Idol","floor":5,"gold_loss":0},{"damage_healed":0,"gold_gain":0,"player_choice":"Ignored","damage_taken":0,"max_hp_gain":0,"max_hp_loss":0,"event_name":"Liars Game","floor":10,"gold_loss":0},{"damage_healed":0,"gold_gain":0,"player_choice":"Read","damage_taken":0,"max_hp_gain":0,"max_hp_loss":0,"event_name":"The Library","floor":19,"gold_loss":0,"cards_obtained":["Go for the Eyes"]},{"cards_removed":["Strike_B"],"damage_healed":0,"gold_gain":0,"player_choice":"Offered Basic","damage_taken":0,"max_hp_gain":0,"max_hp_loss":0,"event_name":"Bonfire Elementals","floor":21,"gold_loss":0}],"is_beta":false,"boss_relics":[{"not_picked":["Astrolabe","Ectoplasm"],"picked":"Nuclear Battery"}],"items_purged_floors":[11],"is_endless":false,"potions_floor_spawned":[8,14,16,20],"killed_by":"3 Cultists","ascension_level":1}