{"gold_per_floor":[117,131,150,120,133,133,164,164,241,241,251,251,282,25,25,123,123,139,139,159,172,188,222,222,11,11,27,47,47,60,75,75,175,175,194,212,23,23,37,72,72,90,90,90,102,102,114,14,14,14,14,14,14,43,43],"floor_reached":55,"playtime":6530,"items_purged":["Strike_G","Defend_G"],"score":783,"play_id":"e020eb26-be7f-43ac-afcf-dad0c571b5a0","local_time":"20190722213433","is_ascension_mode":false,"campfire_choices":[{"data":"Cloak And Dagger","floor":6,"key":"SMITH"},{"data":"Deflect","floor":12,"key":"SMITH"},{"floor":15,"key":"REST"},{"data":"Blade Dance","floor":24,"key":"SMITH"},{"data":"Neutralize","floor":29,"key":"SMITH"},{"floor":32,"key":"REST"},{"floor":41,"key":"RECALL"},{"data":"Adrenaline","floor":44,"key":"SMITH"},{"data":"Blade Dance","floor":46,"key":"SMITH"},{"floor":49,"key":"REST"},{"data":"Cloak And Dagger","floor":52,"key":"SMITH"}],"neow_cost":"NONE","seed_source_timestamp":65169988066371,"circlet_count":0,"master_deck":["Defend_G","Defend_G","Survivor","Neutralize+1","Outmaneuver","Cloak And Dagger+1","Dodge and Roll","Blade Dance+1","Infinite Blades","Choke","Deflect+1","Noxious Fumes","Panache","Venomology","Cloak And Dagger+1","Dagger Throw+1","Wraith Form v2+1","Terror","Blade Dance+1","Expertise","Slice","Dash","Well Laid Plans","Sadistic Nature","Cloak And Dagger+1","Slice","Blade Dance+1","Adrenaline+1","Footwork+1","Tools of the Trade","Blade Dance","Violence","Flash of Steel","Swift Strike","Crippling Poison","Dodge and Roll+1","Backstab+1","Slice","Backflip","Blur+1"],"special_seed":0,"relics":["WristBlade","Ginger","Strawberry","Bottled Flame","Bronze Scales","Astrolabe","FaceOfCleric","Ancient Tea Set","Paper Crane","Empty Cage","Torii","Letter Opener"],"potions_floor_usage":[5,16,18,21,21,21,22,27,27,30,33,33,35,35,36,39,39,42,42,42,45,45,45,50,50,50],"damage_taken":[{"damage":7.0,"enemies":"2 Louse","floor":1.0,"turns":3.0},{"damage":3.0,"enemies":"Cultist","floor":2.0,"turns":5.0},{"damage":0.0,"enemies":"Small Slimes","floor":3.0,"turns":4.0},{"damage":1.0,"enemies":"Looter","floor":4.0,"turns":4.0},{"damage":9,"enemies":"Large Slime","floor":5,"turns":8},{"damage":22,"enemies":"3 Sentries","floor":7,"turns":8},{"damage":17,"enemies":"Exordium Wildlife","floor":11,"turns":4},{"damage":23,"enemies":"Gremlin Nob","floor":13,"turns":5},{"damage":42,"enemies":"The Guardian","floor":16,"turns":10},{"damage":20,"enemies":"2 Thieves","floor":18,"turns":4},{"damage":5,"enemies":"3 Byrds","floor":20,"turns":3},{"damage":0,"enemies":"Snecko","floor":21,"turns":3},{"damage":13,"enemies":"Snake Plant","floor":22,"turns":4},{"damage":18,"enemies":"Book of Stabbing","floor":23,"turns":6},{"damage":11,"enemies":"Sentry and Sphere","floor":27,"turns":4},{"damage":0,"enemies":"Chosen and Byrds","floor":28,"turns":4},{"damage":0,"enemies":"Shelled Parasite and Fungi","floor":30,"turns":3},{"damage":4,"enemies":"3 Cultists","floor":31,"turns":6},{"damage":16,"enemies":"Automaton","floor":33,"turns":6},{"damage":0,"enemies":"3 Shapes","floor":35,"turns":5},{"damage":2,"enemies":"Orb Walker","floor":36,"turns":3},{"damage":3,"enemies":"Maw","floor":39,"turns":6},{"damage":30,"enemies":"Reptomancer","floor":40,"turns":5},{"damage":13,"enemies":"Transient","floor":42,"turns":5},{"damage":9,"enemies":"Sphere and 2 Shapes","floor":45,"turns":4},{"damage":11,"enemies":"Jaw Worm Horde","floor":47,"turns":4},{"damage":71,"enemies":"Donu and Deca","floor":50,"turns":11},{"damage":52,"enemies":"Shield and Spear","floor":54,"turns":6},{"damage":53,"enemies":"The Heart","floor":55,"turns":3}],"seed_played":"6822670374728325767","potions_obtained":[{"floor":5,"key":"Fruit Juice"},{"floor":7,"key":"FairyPotion"},{"floor":13,"key":"Regen Potion"},{"floor":16,"key":"Strength Potion"},{"floor":21,"key":"Ancient Potion"},{"floor":27,"key":"Block Potion"},{"floor":28,"key":"SteroidPotion"},{"floor":33,"key":"FearPotion"},{"floor":35,"key":"AttackPotion"},{"floor":42,"key":"EntropicBrew"},{"floor":47,"key":"FearPotion"}],"is_trial":false,"path_per_floor":["M","M","M","M","M","R","E","?","T","?","M","R","E","$","R","B",null,"M","?","M","M","M","E","R","$","T","M","M","R","M","M","R","B",null,"M","M","$","?","M","E","R","M","T","R","M","R","M","$","R","B",null,"R","$","E","B"],"character_chosen":"THE_SILENT","items_purchased":["Panache","Well Laid Plans","Sadistic Nature","Tools of the Trade","Blade Dance"],"campfire_rested":3,"item_purchase_floors":[14,25,25,37,37],"current_hp_per_floor":[63,60,60,59,55,55,33,33,33,33,16,16,8,8,32,5,82,62,62,58,59,47,30,30,30,30,20,21,21,22,19,46,31,91,92,91,91,81,93,64,64,52,52,52,56,56,46,46,75,5,99,99,99,48,0],"gold":43,"neow_bonus":"BOSS_RELIC","is_prod":false,"is_daily":false,"chose_seed":false,"campfire_upgraded":7,"win_rate":0,"timestamp":1563824073,"path_taken":["M","M","M","M","M","R","E","?","T","?","?","R","E","$","R","BOSS","M","?","M","M","M","E","R","$","T","M","M","R","M","?","R","BOSS","M","M","$","?","M","E","R","M","T","R","M","R","M","$","R","BOSS","R","$","E","BOSS"],"build_version":"2019-07-05","purchased_purges":2,"victory":false,"max_hp_per_floor":[70,70,70,70,75,75,75,82,82,82,82,82,82,82,82,82,82,82,82,83,84,85,86,86,86,86,87,88,88,89,90,90,91,91,92,93,93,93,94,95,95,96,96,96,97,97,98,98,98,99,99,99,99,100,100],"card_choices":[{"not_picked":["Quick Slash","Bane"],"picked":"Outmaneuver","floor":1.0},{"not_picked":["Flying Knee","Deflect"],"picked":"Cloak And Dagger","floor":2.0},{"not_picked":["Poisoned Stab","Flechettes"],"picked":"Dodge and Roll","floor":3.0},{"not_picked":["Masterful Stab","Bane"],"picked":"Blade Dance","floor":4.0},{"not_picked":["Riddle With Holes","Backflip"],"picked":"Infinite Blades","floor":5},{"not_picked":["Masterful Stab","Eviscerate"],"picked":"Choke","floor":7},{"not_picked":["Underhanded Strike","Phantasmal Killer"],"picked":"Deflect","floor":11},{"not_picked":["Bane","Dagger Spray"],"picked":"Noxious Fumes","floor":13},{"not_picked":["Night Terror","Tools of the Trade"],"picked":"Venomology","floor":16},{"not_picked":["Acrobatics","Flechettes"],"picked":"Terror","floor":18},{"not_picked":["Quick Slash","Terror"],"picked":"Blade Dance+1","floor":20},{"not_picked":["Dodge and Roll","Poisoned Stab"],"picked":"Expertise","floor":21},{"not_picked":["Dodge and Roll","PiercingWail+1"],"picked":"Slice","floor":22},{"not_picked":["Die Die Die","Riddle With Holes+1"],"picked":"Dash","floor":23},{"not_picked":["Acrobatics","Dagger Spray"],"picked":"Cloak And Dagger","floor":27},{"not_picked":["Calculated Gamble+1","Reflex+1","Dagger Spray"],"picked":"SKIP","floor":28},{"not_picked":["Dagger Spray+1","PiercingWail"],"picked":"Slice","floor":30},{"not_picked":["Blur","Finisher"],"picked":"Blade Dance","floor":31},{"not_picked":["Venomology","Die Die Die"],"picked":"Adrenaline","floor":33},{"not_picked":["Dagger Spray","Reflex+1","Masterful Stab+1"],"picked":"SKIP","floor":35},{"not_picked":["PiercingWail+1","Infinite Blades+1"],"picked":"Footwork+1","floor":36},{"not_picked":["Bandage Up","Dramatic Entrance"],"picked":"Violence","floor":38},{"not_picked":["HandOfGreed","Bandage Up"],"picked":"Flash of Steel","floor":38},{"not_picked":["Metamorphosis","Deep Breath"],"picked":"Swift Strike","floor":38},{"not_picked":["Dodge and Roll","Tactician"],"picked":"Crippling Poison","floor":39},{"not_picked":["Poisoned Stab+1","Underhanded Strike"],"picked":"Dodge and Roll+1","floor":40},{"not_picked":["Caltrops+1","Sucker Punch"],"picked":"Backstab+1","floor":42},{"not_picked":["Poisoned Stab","Dash"],"picked":"Slice","floor":45},{"not_picked":["Underhanded Strike","Expertise"],"picked":"Backflip","floor":47},{"not_picked":["Dodge and Roll+1","Doppelganger"],"picked":"Blur+1","floor":54}],"player_experience":71479,"relics_obtained":[{"floor":7,"key":"Ginger"},{"floor":9,"key":"Bottled Flame"},{"floor":13,"key":"Bronze Scales"},{"floor":23,"key":"Ancient Tea Set"},{"floor":26,"key":"Paper Crane"},{"floor":40,"key":"Torii"},{"floor":54,"key":"Letter Opener"}],"event_choices":[{"damage_healed":0,"gold_gain":0,"player_choice":"Success","damage_taken":7,"relics_obtained":["Strawberry"],"max_hp_gain":0,"max_hp_loss":0,"event_name":"Scrap Ooze","floor":8,"gold_loss":0},{"cards_removed":["Strike_G"],"damage_healed":0,"gold_gain":0,"player_choice":"Offered Basic","damage_taken":0,"max_hp_gain":0,"max_hp_loss":0,"event_name":"Bonfire Elementals","floor":10,"gold_loss":0},{"damage_healed":0,"gold_gain":0,"player_choice":"Trade","damage_taken":0,"relics_obtained":["FaceOfCleric"],"max_hp_gain":0,"max_hp_loss":0,"event_name":"FaceTrader","floor":19,"gold_loss":0},{"damage_healed":0,"gold_gain":0,"player_choice":"Memory 3","damage_taken":10,"max_hp_gain":0,"max_hp_loss":0,"event_name":"SensoryStone","floor":38,"gold_loss":0}],"is_beta":false,"boss_relics":[{"not_picked":["Runic Dome","Sozu"],"picked":"Astrolabe"},{"not_picked":["Tiny House","Calling Bell"],"picked":"Empty Cage"}],"items_purged_floors":[14,48],"is_endless":false,"potions_floor_spawned":[5,7,13,16,21,27,28,31,33,35,42,47],"killed_by":"The Heart","ascension_level":0}