{"gold_per_floor":[111,111,111,121,13,13,29,29,55,55,67,67,19,34,34,138,138,154,154,170,95,95,95,105,105],"floor_reached":25,"playtime":3359,"items_purged":[],"score":191,"play_id":"098e8b7c-6176-4e24-95cc-8c176c1f9df4","local_time":"20190711220143","is_ascension_mode":false,"campfire_choices":[{"data":"Glacier","floor":6,"key":"SMITH"},{"data":"Conserve Battery","floor":8,"key":"SMITH"},{"data":"Heatsinks","floor":10,"key":"SMITH"},{"data":"Go for the Eyes","floor":12,"key":"SMITH"},{"data":"Hologram","floor":15,"key":"SMITH"},{"data":"Defragment","floor":23,"key":"SMITH"}],"neow_cost":"NONE","seed_source_timestamp":15534818936328,"circlet_count":0,"master_deck":["Strike_B","Strike_B","Strike_B","Defend_B","Defend_B","Defend_B","Zap","Dualcast","Go for the Eyes+1","Ball Lightning","Glacier+1","Heatsinks+1","Conserve Battery+1","Cold Snap","Hologram+1","Seek","Blizzard","Defragment+1","Lockon","Gash+1"],"relics":["Cracked Core","NeowsBlessing","Smiling Mask","Potion Belt","Orrery","MutagenicStrength","PreservedInsect"],"potions_floor_usage":[16,16,16],"damage_taken":[{"damage":0,"enemies":"Jaw Worm","floor":1,"turns":1},{"damage":0,"enemies":"2 Louse","floor":4,"turns":1},{"damage":0,"enemies":"Cultist","floor":7,"turns":1},{"damage":0,"enemies":"2 Fungi Beasts","floor":11,"turns":3},{"damage":5,"enemies":"Blue Slaver","floor":14,"turns":4},{"damage":45,"enemies":"Slime Boss","floor":16,"turns":16},{"damage":5,"enemies":"Shell Parasite","floor":18,"turns":7},{"damage":37,"enemies":"2 Thieves","floor":20,"turns":3},{"damage":3,"enemies":"Snake Plant","floor":24,"turns":5},{"damage":29,"enemies":"Cultist and Chosen","floor":25,"turns":5}],"seed_played":"2044083650765428792","potions_obtained":[{"floor":4,"key":"LiquidBronze"},{"floor":11,"key":"PowerPotion"},{"floor":14,"key":"PowerPotion"},{"floor":20,"key":"Ancient Potion"}],"is_trial":false,"path_per_floor":["M","?","?","M","$","R","M","R","T","R","M","R","$","M","R","B",null,"M","?","M","?","?","R","M","M"],"character_chosen":"DEFECT","items_purchased":["Glacier","Heatsinks","Hologram"],"campfire_rested":0,"item_purchase_floors":[5,5,13],"current_hp_per_floor":[75,68,68,68,68,68,68,68,68,68,68,68,68,63,63,18,75,70,70,33,33,33,33,30,1],"gold":105,"neow_bonus":"THREE_ENEMY_KILL","is_prod":false,"is_daily":false,"chose_seed":false,"campfire_upgraded":6,"win_rate":0.0,"timestamp":1562900503,"path_taken":["M","?","?","?","$","R","M","R","T","R","M","R","$","M","R","BOSS","M","?","M","?","?","R","M","M"],"build_version":"2019-07-05","purchased_purges":0,"victory":false,"max_hp_per_floor":[75,75,75,75,75,75,75,75,75,75,75,75,75,75,75,75,75,75,75,75,75,75,75,75,75],"card_choices":[{"not_picked":["Sweeping Beam","Compile Driver"],"picked":"Go for the Eyes","floor":1},{"not_picked":["Storm","Streamline"],"picked":"Ball Lightning","floor":4},{"not_picked":["Scrape","Steam"],"picked":"Conserve Battery","floor":7},{"not_picked":["Stack","Compile Driver"],"picked":"Cold Snap","floor":11},{"not_picked":["Scrape","Darkness","Genetic Algorithm"],"picked":"SKIP","floor":14},{"not_picked":["Amplify","Biased Cognition"],"picked":"Seek","floor":16},{"not_picked":["Go for the Eyes","Stack"],"picked":"Blizzard","floor":17},{"not_picked":["Coolheaded","Sweeping Beam"],"picked":"Defragment","floor":17},{"not_picked":["Sweeping Beam","Redo"],"picked":"Lockon","floor":17},{"not_picked":["Buffer","Ball Lightning","Rip and Tear"],"picked":"SKIP","floor":18},{"not_picked":["Leap","Self Repair+1"],"picked":"Gash+1","floor":20},{"not_picked":["Steam","Tempest+1","Doom and Gloom"],"picked":"SKIP","floor":24}],"player_experience":114468,"relics_obtained":[{"floor":3,"key":"Smiling Mask"},{"floor":9,"key":"Potion Belt"}],"event_choices":[{"cards_removed":["Strike_B"],"damage_healed":0,"gold_gain":0,"player_choice":"Card Removal","damage_taken":7,"max_hp_gain":0,"max_hp_loss":0,"event_name":"Golden Wing","floor":2,"gold_loss":0},{"damage_healed":0,"gold_gain":0,"player_choice":"Relic","damage_taken":0,"max_hp_gain":0,"max_hp_loss":0,"event_name":"Wheel of Change","floor":3,"gold_loss":0},{"damage_healed":0,"gold_gain":0,"player_choice":"Inject Mutagens","damage_taken":0,"relics_obtained":["MutagenicStrength"],"max_hp_gain":0,"max_hp_loss":0,"event_name":"Drug Dealer","floor":19,"gold_loss":0},{"cards_removed":["Defend_B"],"damage_healed":0,"gold_gain":0,"player_choice":"Gave Gold","damage_taken":0,"max_hp_gain":0,"max_hp_loss":0,"event_name":"Beggar","floor":21,"gold_loss":75},{"damage_healed":0,"gold_gain":0,"player_choice":"Gave Potion","damage_taken":0,"relics_obtained":["PreservedInsect"],"max_hp_gain":0,"max_hp_loss":0,"event_name":"WeMeetAgain","floor":22,"gold_loss":0}],"is_beta":false,"boss_relics":[{"not_picked":["Ectoplasm","Velvet Choker"],"picked":"Orrery"}],"items_purged_floors":[],"is_endless":false,"potions_floor_spawned":[4,11,14,20],"killed_by":"Cultist and Chosen","ascension_level":0}