{"gold_per_floor":[116,134,209,61,61,61,61,91,91,109,109,121,149,160,160,265,265,284,303,228,228,228,228,254,254,254,267,92,92,92,110,110,212,212,222,15,33,33,33,67,67,67],"floor_reached":42,"playtime":3853,"items_purged":["Strike_G","Defend_G","Defend_G"],"score":543,"play_id":"ac3e29a8-07a8-403a-9a4d-907289fd0b7c","local_time":"20190711204600","is_ascension_mode":true,"campfire_choices":[{"data":"Neutralize","floor":6,"key":"SMITH"},{"data":"Dash","floor":11,"key":"SMITH"},{"data":"Outmaneuver","floor":15,"key":"SMITH"},{"data":"Cloak And Dagger","floor":23,"key":"SMITH"},{"data":"Sucker Punch","floor":29,"key":"SMITH"},{"data":"Outmaneuver","floor":32,"key":"SMITH"},{"floor":41,"key":"REST"}],"neow_cost":"NONE","seed_source_timestamp":10499873349582,"circlet_count":0,"master_deck":["Strike_G","Strike_G","Strike_G","Defend_G","Defend_G","Defend_G","Survivor","Neutralize+1","Slice","Flying Knee","Infinite Blades+1","Dash+1","Dagger Spray+1","Outmaneuver+1","Backflip","Die Die Die","Cloak And Dagger+1","PiercingWail+1","Writhe","Outmaneuver+1","Sucker Punch+1","Deflect","Well Laid Plans+1","After Image+1","Underhanded Strike+1","Trip","Slice+1"],"relics":["Ring of the Snake","NeowsBlessing","Kunai","Frozen Egg 2","Odd Mushroom","WristBlade","Ninja Scroll","Juzu Bracelet","Sundial","Black Star","Question Card","Bottled Flame"],"potions_floor_usage":[18,33,35,37,40,40,40,42],"damage_taken":[{"damage":0,"enemies":"Cultist","floor":1,"turns":1},{"damage":0,"enemies":"Jaw Worm","floor":2,"turns":1},{"damage":0,"enemies":"Lagavulin","floor":8,"turns":1},{"damage":1,"enemies":"2 Louse","floor":10,"turns":2},{"damage":0,"enemies":"Exordium Wildlife","floor":12,"turns":4},{"damage":7,"enemies":"The Mushroom Lair","floor":13,"turns":4},{"damage":0,"enemies":"Blue Slaver","floor":14,"turns":4},{"damage":20,"enemies":"Hexaghost","floor":16,"turns":16},{"damage":6,"enemies":"Chosen","floor":18,"turns":4},{"damage":12,"enemies":"Spheric Guardian","floor":19,"turns":4},{"damage":11,"enemies":"Book of Stabbing","floor":24,"turns":6},{"damage":0,"enemies":"3 Cultists","floor":27,"turns":5},{"damage":1,"enemies":"Shelled Parasite and Fungi","floor":31,"turns":5},{"damage":0,"enemies":"Champ","floor":33,"turns":19},{"damage":40,"enemies":"3 Shapes","floor":35,"turns":4},{"damage":3,"enemies":"3 Darklings","floor":37,"turns":5},{"damage":18,"enemies":"Nemesis","floor":40,"turns":7},{"damage":17,"enemies":"Writhing Mass","floor":42,"turns":4}],"seed_played":"-8595903861357128468","potions_obtained":[{"floor":1,"key":"Fire Potion"},{"floor":12,"key":"SpeedPotion"},{"floor":16,"key":"EntropicBrew"},{"floor":24,"key":"SteroidPotion"},{"floor":31,"key":"SkillPotion"},{"floor":33,"key":"Dexterity Potion"},{"floor":35,"key":"Weak Potion"}],"is_trial":false,"path_per_floor":["M","M","?","$","?","R","?","E","T","M","R","M","?","M","R","B",null,"M","M","?","?","?","R","E","?","T","M","$","R","?","M","R","B",null,"M","$","M","$","?","E","R","M"],"character_chosen":"THE_SILENT","items_purchased":["Infinite Blades","Well Laid Plans+1","Trip"],"campfire_rested":1,"item_purchase_floors":[4,28,36],"current_hp_per_floor":[70,70,59,59,59,59,59,59,59,58,58,58,51,51,51,31,70,64,52,52,52,52,52,41,41,41,41,41,41,41,40,40,40,70,30,30,27,27,27,9,30,13],"gold":67,"neow_bonus":"THREE_ENEMY_KILL","is_prod":false,"is_daily":false,"chose_seed":false,"campfire_upgraded":6,"win_rate":0,"timestamp":1562895960,"path_taken":["M","M","?","$","?","R","?","E","T","?","R","M","?","M","R","BOSS","M","M","?","?","?","R","E","?","T","M","$","R","?","M","R","BOSS","M","?","M","$","?","E","R","M"],"build_version":"2019-07-05","purchased_purges":3,"victory":false,"max_hp_per_floor":[70,70,70,70,70,70,70,70,70,70,70,70,70,70,70,70,70,70,70,70,70,70,70,70,70,70,70,70,70,70,70,70,70,70,70,70,70,70,70,70,70,70],"card_choices":[{"not_picked":["Infinite Blades","Dodge and Roll"],"picked":"Slice","floor":1},{"not_picked":["Deflect","Slice"],"picked":"Flying Knee","floor":2},{"not_picked":["Prepared","Deadly Poison","Concentrate"],"picked":"SKIP","floor":8},{"not_picked":["PiercingWail","Predator"],"picked":"Dash","floor":10},{"not_picked":["Cloak And Dagger","Bullet Time"],"picked":"Dagger Spray","floor":12},{"not_picked":["Sucker Punch","Prepared"],"picked":"Outmaneuver","floor":13},{"not_picked":["Dagger Spray","Infinite Blades+1"],"picked":"Backflip","floor":14},{"not_picked":["Glass Knife","Doppelganger"],"picked":"Die Die Die","floor":16},{"not_picked":["Leg Sweep","PiercingWail+1"],"picked":"Cloak And Dagger","floor":18},{"not_picked":["Flechettes","Reflex+1"],"picked":"PiercingWail+1","floor":19},{"not_picked":["Acrobatics","Flechettes"],"picked":"Outmaneuver","floor":24},{"not_picked":["Dodge and Roll","Expertise"],"picked":"Deflect","floor":27},{"not_picked":["Reflex","Endless Agony","Poisoned Stab"],"picked":"SKIP","floor":31},{"not_picked":["Venomology","Bullet Time"],"picked":"After Image+1","floor":33},{"not_picked":["Poisoned Stab","Skewer"],"picked":"Underhanded Strike+1","floor":35},{"not_picked":["Bouncing Flask","Deadly Poison"],"picked":"Slice+1","floor":37},{"not_picked":["Bouncing Flask+1","Flechettes","Poisoned Stab"],"picked":"SKIP","floor":40}],"player_experience":110615,"relics_obtained":[{"floor":8,"key":"Kunai"},{"floor":9,"key":"Frozen Egg 2"},{"floor":13,"key":"Odd Mushroom"},{"floor":24,"key":"Juzu Bracelet"},{"floor":26,"key":"Sundial"},{"floor":40,"key":"Question Card"},{"floor":40,"key":"Bottled Flame"}],"event_choices":[{"damage_healed":0,"gold_gain":75,"player_choice":"Gather Gold","damage_taken":11,"max_hp_gain":0,"max_hp_loss":0,"event_name":"World of Goop","floor":3,"gold_loss":0},{"damage_healed":0,"gold_gain":0,"player_choice":"Grow","damage_taken":0,"max_hp_gain":0,"max_hp_loss":0,"event_name":"Living Wall","floor":5,"gold_loss":0,"cards_upgraded":["Infinite Blades"]},{"damage_healed":0,"gold_gain":0,"player_choice":"Searched \u00270\u0027 times","damage_taken":0,"max_hp_gain":0,"max_hp_loss":0,"event_name":"Dead Adventurer","floor":7,"gold_loss":0},{"damage_healed":0,"gold_gain":0,"player_choice":"Fought Mushrooms","damage_taken":0,"max_hp_gain":0,"max_hp_loss":0,"event_name":"Mushrooms","floor":13,"gold_loss":0},{"cards_removed":["Strike_G"],"damage_healed":0,"gold_gain":0,"player_choice":"Gave Gold","damage_taken":0,"max_hp_gain":0,"max_hp_loss":0,"event_name":"Beggar","floor":20,"gold_loss":75},{"damage_healed":0,"gold_gain":0,"player_choice":"Opened","damage_taken":0,"relics_obtained":["Ninja Scroll"],"max_hp_gain":0,"max_hp_loss":0,"event_name":"The Mausoleum","floor":21,"gold_loss":0,"cards_obtained":["Writhe"]},{"damage_healed":0,"gold_gain":0,"player_choice":"Ignored","damage_taken":0,"max_hp_gain":0,"max_hp_loss":0,"event_name":"Ghosts","floor":22,"gold_loss":0},{"damage_healed":0,"gold_gain":0,"player_choice":"Read","damage_taken":0,"max_hp_gain":0,"max_hp_loss":0,"event_name":"The Library","floor":25,"gold_loss":0,"cards_obtained":["Sucker Punch"]},{"damage_healed":0,"gold_gain":0,"player_choice":"Forge","damage_taken":0,"max_hp_gain":0,"max_hp_loss":0,"event_name":"Accursed Blacksmith","floor":30,"gold_loss":0,"cards_upgraded":["Dagger Spray"]},{"damage_healed":0,"gold_gain":0,"player_choice":"Ignored","damage_taken":0,"max_hp_gain":0,"max_hp_loss":0,"event_name":"SecretPortal","floor":39,"gold_loss":0}],"is_beta":false,"boss_relics":[{"not_picked":["Busted Crown","Calling Bell"],"picked":"WristBlade"},{"not_picked":["Snecko Eye","Pandora\u0027s Box"],"picked":"Black Star"}],"items_purged_floors":[4,28,36],"is_endless":false,"potions_floor_spawned":[1,12,16,24,31,33,35],"killed_by":"Writhing Mass","ascension_level":1}