{"gold_per_floor":[113,128,148,159,0,26,0,0,26,26,52,52,64,41,41,144,144,160,171,182,200,150,150,166,166],"floor_reached":25,"playtime":2811,"items_purged":["Defend_B"],"score":215,"play_id":"0bd30e62-cba4-48d1-8020-22e880ed6776","local_time":"20190719145512","is_ascension_mode":false,"campfire_choices":[{"data":"Blind","floor":10,"key":"SMITH"},{"data":"Self Repair","floor":12,"key":"SMITH"},{"floor":15,"key":"REST"},{"data":"Rainbow","floor":23,"key":"SMITH"}],"neow_cost":"NONE","seed_source_timestamp":36817245069747,"circlet_count":0,"master_deck":["Strike_B","Strike_B","Strike_B","Strike_B","Defend_B","Defend_B","Defend_B","Zap","Dualcast","Multi-Cast","Cold Snap","Genetic Algorithm","FTL","Capacitor","Blind+1","Thunder Strike","Self Repair+1","FTL","Stack","Rainbow+1","Gash+1","Static Discharge","Gash+1","Creative AI","Compile Driver+1"],"relics":["Cracked Core","Centennial Puzzle","Anchor","Oddly Smooth Stone","Inserter"],"potions_floor_usage":[4,16,16,16,24],"damage_taken":[{"damage":0,"enemies":"Small Slimes","floor":1,"turns":3},{"damage":1,"enemies":"Jaw Worm","floor":2,"turns":3},{"damage":13,"enemies":"2 Louse","floor":3,"turns":3},{"damage":13,"enemies":"Lots of Slimes","floor":4,"turns":2},{"damage":33,"enemies":"3 Sentries","floor":6,"turns":9},{"damage":24,"enemies":"Gremlin Nob","floor":11,"turns":5},{"damage":5,"enemies":"Exordium Thugs","floor":13,"turns":6},{"damage":26,"enemies":"Slime Boss","floor":16,"turns":13},{"damage":0,"enemies":"Chosen","floor":18,"turns":8},{"damage":28,"enemies":"2 Thieves","floor":19,"turns":5},{"damage":26,"enemies":"Snake Plant","floor":20,"turns":6},{"damage":10,"enemies":"Shelled Parasite and Fungi","floor":21,"turns":5},{"damage":28,"enemies":"Chosen and Byrds","floor":24,"turns":6},{"damage":25,"enemies":"Sentry and Sphere","floor":25,"turns":5}],"seed_played":"6822701785743901793","potions_obtained":[{"floor":1,"key":"Explosive Potion"},{"floor":3,"key":"Swift Potion"},{"floor":11,"key":"Ancient Potion"},{"floor":13,"key":"FocusPotion"},{"floor":18,"key":"Poison Potion"},{"floor":19,"key":"AttackPotion"},{"floor":24,"key":"Strength Potion"}],"is_trial":false,"path_per_floor":["M","M","M","M","$","E","?","?","T","R","E","R","M","$","R","B",null,"M","M","M","M","?","R","M","M"],"character_chosen":"DEFECT","items_purchased":["Blind","Stack"],"campfire_rested":1,"item_purchase_floors":[5,14],"current_hp_per_floor":[75,74,61,48,48,15,15,40,40,40,16,16,21,21,43,27,75,75,57,41,41,41,41,23,0],"gold":166,"neow_bonus":"ONE_RANDOM_RARE_CARD","is_prod":false,"is_daily":false,"chose_seed":false,"campfire_upgraded":3,"win_rate":0.0,"timestamp":1563540912,"path_taken":["M","M","M","M","$","E","?","?","T","R","E","R","M","?","R","BOSS","M","M","M","M","?","R","?","M"],"build_version":"2019-07-05","purchased_purges":1,"victory":false,"max_hp_per_floor":[75,75,75,75,75,75,75,75,75,75,75,75,75,75,75,75,75,75,75,75,75,75,75,75,75],"card_choices":[{"not_picked":["Heatsinks","Steam"],"picked":"Cold Snap","floor":1},{"not_picked":["Conserve Battery","Barrage"],"picked":"Genetic Algorithm","floor":2},{"not_picked":["Hologram","Coolheaded"],"picked":"FTL","floor":3},{"not_picked":["Sweeping Beam","Stack"],"picked":"Capacitor","floor":4},{"not_picked":["Sweeping Beam","Lockon"],"picked":"Thunder Strike","floor":6},{"not_picked":["Beam Cell","White Noise"],"picked":"Self Repair","floor":11},{"not_picked":["Hologram","Go for the Eyes"],"picked":"FTL","floor":13},{"not_picked":["All For One","Amplify"],"picked":"Rainbow","floor":16},{"not_picked":["Leap","Hologram"],"picked":"Gash+1","floor":18},{"not_picked":["Coolheaded","Rip and Tear"],"picked":"Static Discharge","floor":19},{"not_picked":["Streamline","Leap"],"picked":"Gash+1","floor":20},{"not_picked":["Cold Snap","Heatsinks"],"picked":"Creative AI","floor":21},{"not_picked":["Streamline","Leap"],"picked":"Compile Driver+1","floor":24}],"player_experience":16486,"relics_obtained":[{"floor":6,"key":"Centennial Puzzle"},{"floor":9,"key":"Anchor"},{"floor":11,"key":"Oddly Smooth Stone"}],"event_choices":[{"damage_healed":0,"gold_gain":0,"player_choice":"Left Gold","damage_taken":0,"max_hp_gain":0,"max_hp_loss":0,"event_name":"World of Goop","floor":7,"gold_loss":26},{"damage_healed":25,"gold_gain":0,"player_choice":"Banana","damage_taken":0,"max_hp_gain":0,"max_hp_loss":0,"event_name":"Big Fish","floor":8,"gold_loss":0},{"damage_healed":0,"gold_gain":0,"player_choice":"Bet on Murderer","damage_taken":0,"max_hp_gain":0,"max_hp_loss":0,"event_name":"The Joust","floor":22,"gold_loss":50}],"is_beta":false,"boss_relics":[{"not_picked":["Runic Dome","White Beast Statue"],"picked":"Inserter"}],"items_purged_floors":[5],"is_endless":false,"potions_floor_spawned":[1,3,11,13,18,19,24],"killed_by":"Sentry and Sphere","ascension_level":0}