{"gold_per_floor":[114,114,39,39,59,59,94,173,173,248,266,19,19,38,38,38],"floor_reached":16,"playtime":641,"items_purged":["Strike_R","Strike_R"],"score":135,"play_id":"0de16dab-ff68-4946-baec-42315cff9f5d","local_time":"20190127154547","is_ascension_mode":true,"campfire_choices":[{"data":"Disarm","floor":6,"key":"SMITH"},{"data":"Corruption","floor":15,"key":"SMITH"}],"neow_cost":"NONE","seed_source_timestamp":1538776043859844,"circlet_count":0,"master_deck":["Strike_R","Strike_R","Strike_R","Defend_R","Defend_R","Defend_R","Bash","Disarm+1","Rage","Cleave","Corruption+1","Feel No Pain","Shrug It Off","Sword Boomerang","Disarm"],"relics":["Burning Blood","NeowsBlessing","Golden Idol","PreservedInsect","Bag of Preparation","Blue Candle"],"potions_floor_usage":[16,16,16],"damage_taken":[{"damage":0,"enemies":"2 Louse","floor":1,"turns":1},{"damage":0,"enemies":"Small Slimes","floor":5,"turns":1},{"damage":0,"enemies":"3 Sentries","floor":7,"turns":1},{"damage":12,"enemies":"Gremlin Nob","floor":8,"turns":4},{"damage":0,"enemies":"Cultist","floor":11,"turns":3},{"damage":13,"enemies":"Exordium Wildlife","floor":14,"turns":6},{"damage":59,"enemies":"Slime Boss","floor":16,"turns":12}],"seed_played":"7986008558925807337","potions_obtained":[{"floor":1,"key":"Explosive Potion"},{"floor":5,"key":"SkillPotion"},{"floor":11,"key":"Strength Potion"}],"is_trial":false,"path_per_floor":["M","?","$","?","M","R","E","?","T","?","M","$","?","M","R","B"],"character_chosen":"IRONCLAD","items_purchased":["Feel No Pain","Shrug It Off","Sword Boomerang"],"campfire_rested":0,"item_purchase_floors":[12,12,12],"current_hp_per_floor":[80,80,80,60,66,66,72,66,66,58,64,64,64,57,57,0],"gold":38,"neow_bonus":"THREE_ENEMY_KILL","is_prod":false,"is_daily":false,"chose_seed":false,"campfire_upgraded":2,"win_rate":0,"timestamp":1548600347,"path_taken":["M","?","$","?","M","R","E","?","T","?","?","$","?","M","R","BOSS"],"build_version":"2019-01-23","purchased_purges":2,"victory":false,"max_hp_per_floor":[80,80,80,80,80,80,80,80,80,80,80,80,80,80,80,80],"card_choices":[{"not_picked":["Feel No Pain","Warcry","Clothesline"],"picked":"SKIP","floor":1},{"not_picked":["Entrench","True Grit"],"picked":"Disarm","floor":5},{"not_picked":["Sever Soul","Armaments"],"picked":"Rage","floor":7},{"not_picked":["Pommel Strike","Warcry"],"picked":"Cleave","floor":8},{"not_picked":["Dual Wield","Heavy Blade"],"picked":"Corruption","floor":11},{"not_picked":["Berserk","Iron Wave"],"picked":"Disarm","floor":14}],"player_experience":157216,"relics_obtained":[{"floor":7,"key":"PreservedInsect"},{"floor":8,"key":"Bag of Preparation"},{"floor":9,"key":"Blue Candle"}],"event_choices":[{"cards_removed":["Defend_R"],"damage_healed":0,"gold_gain":0,"player_choice":"Forget","damage_taken":0,"max_hp_gain":0,"max_hp_loss":0,"event_name":"Living Wall","floor":2,"gold_loss":0},{"damage_healed":0,"gold_gain":0,"player_choice":"Take Damage","damage_taken":20,"relics_obtained":["Golden Idol"],"max_hp_gain":0,"max_hp_loss":0,"event_name":"Golden Idol","floor":4,"gold_loss":0},{"damage_healed":0,"gold_gain":0,"player_choice":"Searched \u00271\u0027 times","damage_taken":0,"max_hp_gain":0,"max_hp_loss":0,"event_name":"Dead Adventurer","floor":8,"gold_loss":0},{"damage_healed":0,"gold_gain":75,"player_choice":"Touch","damage_taken":8,"max_hp_gain":0,"max_hp_loss":0,"event_name":"FaceTrader","floor":10,"gold_loss":0},{"damage_healed":0,"gold_gain":0,"player_choice":"Ignored","damage_taken":0,"max_hp_gain":0,"max_hp_loss":0,"event_name":"Liars Game","floor":13,"gold_loss":0}],"is_beta":false,"boss_relics":[],"items_purged_floors":[3,12],"is_endless":false,"potions_floor_spawned":[1,5,11],"killed_by":"Slime Boss","ascension_level":2}