{"gold_per_floor":[111,111,126,142,152,152,12,12,12,12,12,12,12,12,12,135,135,151,0],"floor_reached":19,"playtime":919,"items_purged":["Glacier"],"score":155,"play_id":"9bf302df-86be-406c-9c7e-83394c80eb1e","local_time":"20190722220349","is_ascension_mode":false,"campfire_choices":[{"data":"Zap","floor":6,"key":"SMITH"},{"data":"Hologram","floor":8,"key":"SMITH"},{"data":"Dualcast","floor":10,"key":"SMITH"},{"data":"Cold Snap","floor":13,"key":"SMITH"},{"data":"Cold Snap","floor":15,"key":"SMITH"}],"neow_cost":"NONE","seed_source_timestamp":21506813851230,"circlet_count":0,"master_deck":["Strike_B","Strike_B","Defend_B","Defend_B","Defend_B","Defend_B","Zap+1","Dualcast+1","Conserve Battery","Cold Snap+1","Barrage","Cold Snap+1","BootSequence","Hologram+1","Melter","FTL","Gash"],"relics":["Cracked Core","Ginger","Golden Idol","Eternal Feather"],"potions_floor_usage":[],"damage_taken":[{"damage":2,"enemies":"Jaw Worm","floor":1,"turns":4},{"damage":0,"enemies":"Cultist","floor":3,"turns":3},{"damage":0,"enemies":"Small Slimes","floor":4,"turns":3},{"damage":0,"enemies":"Looter","floor":5,"turns":2},{"damage":30,"enemies":"Slime Boss","floor":16,"turns":11},{"damage":21,"enemies":"3 Byrds","floor":18,"turns":5}],"seed_played":"-6498100188294224425","potions_obtained":[{"floor":4,"key":"Dexterity Potion"},{"floor":18,"key":"Swift Potion"}],"is_trial":false,"path_per_floor":["M","?","M","M","M","R","$","R","T","R","?","?","R","?","R","B",null,"M","$"],"character_chosen":"DEFECT","items_purchased":["Melter","FTL","Glacier"],"campfire_rested":0,"item_purchase_floors":[7,7,19],"current_hp_per_floor":[73,73,73,73,73,73,73,73,73,73,78,74,74,67,67,37,74,53,53],"gold":0,"neow_bonus":"THREE_CARDS","is_prod":false,"is_daily":false,"chose_seed":false,"campfire_upgraded":5,"win_rate":0,"timestamp":1563851029,"path_taken":["M","?","?","M","M","R","?","R","T","R","?","?","R","?","R","BOSS","M","$"],"build_version":"2019-07-17","purchased_purges":1,"victory":false,"max_hp_per_floor":[75,75,75,75,75,75,75,75,75,75,80,74,74,74,74,74,74,74,74],"card_choices":[{"not_picked":["Ball Lightning","Turbo"],"picked":"Conserve Battery","floor":0},{"not_picked":["Streamline","Heatsinks"],"picked":"Cold Snap","floor":1},{"not_picked":["Conserve Battery","Turbo"],"picked":"Cold Snap","floor":3},{"not_picked":["Lockon","Compile Driver"],"picked":"BootSequence","floor":4},{"not_picked":["BootSequence","Leap"],"picked":"Hologram","floor":5},{"not_picked":["Conserve Battery","Sweeping Beam"],"picked":"Gash","floor":18}],"player_experience":204522,"relics_obtained":[{"floor":9,"key":"Ginger"}],"event_choices":[{"damage_healed":0,"gold_gain":0,"cards_transformed":["Strike_B"],"player_choice":"Transformed","damage_taken":0,"max_hp_gain":0,"max_hp_loss":0,"event_name":"Transmorgrifier","floor":2,"gold_loss":0,"cards_obtained":["Barrage"]},{"damage_healed":0,"gold_gain":0,"player_choice":"Donut","damage_taken":0,"max_hp_gain":5,"max_hp_loss":0,"event_name":"Big Fish","floor":11,"gold_loss":0},{"damage_healed":0,"gold_gain":0,"player_choice":"Lose Max HP","damage_taken":0,"relics_obtained":["Golden Idol"],"max_hp_gain":0,"max_hp_loss":6,"event_name":"Golden Idol","floor":12,"gold_loss":0},{"cards_removed":["Strike_B"],"damage_healed":0,"gold_gain":0,"player_choice":"Card Removal","damage_taken":7,"max_hp_gain":0,"max_hp_loss":0,"event_name":"Golden Wing","floor":14,"gold_loss":0}],"is_beta":false,"boss_relics":[{"not_picked":["Velvet Choker","Nuclear Battery"],"picked":"Eternal Feather"}],"items_purged_floors":[19],"is_endless":false,"potions_floor_spawned":[4,18],"ascension_level":0}