{"gold_per_floor":[113,126,140,157,170,203,42,58,58,84,9,9,9,28,28,133,133,143,163,15,15,26,26,54,66,121,140,140,152,152,162,162,162],"floor_reached":33,"playtime":1532,"items_purged":["Dualcast","Strike_B"],"score":283,"play_id":"8f50f2ec-5d7e-47a5-8fc1-da6d350e78bb","local_time":"20190723201427","is_ascension_mode":false,"campfire_choices":[{"floor":13,"key":"REST"},{"floor":15,"key":"REST"},{"floor":23,"key":"REST"},{"data":"Turbo","floor":28,"key":"SMITH"},{"floor":30,"key":"REST"},{"data":"Double Energy","floor":32,"key":"SMITH"}],"neow_cost":"NONE","seed_source_timestamp":99208686845142,"circlet_count":0,"master_deck":["Strike_B","Strike_B","Defend_B","Defend_B","Defend_B","Defend_B","Zap","Conserve Battery","Reboot+1","Sweeping Beam","Skim+1","Turbo","Scrape","Madness","Double Energy+1","Streamline","Steam","Reboot","Gash","Hologram","Gash","Beam Cell+1","All For One","Turbo+1","Turbo"],"relics":["Cracked Core","NeowsBlessing","Mango","Bottled Flame","Lizard Tail","War Paint","Tiny Chest"],"potions_floor_usage":[4,10,10,16,24,24,27,33,33],"damage_taken":[{"damage":0,"enemies":"2 Louse","floor":1,"turns":1},{"damage":0,"enemies":"Small Slimes","floor":2,"turns":1},{"damage":0,"enemies":"Cultist","floor":3,"turns":1},{"damage":13,"enemies":"3 Louse","floor":4,"turns":3},{"damage":0,"enemies":"Large Slime","floor":5,"turns":7},{"damage":40,"enemies":"Lagavulin","floor":6,"turns":9},{"damage":0,"enemies":"Looter","floor":8,"turns":3},{"damage":33,"enemies":"Gremlin Nob","floor":10,"turns":5},{"damage":1,"enemies":"Exordium Wildlife","floor":14,"turns":3},{"damage":48,"enemies":"The Guardian","floor":16,"turns":14},{"damage":10,"enemies":"Chosen","floor":18,"turns":4},{"damage":34,"enemies":"Shell Parasite","floor":19,"turns":6},{"damage":23,"enemies":"Snecko","floor":22,"turns":6},{"damage":21,"enemies":"Gremlin Leader","floor":24,"turns":5},{"damage":24,"enemies":"Shelled Parasite and Fungi","floor":25,"turns":6},{"damage":16,"enemies":"Snake Plant","floor":27,"turns":3},{"damage":29,"enemies":"Cultist and Chosen","floor":29,"turns":6},{"damage":0,"enemies":"3 Cultists","floor":31,"turns":4},{"damage":83,"enemies":"Automaton","floor":33,"turns":6}],"seed_played":"-6682319793213971323","potions_obtained":[{"floor":1,"key":"Swift Potion"},{"floor":6,"key":"EssenceOfSteel"},{"floor":8,"key":"Swift Potion"},{"floor":14,"key":"Explosive Potion"},{"floor":18,"key":"Dexterity Potion"},{"floor":22,"key":"Ancient Potion"},{"floor":25,"key":"PowerPotion"},{"floor":29,"key":"GamblersBrew"},{"floor":31,"key":"Regen Potion"}],"is_trial":false,"path_per_floor":["M","M","M","M","M","E","$","M","T","E","$","?","R","M","R","B",null,"M","M","$","?","M","R","E","M","T","M","R","M","R","M","R","B"],"character_chosen":"DEFECT","items_purchased":["Madness","Double Energy","Gash"],"campfire_rested":4,"item_purchase_floors":[7,7,20],"current_hp_per_floor":[75,75,75,62,62,36,36,36,36,3,3,3,29,28,54,6,89,79,45,45,45,22,48,27,3,3,37,37,8,34,34,34,0],"gold":162,"neow_bonus":"THREE_ENEMY_KILL","is_prod":false,"is_daily":false,"chose_seed":false,"campfire_upgraded":2,"win_rate":0,"timestamp":1563927267,"path_taken":["M","M","M","M","M","E","$","M","T","E","$","?","R","M","R","BOSS","M","M","$","?","M","R","E","M","T","M","R","M","R","?","R","BOSS"],"build_version":"2019-07-17","purchased_purges":2,"victory":false,"max_hp_per_floor":[75,75,75,75,75,89,89,89,89,89,89,89,89,89,89,89,89,89,89,89,89,89,89,89,89,89,89,89,89,89,89,89,89],"card_choices":[{"not_picked":["Blizzard","Cold Snap"],"picked":"Conserve Battery","floor":1},{"not_picked":["Ball Lightning","Hologram"],"picked":"Reboot","floor":2},{"not_picked":["FTL","Stack"],"picked":"Sweeping Beam","floor":3},{"not_picked":["Reinforced Body","Cold Snap"],"picked":"Skim","floor":4},{"not_picked":["Steam","Auto Shields"],"picked":"Turbo","floor":5},{"not_picked":["Cold Snap","Turbo"],"picked":"Scrape","floor":6},{"not_picked":["Doom and Gloom","Sweeping Beam","Buffer"],"picked":"SKIP","floor":8},{"not_picked":["Undo","Go for the Eyes"],"picked":"Streamline","floor":10},{"not_picked":["Storm","Fission"],"picked":"Steam","floor":14},{"not_picked":["Biased Cognition","Hyperbeam"],"picked":"Reboot","floor":16},{"not_picked":["Leap","Stack+1"],"picked":"Gash","floor":18},{"not_picked":["Conserve Battery","Aggregate"],"picked":"Hologram","floor":19},{"not_picked":["Streamline","Ball Lightning+1"],"picked":"Beam Cell+1","floor":22},{"not_picked":["Undo","Force Field+1","Coolheaded"],"picked":"SKIP","floor":24},{"not_picked":["Leap","Redo"],"picked":"All For One","floor":25},{"not_picked":["Ball Lightning","Rebound"],"picked":"Turbo","floor":27},{"not_picked":["White Noise","Darkness","Conserve Battery"],"picked":"SKIP","floor":29},{"not_picked":["Recycle","Hologram"],"picked":"Turbo","floor":31}],"player_experience":117688,"relics_obtained":[{"floor":6,"key":"Mango"},{"floor":10,"key":"Bottled Flame"},{"floor":24,"key":"War Paint"},{"floor":26,"key":"Tiny Chest"}],"event_choices":[{"damage_healed":0,"gold_gain":0,"player_choice":"Ignored","damage_taken":0,"max_hp_gain":0,"max_hp_loss":0,"event_name":"Shining Light","floor":12,"gold_loss":0},{"cards_removed":["Strike_B"],"damage_healed":0,"gold_gain":0,"player_choice":"Offered Basic","damage_taken":0,"max_hp_gain":0,"max_hp_loss":0,"event_name":"Bonfire Elementals","floor":21,"gold_loss":0}],"is_beta":false,"boss_relics":[{"not_picked":["Velvet Choker","Runic Pyramid"],"picked":"Lizard Tail"}],"items_purged_floors":[11,20],"is_endless":false,"potions_floor_spawned":[1,6,8,14,18,22,25,29,31],"killed_by":"Automaton","ascension_level":0}