{"gold_per_floor":[215,233,250,250,264,264,280,290,290,307,307,307,317,16,16,115,115,134,154,69,3,21,48,48,60,60,79,79,97,97,111,111,111],"floor_reached":33,"playtime":1435,"items_purged":[],"score":290,"play_id":"4c3b8856-6d04-4c3c-b8d4-da9dcfa1e69b","local_time":"20190721165821","is_ascension_mode":false,"campfire_choices":[{"floor":6,"key":"REST"},{"floor":11,"key":"REST"},{"floor":15,"key":"REST"},{"data":"Dualcast","floor":24,"key":"PURGE"},{"data":"Rebound+1","floor":32,"key":"PURGE"}],"neow_cost":"NONE","seed_source_timestamp":577725842390747,"circlet_count":0,"master_deck":["Defend_B","Defend_B","Defend_B","Defend_B","Zap","Self Repair","Scrape","Scrape","Sweeping Beam","Conserve Battery","Go for the Eyes","FTL","Static Discharge","Scrape","Self Repair","Go for the Eyes","Turbo","Steam Power+1","Skim+1","Turbo","Scrape","Deep Breath","Gash","Streamline","Steam","Streamline"],"relics":["Cracked Core","The Courier","Bird Faced Urn","Kunai","Ornamental Fan","Peace Pipe","Juzu Bracelet","Unceasing Top","Nloth\u0027s Gift"],"potions_floor_usage":[5,16,18,23,25,27,27,29],"damage_taken":[{"damage":2,"enemies":"Jaw Worm","floor":1,"turns":3},{"damage":1,"enemies":"Cultist","floor":2,"turns":3},{"damage":2,"enemies":"2 Louse","floor":3,"turns":2},{"damage":19,"enemies":"Lots of Slimes","floor":5,"turns":5},{"damage":10,"enemies":"Red Slaver","floor":7,"turns":4},{"damage":26,"enemies":"Large Slime","floor":8,"turns":6},{"damage":0,"enemies":"2 Fungi Beasts","floor":10,"turns":3},{"damage":3,"enemies":"3 Louse","floor":13,"turns":2},{"damage":45,"enemies":"The Guardian","floor":16,"turns":10},{"damage":20,"enemies":"2 Thieves","floor":18,"turns":4},{"damage":7,"enemies":"Shell Parasite","floor":19,"turns":5},{"damage":16,"enemies":"Centurion and Healer","floor":22,"turns":5},{"damage":37,"enemies":"Book of Stabbing","floor":23,"turns":5},{"damage":10,"enemies":"Snake Plant","floor":25,"turns":3},{"damage":42,"enemies":"Snecko","floor":27,"turns":5},{"damage":0,"enemies":"Centurion and Healer","floor":29,"turns":4},{"damage":10,"enemies":"3 Cultists","floor":31,"turns":5},{"damage":70,"enemies":"Automaton","floor":33,"turns":6}],"seed_played":"-6841530487520563013","potions_obtained":[{"floor":1,"key":"Strength Potion"},{"floor":10,"key":"GamblersBrew"},{"floor":13,"key":"Swift Potion"},{"floor":16,"key":"PowerPotion"},{"floor":19,"key":"Energy Potion"},{"floor":23,"key":"Regen Potion"},{"floor":25,"key":"Fire Potion"},{"floor":27,"key":"Fire Potion"}],"is_trial":false,"path_per_floor":["M","M","M","?","M","R","M","M","T","M","R","?","M","$","R","B",null,"M","M","?","$","M","E","R","M","T","M","T","M","?","M","R","B"],"character_chosen":"DEFECT","items_purchased":["Self Repair","Go for the Eyes","Turbo","Kunai","Deep Breath"],"campfire_rested":3,"item_purchase_floors":[14,14,14,14,21],"current_hp_per_floor":[73,75,73,40,28,50,47,28,28,28,50,50,47,47,69,44,75,73,75,75,75,75,54,54,64,64,47,47,56,56,66,66,0],"gold":111,"neow_bonus":"HUNDRED_GOLD","is_prod":false,"is_daily":false,"chose_seed":false,"campfire_upgraded":0,"win_rate":0.0,"timestamp":1563742701,"path_taken":["M","M","M","?","M","R","M","M","T","M","R","?","M","$","R","BOSS","M","M","?","$","M","E","R","M","T","M","?","M","?","M","R","BOSS"],"build_version":"2019-07-17","purchased_purges":0,"victory":false,"max_hp_per_floor":[75,75,75,75,75,75,75,75,75,75,75,75,75,75,75,75,75,75,75,75,75,75,75,75,75,75,75,75,75,75,75,75,75],"card_choices":[{"not_picked":["Coolheaded","Sweeping Beam"],"picked":"Self Repair","floor":1},{"not_picked":["Beam Cell","Blizzard"],"picked":"Scrape","floor":2},{"not_picked":["Barrage","Self Repair"],"picked":"Scrape","floor":3},{"not_picked":["Sunder","Aggregate"],"picked":"Sweeping Beam","floor":5},{"not_picked":["Chill","White Noise"],"picked":"Conserve Battery","floor":7},{"not_picked":["Steam","Double Energy"],"picked":"Go for the Eyes","floor":8},{"not_picked":["Leap","Hologram"],"picked":"FTL","floor":10},{"not_picked":["Heatsinks","Tempest"],"picked":"Scrape","floor":13},{"not_picked":["Compile Driver","Glacier"],"picked":"Turbo","floor":18},{"not_picked":["Beam Cell","Glacier+1"],"picked":"Scrape","floor":19},{"not_picked":["Redo","Double Energy","Hologram"],"picked":"SKIP","floor":22},{"not_picked":["Stack+1","Hologram+1"],"picked":"Gash","floor":23},{"not_picked":["Conserve Battery","Redo+1"],"picked":"Streamline","floor":25},{"not_picked":["Compile Driver+1","Streamline+1"],"picked":"Steam","floor":27},{"not_picked":["Rebound","Steam","Blizzard+1"],"picked":"SKIP","floor":29},{"not_picked":["Genetic Algorithm+1","Sweeping Beam"],"picked":"Streamline","floor":31}],"player_experience":80117,"relics_obtained":[{"floor":9,"key":"Bird Faced Urn"},{"floor":23,"key":"Peace Pipe"},{"floor":26,"key":"Juzu Bracelet"},{"floor":28,"key":"Unceasing Top"}],"event_choices":[{"damage_healed":0,"gold_gain":0,"player_choice":"Success","damage_taken":33,"relics_obtained":["The Courier"],"max_hp_gain":0,"max_hp_loss":0,"event_name":"Scrap Ooze","floor":4,"gold_loss":0},{"damage_healed":0,"gold_gain":0,"cards_transformed":["Strike_B"],"player_choice":"Transformed","damage_taken":0,"max_hp_gain":0,"max_hp_loss":0,"event_name":"Transmorgrifier","floor":12,"gold_loss":0,"cards_obtained":["Static Discharge"]},{"damage_healed":0,"gold_gain":0,"player_choice":"Obtained Relic","damage_taken":0,"relics_obtained":["Ornamental Fan"],"max_hp_gain":0,"max_hp_loss":0,"event_name":"Addict","floor":20,"gold_loss":85},{"damage_healed":0,"gold_gain":0,"player_choice":"Traded Relic","damage_taken":0,"relics_obtained":["Nloth\u0027s Gift"],"max_hp_gain":0,"max_hp_loss":0,"event_name":"N\u0027loth","floor":30,"relics_lost":["Astrolabe"],"gold_loss":0}],"is_beta":false,"boss_relics":[{"not_picked":["Sozu","Velvet Choker"],"picked":"Astrolabe"}],"items_purged_floors":[],"is_endless":false,"potions_floor_spawned":[1,10,13,16,19,23,25,27],"killed_by":"Automaton","ascension_level":0}