{"gold_per_floor":[110,121,46,46,65,99,115,146,146,146,173,173],"floor_reached":12,"playtime":521,"items_purged":["Defend_G"],"score":88,"play_id":"f8135c67-d9a7-43a0-80aa-1b1c03fa06af","local_time":"20190721110529","is_ascension_mode":false,"campfire_choices":[{"floor":10,"key":"REST"}],"neow_cost":"NONE","seed_source_timestamp":557466499003153,"circlet_count":0,"master_deck":["Strike_G","Strike_G","Strike_G","Strike_G","Strike_G","Defend_G","Defend_G","Defend_G","Defend_G","Survivor","Neutralize","PiercingWail","Catalyst","Backflip","Poisoned Stab"],"relics":["Ring of the Snake","NeowsBlessing","Nunchaku","Paper Crane","Letter Opener","Odd Mushroom"],"potions_floor_usage":[6,8,8,12],"damage_taken":[{"damage":0,"enemies":"Jaw Worm","floor":1,"turns":1},{"damage":0,"enemies":"2 Louse","floor":2,"turns":1},{"damage":0,"enemies":"Cultist","floor":5,"turns":1},{"damage":26,"enemies":"Gremlin Nob","floor":6,"turns":5},{"damage":15,"enemies":"3 Louse","floor":7,"turns":5},{"damage":7,"enemies":"3 Sentries","floor":8,"turns":11},{"damage":38,"enemies":"The Mushroom Lair","floor":11,"turns":7},{"damage":9,"enemies":"Exordium Wildlife","floor":12,"turns":3}],"seed_played":"7268837388634628499","potions_obtained":[{"floor":5,"key":"PowerPotion"},{"floor":6,"key":"Poison Potion"},{"floor":7,"key":"Energy Potion"},{"floor":11,"key":"Fire Potion"}],"is_trial":false,"path_per_floor":["M","M","$","?","M","E","M","E","T","R","?","M"],"character_chosen":"THE_SILENT","items_purchased":[],"campfire_rested":1,"item_purchase_floors":[],"current_hp_per_floor":[70,70,70,70,70,44,29,22,22,43,5,0],"gold":173,"neow_bonus":"THREE_ENEMY_KILL","is_prod":false,"is_daily":false,"chose_seed":false,"campfire_upgraded":0,"win_rate":0.0,"timestamp":1563721529,"path_taken":["M","M","$","?","M","E","M","E","T","R","?","M"],"build_version":"2019-07-17","purchased_purges":1,"victory":false,"max_hp_per_floor":[70,70,70,70,70,70,70,70,70,70,70,70],"card_choices":[{"not_picked":["Riddle With Holes","Dagger Spray"],"picked":"PiercingWail","floor":1},{"not_picked":["Slice","Eviscerate","Blade Dance"],"picked":"SKIP","floor":2},{"not_picked":["Flying Knee","Outmaneuver"],"picked":"Catalyst","floor":5},{"not_picked":["Dagger Spray","Dodge and Roll"],"picked":"Backflip","floor":6},{"not_picked":["Riddle With Holes","Backflip"],"picked":"Poisoned Stab","floor":7},{"not_picked":["Bane","Dodge and Roll","Reflex"],"picked":"SKIP","floor":8}],"player_experience":64721,"relics_obtained":[{"floor":6,"key":"Nunchaku"},{"floor":8,"key":"Paper Crane"},{"floor":9,"key":"Letter Opener"},{"floor":11,"key":"Odd Mushroom"}],"event_choices":[{"damage_healed":0,"gold_gain":0,"player_choice":"Ignored","damage_taken":0,"max_hp_gain":0,"max_hp_loss":0,"event_name":"Liars Game","floor":4,"gold_loss":0},{"damage_healed":0,"gold_gain":0,"player_choice":"Fought Mushrooms","damage_taken":0,"max_hp_gain":0,"max_hp_loss":0,"event_name":"Mushrooms","floor":11,"gold_loss":0}],"is_beta":false,"boss_relics":[],"items_purged_floors":[3],"is_endless":false,"potions_floor_spawned":[5,6,7,11],"killed_by":"Exordium Wildlife","ascension_level":0}