{"gold_per_floor":[117,117,292,306,322,361,125,53,53,17,36,59,59,59],"floor_reached":14,"playtime":363,"items_purged":["Doubt"],"score":90,"play_id":"f0967341-22d3-4639-b0a2-380b9a7e3391","local_time":"20190723194757","is_ascension_mode":false,"campfire_choices":[{"floor":13,"key":"RECALL"}],"neow_cost":"NONE","seed_source_timestamp":98786292882920,"circlet_count":0,"master_deck":["Strike_B","Strike_B","Strike_B","Strike_B","Defend_B","Defend_B","Defend_B","Defend_B","Zap","Dualcast","Gash","Sweeping Beam","Hologram","Reprogram","Hologram","Self Repair"],"relics":["Cracked Core","NeowsBlessing","Golden Idol","Dodecahedron","Membership Card","Regal Pillow"],"potions_floor_usage":[11,11,14],"damage_taken":[{"damage":0,"enemies":"Small Slimes","floor":1,"turns":1},{"damage":0,"enemies":"Jaw Worm","floor":4,"turns":1},{"damage":0,"enemies":"Cultist","floor":5,"turns":1},{"damage":52,"enemies":"Lagavulin","floor":6,"turns":11},{"damage":0,"enemies":"Large Slime","floor":11,"turns":5},{"damage":7,"enemies":"2 Fungi Beasts","floor":12,"turns":3},{"damage":12,"enemies":"Exordium Thugs","floor":14,"turns":3}],"seed_played":"5990696199878854334","potions_obtained":[{"floor":6,"key":"GamblersBrew"},{"floor":11,"key":"Ancient Potion"}],"is_trial":false,"path_per_floor":["M","?","?","M","M","E","$","$","T","$","M","M","R","M"],"character_chosen":"DEFECT","items_purchased":["Membership Card","Regal Pillow","Regen Potion"],"campfire_rested":0,"item_purchase_floors":[7,8,10],"current_hp_per_floor":[75,57,57,57,57,5,5,5,5,5,19,12,12,0],"gold":59,"neow_bonus":"THREE_ENEMY_KILL","is_prod":false,"is_daily":false,"chose_seed":false,"campfire_upgraded":0,"win_rate":0,"timestamp":1563925677,"path_taken":["M","?","?","M","M","E","?","$","T","$","M","?","R","M"],"build_version":"2019-07-17","purchased_purges":1,"victory":false,"max_hp_per_floor":[75,75,75,75,75,75,75,75,75,75,75,75,75,75],"card_choices":[{"not_picked":["Steam","Hologram"],"picked":"Gash","floor":1},{"not_picked":["Barrage","Double Energy"],"picked":"Sweeping Beam","floor":4},{"not_picked":["Stack","Defragment"],"picked":"Hologram","floor":5},{"not_picked":["Cold Snap","Barrage"],"picked":"Reprogram","floor":6},{"not_picked":["Ball Lightning","Steam"],"picked":"Hologram","floor":11},{"not_picked":["Meteor Strike","Aggregate"],"picked":"Self Repair","floor":12}],"player_experience":117325,"relics_obtained":[{"floor":6,"key":"Dodecahedron"}],"event_choices":[{"damage_healed":0,"gold_gain":0,"player_choice":"Take Damage","damage_taken":18,"relics_obtained":["Golden Idol"],"max_hp_gain":0,"max_hp_loss":0,"event_name":"Golden Idol","floor":2,"gold_loss":0},{"damage_healed":0,"gold_gain":175,"player_choice":"AGREE","damage_taken":0,"max_hp_gain":0,"max_hp_loss":0,"event_name":"Liars Game","floor":3,"gold_loss":0,"cards_obtained":["Doubt"]}],"is_beta":false,"boss_relics":[],"items_purged_floors":[7],"is_endless":false,"potions_floor_spawned":[6,11],"killed_by":"Exordium Thugs","ascension_level":0}