{"gold_per_floor":[112,112,112,112,123,148,164,198,198,198],"floor_reached":10,"playtime":414,"items_purged":[],"score":114,"play_id":"c7721310-dc76-4584-b14b-45d33bbfa4f0","local_time":"20190705080341","is_ascension_mode":true,"campfire_choices":[],"neow_cost":"NONE","seed_source_timestamp":149231729186600,"circlet_count":0,"master_deck":["AscendersBane","Strike_R","Strike_R","Strike_R","Strike_R","Strike_R","Defend_R","Defend_R","Defend_R","Defend_R","Bash","Iron Wave","Heavy Blade","Rampage","Armaments","Iron Wave"],"relics":["Burning Blood","Vajra","Boot","Blue Candle","Regal Pillow","Toxic Egg 2","Question Card"],"potions_floor_usage":[8,10],"damage_taken":[{"damage":4,"enemies":"Small Slimes","floor":1,"turns":4},{"damage":9,"enemies":"Jaw Worm","floor":5,"turns":3},{"damage":27,"enemies":"Gremlin Nob","floor":6,"turns":5},{"damage":6,"enemies":"Cultist","floor":7,"turns":3},{"damage":43,"enemies":"Lagavulin","floor":8,"turns":6},{"damage":24,"enemies":"Gremlin Nob","floor":10,"turns":3}],"seed_played":"-7717871378398239461","potions_obtained":[{"floor":6,"key":"PowerPotion"},{"floor":8,"key":"Energy Potion"}],"is_trial":false,"path_per_floor":["M","?","?","T","M","E","M","E","T","E"],"character_chosen":"IRONCLAD","items_purchased":[],"campfire_rested":0,"item_purchase_floors":[],"current_hp_per_floor":[74,74,74,74,71,50,50,13,13,0],"gold":198,"neow_bonus":"RANDOM_COMMON_RELIC","is_prod":false,"is_daily":false,"chose_seed":false,"campfire_upgraded":0,"win_rate":0,"timestamp":1562310221,"path_taken":["M","?","?","?","M","E","M","E","T","E"],"build_version":"2019-07-01","purchased_purges":0,"victory":false,"max_hp_per_floor":[80,80,80,80,80,80,80,80,80,80],"card_choices":[{"not_picked":["Twin Strike","Cleave"],"picked":"Iron Wave","floor":1},{"not_picked":["Dropkick","Headbutt"],"picked":"Heavy Blade","floor":5},{"not_picked":["Pommel Strike","Evolve"],"picked":"Rampage","floor":6},{"not_picked":["Entrench","Flex"],"picked":"Armaments","floor":7},{"not_picked":["Wild Strike","Hemokinesis"],"picked":"Iron Wave","floor":8}],"player_experience":982523,"relics_obtained":[{"floor":4,"key":"Blue Candle"},{"floor":6,"key":"Regal Pillow"},{"floor":8,"key":"Toxic Egg 2"},{"floor":9,"key":"Question Card"}],"event_choices":[{"damage_healed":0,"gold_gain":0,"player_choice":"Box","damage_taken":0,"relics_obtained":["Boot"],"max_hp_gain":0,"max_hp_loss":0,"event_name":"Big Fish","floor":2,"gold_loss":0,"cards_obtained":["Regret"]},{"cards_removed":["Regret"],"damage_healed":0,"gold_gain":0,"player_choice":"Forget","damage_taken":0,"max_hp_gain":0,"max_hp_loss":0,"event_name":"Living Wall","floor":3,"gold_loss":0}],"is_beta":false,"boss_relics":[],"items_purged_floors":[],"is_endless":false,"potions_floor_spawned":[6,8],"killed_by":"Gremlin Nob","ascension_level":10}