{"gold_per_floor":[112,187,187,152,152,183,183,203,203,216,251,266,289,324,324,453,453,474,275,253,272,59,59],"floor_reached":23,"playtime":2534,"items_purged":[],"score":264,"play_id":"9d8ac739-620c-487b-87f2-79d9a23bf708","local_time":"20190624085220","is_ascension_mode":true,"campfire_choices":[{"floor":7,"key":"REST"},{"floor":15,"key":"DIG"}],"neow_cost":"NONE","seed_source_timestamp":345282314142500,"circlet_count":0,"master_deck":["Strike_R","Strike_R","Strike_R","Strike_R","Defend_R","Defend_R","Defend_R","Defend_R","Bash","Sever Soul+1","Clash","Infernal Blade","Spot Weakness","Rage","Shrug It Off","Dark Embrace","Heavy Blade","Sentinel","Fiend Fire","Heavy Blade+1","Clash","Armaments+1","Flame Barrier"],"relics":["Burning Blood","Golden Idol","Gambling Chip","Mercury Hourglass","Shovel","Darkstone Periapt","Pen Nib","Coffee Dripper","Toy Ornithopter","Vajra"],"potions_floor_usage":[6,12,16,20,21],"damage_taken":[{"damage":1,"enemies":"Jaw Worm","floor":1,"turns":5},{"damage":24,"enemies":"Gremlin Nob","floor":6,"turns":4},{"damage":0,"enemies":"2 Louse","floor":8,"turns":2},{"damage":6,"enemies":"Small Slimes","floor":10,"turns":2},{"damage":24,"enemies":"Lagavulin","floor":11,"turns":5},{"damage":8,"enemies":"Gremlin Gang","floor":12,"turns":4},{"damage":0,"enemies":"Blue Slaver","floor":13,"turns":3},{"damage":9,"enemies":"3 Sentries","floor":14,"turns":6},{"damage":56,"enemies":"Hexaghost","floor":16,"turns":11},{"damage":11,"enemies":"Spheric Guardian","floor":18,"turns":3},{"damage":48,"enemies":"2 Thieves","floor":20,"turns":5},{"damage":11,"enemies":"Snecko","floor":21,"turns":4},{"damage":40,"enemies":"Slavers","floor":23,"turns":3}],"seed_played":"2606917216437609560","potions_obtained":[{"floor":1,"key":"AttackPotion"},{"floor":11,"key":"Block Potion"},{"floor":13,"key":"BloodPotion"},{"floor":16,"key":"BloodPotion"},{"floor":20,"key":"Block Potion"}],"is_trial":false,"path_per_floor":["M","?","?","?","?","E","R","M","T","M","E","M","M","E","R","B",null,"M","$","M","M","$","E"],"character_chosen":"IRONCLAD","items_purchased":["Toy Ornithopter","Vajra","Flame Barrier"],"campfire_rested":1,"item_purchase_floors":[19,22,22],"current_hp_per_floor":[80,69,49,69,69,51,75,80,80,80,62,60,66,63,63,21,65,60,60,31,31,31,0],"gold":59,"neow_bonus":"TRANSFORM_CARD","is_prod":false,"is_daily":false,"chose_seed":false,"campfire_upgraded":0,"win_rate":0,"timestamp":1561362740,"path_taken":["M","?","?","?","?","E","R","M","T","M","E","M","M","E","R","BOSS","M","$","M","M","$","E"],"build_version":"2019-01-23","purchased_purges":0,"victory":false,"max_hp_per_floor":[80,80,80,80,80,80,80,80,80,80,80,80,80,80,80,80,80,80,80,80,80,80,80],"card_choices":[{"not_picked":["Whirlwind","Carnage"],"picked":"Clash","floor":1},{"not_picked":["Headbutt","Perfected Strike"],"picked":"Infernal Blade","floor":6},{"not_picked":["Clash","Armaments"],"picked":"Spot Weakness","floor":8},{"not_picked":["Twin Strike","Pommel Strike"],"picked":"Rage","floor":10},{"not_picked":["Thunderclap","Reckless Charge"],"picked":"Shrug It Off","floor":11},{"not_picked":["Evolve","Armaments"],"picked":"Dark Embrace","floor":12},{"not_picked":["Evolve","Body Slam"],"picked":"Heavy Blade","floor":13},{"not_picked":["Carnage","Metallicize"],"picked":"Sentinel","floor":14},{"not_picked":["Bludgeon","Double Tap"],"picked":"Fiend Fire","floor":16},{"not_picked":["Flex","Body Slam"],"picked":"Heavy Blade+1","floor":18},{"not_picked":["True Grit","Rupture"],"picked":"Clash","floor":20},{"not_picked":["Warcry","Thunderclap"],"picked":"Armaments+1","floor":21}],"player_experience":830075,"relics_obtained":[{"floor":6,"key":"Gambling Chip"},{"floor":9,"key":"Mercury Hourglass"},{"floor":11,"key":"Shovel"},{"floor":14,"key":"Darkstone Periapt"},{"floor":15,"key":"Pen Nib"}],"event_choices":[{"damage_healed":0,"gold_gain":75,"player_choice":"Gather Gold","damage_taken":11,"max_hp_gain":0,"max_hp_loss":0,"event_name":"World of Goop","floor":2,"gold_loss":0},{"damage_healed":0,"gold_gain":0,"player_choice":"Take Damage","damage_taken":20,"relics_obtained":["Golden Idol"],"max_hp_gain":0,"max_hp_loss":0,"event_name":"Golden Idol","floor":3,"gold_loss":0},{"damage_healed":20,"gold_gain":0,"player_choice":"Healed","damage_taken":0,"max_hp_gain":0,"max_hp_loss":0,"event_name":"The Cleric","floor":4,"gold_loss":35},{"damage_healed":0,"gold_gain":0,"player_choice":"Upgraded","damage_taken":0,"max_hp_gain":0,"max_hp_loss":0,"event_name":"Upgrade Shrine","floor":5,"gold_loss":0,"cards_upgraded":["Sever Soul"]}],"is_beta":false,"boss_relics":[{"not_picked":["Calling Bell","Empty Cage"],"picked":"Coffee Dripper"}],"items_purged_floors":[],"is_endless":false,"potions_floor_spawned":[1,11,13,16,20],"killed_by":"Slavers","ascension_level":5}