{"gold_per_floor":[111,36,36,51,51,84,100,100,100,100,100,129,129,129,129,129],"floor_reached":16,"playtime":428,"items_purged":["Strike_R"],"score":111,"play_id":"77c7f604-baa1-49a7-9336-3a284d056bdc","local_time":"20190119172105","is_ascension_mode":true,"campfire_choices":[{"data":"Bludgeon","floor":8,"key":"SMITH"},{"data":"Limit Break","floor":10,"key":"SMITH"},{"floor":15,"key":"REST"}],"neow_cost":"TEN_PERCENT_HP_LOSS","seed_source_timestamp":853501813732901,"circlet_count":0,"master_deck":["Strike_R","Strike_R","Strike_R","Strike_R","Defend_R","Defend_R","Defend_R","Bash","Bludgeon+1","Metallicize","Ghostly Armor","Pommel Strike+1","Limit Break+1","Sword Boomerang+1","Injury"],"relics":["Burning Blood","NlothsMask","Molten Egg 2","Mummified Hand","Question Card","Golden Idol"],"potions_floor_usage":[12],"damage_taken":[{"damage":3,"enemies":"Small Slimes","floor":1,"turns":2},{"damage":0,"enemies":"Cultist","floor":4,"turns":2},{"damage":49,"enemies":"3 Sentries","floor":6,"turns":12},{"damage":2,"enemies":"2 Louse","floor":7,"turns":2},{"damage":26,"enemies":"Lagavulin","floor":12,"turns":4},{"damage":35,"enemies":"The Guardian","floor":16,"turns":9}],"seed_played":"-1886450129218444117","potions_obtained":[{"floor":1,"key":"SteroidPotion"},{"floor":6,"key":"Dexterity Potion"}],"is_trial":false,"path_per_floor":["M","$","?","M","?","E","M","R","T","R","T","E","?","?","R","B"],"character_chosen":"IRONCLAD","items_purchased":[],"campfire_rested":1,"item_purchase_floors":[],"current_hp_per_floor":[72,72,72,72,72,29,33,33,33,33,33,13,13,13,34,0],"gold":129,"neow_bonus":"THREE_RARE_CARDS","is_prod":false,"is_daily":false,"chose_seed":false,"campfire_upgraded":2,"win_rate":0,"timestamp":1547914865,"path_taken":["M","$","?","?","?","E","M","R","T","R","?","E","?","?","R","BOSS"],"build_version":"2019-01-17v2","purchased_purges":1,"victory":false,"max_hp_per_floor":[72,72,72,72,72,72,72,72,72,72,72,72,72,72,72,72],"card_choices":[{"not_picked":["Double Tap","Immolate"],"picked":"Bludgeon","floor":0},{"not_picked":["Pommel Strike","Sword Boomerang"],"picked":"Metallicize","floor":1},{"not_picked":["Headbutt","Warcry"],"picked":"Ghostly Armor","floor":4},{"not_picked":["Perfected Strike","Clothesline"],"picked":"Pommel Strike","floor":6},{"not_picked":["Shrug It Off","Clash+1"],"picked":"Limit Break","floor":7},{"not_picked":["Second Wind","Evolve"],"picked":"Sword Boomerang+1","floor":12}],"player_experience":128027,"relics_obtained":[{"floor":6,"key":"Molten Egg 2"},{"floor":11,"key":"Mummified Hand"},{"floor":12,"key":"Question Card"}],"event_choices":[{"damage_healed":0,"gold_gain":0,"player_choice":"Trade","damage_taken":0,"relics_obtained":["NlothsMask"],"max_hp_gain":0,"max_hp_loss":0,"event_name":"FaceTrader","floor":3,"gold_loss":0},{"cards_removed":["Defend_R"],"damage_healed":0,"gold_gain":0,"player_choice":"Forget","damage_taken":0,"max_hp_gain":0,"max_hp_loss":0,"event_name":"Living Wall","floor":5,"gold_loss":0},{"damage_healed":0,"gold_gain":0,"player_choice":"Take Wound","damage_taken":0,"relics_obtained":["Golden Idol"],"max_hp_gain":0,"max_hp_loss":0,"event_name":"Golden Idol","floor":13,"gold_loss":0,"cards_obtained":["Injury"]},{"damage_healed":0,"gold_gain":0,"player_choice":"Ignored","damage_taken":0,"max_hp_gain":0,"max_hp_loss":0,"event_name":"Shining Light","floor":14,"gold_loss":0}],"is_beta":false,"boss_relics":[],"items_purged_floors":[2],"is_endless":false,"potions_floor_spawned":[1,6],"killed_by":"The Guardian","ascension_level":1}