{"gold_per_floor":[110,129,129,140,66,97,97,115,115,115,130,164,164,164],"floor_reached":14,"playtime":725,"items_purged":[],"score":150,"play_id":"c855db45-b3b6-4d7b-810e-8f052b3435c1","local_time":"20190717142623","is_ascension_mode":true,"campfire_choices":[{"floor":7,"key":"REST"}],"neow_cost":"NONE","seed_source_timestamp":536767424255799,"circlet_count":0,"master_deck":["AscendersBane","Strike_R","Strike_R","Strike_R","Strike_R","Strike_R","Defend_R","Defend_R","Defend_R","Defend_R","Bash","Brutality","Rage","Warcry","Blood for Blood+1","Combust","Twin Strike+1","Pommel Strike+1","Injury","Feel No Pain+1","Juggernaut+1"],"relics":["Burning Blood","Molten Egg 2","Frozen Egg 2","Darkstone Periapt","Golden Idol","Paper Frog"],"potions_floor_usage":[6,6,12,14],"damage_taken":[{"damage":8,"enemies":"Jaw Worm","floor":1,"turns":5},{"damage":7,"enemies":"Small Slimes","floor":2,"turns":3},{"damage":8,"enemies":"Cultist","floor":4,"turns":4},{"damage":40,"enemies":"3 Sentries","floor":6,"turns":6},{"damage":16,"enemies":"Exordium Thugs","floor":8,"turns":4},{"damage":7,"enemies":"Looter","floor":11,"turns":2},{"damage":40,"enemies":"Lagavulin","floor":12,"turns":5},{"damage":16,"enemies":"2 Fungi Beasts","floor":14,"turns":3}],"seed_played":"3317957234767695942","potions_obtained":[{"floor":1,"key":"Weak Potion"},{"floor":2,"key":"FearPotion"},{"floor":6,"key":"SmokeBomb"},{"floor":11,"key":"Poison Potion"},{"floor":12,"key":"Poison Potion"}],"is_trial":false,"path_per_floor":["M","M","?","M","$","E","R","M","T","?","M","E","?","M"],"character_chosen":"IRONCLAD","items_purchased":["Combust"],"campfire_rested":1,"item_purchase_floors":[5],"current_hp_per_floor":[70,69,66,64,64,30,54,44,44,50,49,15,15,0],"gold":164,"neow_bonus":"ONE_RANDOM_RARE_CARD","is_prod":false,"is_daily":false,"chose_seed":false,"campfire_upgraded":0,"win_rate":0,"timestamp":1563369983,"path_taken":["M","M","?","M","$","E","R","M","T","?","M","E","?","M"],"build_version":"2019-07-05","purchased_purges":0,"victory":false,"max_hp_per_floor":[80,80,80,80,80,80,80,80,80,86,86,86,86,86],"card_choices":[{"not_picked":["Armaments","Wild Strike"],"picked":"Rage","floor":1},{"not_picked":["Perfected Strike","Sword Boomerang"],"picked":"Warcry","floor":2},{"not_picked":["Pommel Strike+1","Bloodletting"],"picked":"Blood for Blood+1","floor":4},{"not_picked":["Dual Wield","Heavy Blade+1"],"picked":"Twin Strike+1","floor":6},{"not_picked":["Sword Boomerang+1","Heavy Blade+1"],"picked":"Pommel Strike+1","floor":8},{"not_picked":["Infernal Blade","Battle Trance"],"picked":"Feel No Pain+1","floor":11},{"not_picked":["Thunderclap+1","Perfected Strike+1"],"picked":"Juggernaut+1","floor":12}],"player_experience":1012385,"relics_obtained":[{"floor":6,"key":"Frozen Egg 2"},{"floor":9,"key":"Darkstone Periapt"},{"floor":12,"key":"Paper Frog"}],"event_choices":[{"damage_healed":0,"gold_gain":0,"player_choice":"Success","damage_taken":3,"relics_obtained":["Molten Egg 2"],"max_hp_gain":0,"max_hp_loss":0,"event_name":"Scrap Ooze","floor":3,"gold_loss":0},{"damage_healed":0,"gold_gain":0,"player_choice":"Take Wound","damage_taken":0,"relics_obtained":["Golden Idol"],"max_hp_gain":0,"max_hp_loss":0,"event_name":"Golden Idol","floor":10,"gold_loss":0,"cards_obtained":["Injury"]},{"damage_healed":0,"gold_gain":0,"player_choice":"Ignored","damage_taken":0,"max_hp_gain":0,"max_hp_loss":0,"event_name":"Shining Light","floor":13,"gold_loss":0}],"is_beta":false,"boss_relics":[],"items_purged_floors":[],"is_endless":false,"potions_floor_spawned":[1,2,6,11,12],"killed_by":"2 Fungi Beasts","ascension_level":10}