{"gold_per_floor":[16,34,45,62,82,82,82,82,107,141,161,171,171],"floor_reached":13,"playtime":983,"items_purged":[],"score":89,"play_id":"08936ff1-4298-452c-963e-2e0849c33f68","local_time":"20190711034056","is_ascension_mode":false,"campfire_choices":[{"data":"Footwork","floor":6,"key":"SMITH"},{"data":"Footwork","floor":8,"key":"SMITH"}],"neow_cost":"NO_GOLD","seed_source_timestamp":43945487350891,"circlet_count":0,"master_deck":["Strike_G","Strike_G","Strike_G","Strike_G","Defend_G","Defend_G","Defend_G","Defend_G","Survivor","Neutralize","PiercingWail","Footwork+1","Footwork+1","Slice","Backflip","Slice","Outmaneuver","Dagger Throw"],"relics":["Ring of the Snake","Anchor","Omamori"],"potions_floor_usage":[5,10],"damage_taken":[{"damage":0,"enemies":"Cultist","floor":1,"turns":5},{"damage":2,"enemies":"Small Slimes","floor":2,"turns":4},{"damage":0,"enemies":"Jaw Worm","floor":3,"turns":5},{"damage":0,"enemies":"2 Fungi Beasts","floor":4,"turns":7},{"damage":0,"enemies":"Large Slime","floor":5,"turns":9},{"damage":42,"enemies":"Gremlin Nob","floor":10,"turns":7},{"damage":10,"enemies":"Looter","floor":11,"turns":3},{"damage":12,"enemies":"Blue Slaver","floor":12,"turns":6},{"damage":0,"enemies":"Exordium Thugs","floor":13,"turns":1}],"seed_played":"-4515707830444750249","potions_obtained":[{"floor":1,"key":"Energy Potion"},{"floor":3,"key":"Dexterity Potion"},{"floor":4,"key":"EssenceOfSteel"},{"floor":7,"key":"Swift Potion"}],"is_trial":false,"path_per_floor":["M","M","M","M","M","R","?","R","T","E","M","M","M"],"character_chosen":"THE_SILENT","items_purchased":[],"campfire_rested":0,"item_purchase_floors":[],"current_hp_per_floor":[70,68,68,68,68,68,68,68,68,26,16,4,4],"gold":171,"neow_bonus":"REMOVE_TWO","is_prod":false,"is_daily":false,"chose_seed":false,"campfire_upgraded":2,"win_rate":0.0,"timestamp":1562834456,"path_taken":["M","M","M","?","?","R","?","R","T","E","M","M","?"],"build_version":"2019-07-05","purchased_purges":0,"victory":false,"max_hp_per_floor":[70,70,70,70,70,70,70,70,70,70,70,70,70],"card_choices":[{"not_picked":["Quick Slash","Accuracy"],"picked":"PiercingWail","floor":1},{"not_picked":["Flying Knee","Infinite Blades"],"picked":"Footwork","floor":2},{"not_picked":["Tactician","Slice"],"picked":"Footwork","floor":3},{"not_picked":["Riddle With Holes","Poisoned Stab"],"picked":"Slice","floor":4},{"not_picked":["Bouncing Flask","Riddle With Holes"],"picked":"Backflip","floor":5},{"not_picked":["Predator","Escape Plan"],"picked":"Slice","floor":10},{"not_picked":["Crippling Poison","Choke"],"picked":"Outmaneuver","floor":11},{"not_picked":["Blade Dance","Distraction"],"picked":"Dagger Throw","floor":12}],"player_experience":100150,"relics_obtained":[{"floor":9,"key":"Anchor"},{"floor":10,"key":"Omamori"}],"event_choices":[{"damage_healed":0,"gold_gain":0,"player_choice":"Got Potions","damage_taken":0,"max_hp_gain":0,"max_hp_loss":0,"event_name":"Lab","floor":7,"gold_loss":0}],"is_beta":false,"boss_relics":[],"items_purged_floors":[],"is_endless":false,"potions_floor_spawned":[1,3,4],"killed_by":"Exordium Thugs","ascension_level":0}