{"gold_per_floor":[118,118,137,188,205,205,205,236,236,236,254,271,271,291,291,370,370,388,401,77,77,97,97,122,122,122,122,122,136,148,148,148,225,225,237,247,30,44,54,54,54],"floor_reached":41,"playtime":4251,"items_purged":[],"score":837,"play_id":"d9db5b27-801f-4d7f-b398-d3c9d9eacf3e","local_time":"20190706135008","is_ascension_mode":true,"campfire_choices":[{"data":"Noxious Fumes","floor":6.0,"key":"SMITH"},{"data":"Backflip","floor":10.0,"key":"SMITH"},{"data":"Dodge and Roll","floor":13.0,"key":"SMITH"},{"data":"Deflect","floor":15.0,"key":"SMITH"},{"data":"Bane","floor":23.0,"key":"SMITH"},{"floor":25.0,"key":"REST"},{"floor":27.0,"key":"REST"},{"floor":32.0,"key":"REST"},{"floor":40.0,"key":"REST"}],"neow_cost":"NONE","seed_source_timestamp":693050755982100,"circlet_count":0,"master_deck":["AscendersBane","Strike_G+1","Strike_G","Strike_G","Defend_G","Defend_G","Defend_G","Defend_G","Defend_G","Survivor","Neutralize+1","All Out Attack","Noxious Fumes+1","Acrobatics","Backflip+1","Dodge and Roll+1","Deflect+1","Well Laid Plans","Adrenaline","Dash","Poisoned Stab+1","PiercingWail","Dodge and Roll","Bane+1","Bouncing Flask","Sucker Punch","Catalyst","Backstab","Prepared","A Thousand Cuts","Footwork","Dash","Footwork"],"special_seed":0,"relics":["Ring of the Snake","Bottled Lightning","Ornamental Fan","Orrery","Bottled Tornado","Whetstone","Mercury Hourglass","Bronze Scales","White Beast Statue","ClockworkSouvenir"],"potions_floor_usage":[41],"damage_taken":[{"damage":6.0,"enemies":"Jaw Worm","floor":1.0,"turns":5.0},{"damage":7.0,"enemies":"Small Slimes","floor":3.0,"turns":3.0},{"damage":2.0,"enemies":"2 Louse","floor":5.0,"turns":3.0},{"damage":20.0,"enemies":"Lagavulin","floor":8.0,"turns":7.0},{"damage":5.0,"enemies":"Exordium Thugs","floor":11.0,"turns":3.0},{"damage":9.0,"enemies":"Large Slime","floor":12.0,"turns":6.0},{"damage":0.0,"enemies":"Red Slaver","floor":14.0,"turns":4.0},{"damage":0.0,"enemies":"The Guardian","floor":16.0,"turns":12.0},{"damage":1.0,"enemies":"Shell Parasite","floor":18.0,"turns":7.0},{"damage":17.0,"enemies":"Chosen","floor":19.0,"turns":9.0},{"damage":6.0,"enemies":"Centurion and Healer","floor":22.0,"turns":7.0},{"damage":39.0,"enemies":"Slavers","floor":24.0,"turns":6.0},{"damage":0.0,"enemies":"Chosen and Byrds","floor":29.0,"turns":4.0},{"damage":2.0,"enemies":"3 Cultists","floor":30.0,"turns":4.0},{"damage":63.0,"enemies":"Champ","floor":33.0,"turns":14.0},{"damage":18.0,"enemies":"3 Darklings","floor":35.0,"turns":6.0},{"damage":0.0,"enemies":"Orb Walker","floor":36.0,"turns":4.0},{"damage":0.0,"enemies":"Maw","floor":38.0,"turns":9.0},{"damage":13.0,"enemies":"Sphere and 2 Shapes","floor":39.0,"turns":5.0},{"damage":72,"enemies":"Giant Head","floor":41,"turns":8}],"seed_played":"5355199925812040632","potions_obtained":[{"floor":1.0,"key":"Explosive Potion"},{"floor":5.0,"key":"EssenceOfSteel"},{"floor":7.0,"key":"GhostInAJar"},{"floor":12.0,"key":"Strength Potion"},{"floor":24.0,"key":"Poison Potion"},{"floor":30.0,"key":"Ancient Potion"},{"floor":35.0,"key":"GamblersBrew"},{"floor":36.0,"key":"Weak Potion"},{"floor":38.0,"key":"Fruit Juice"},{"floor":39.0,"key":"Strength Potion"}],"is_trial":false,"path_per_floor":["M","?","M","?","M","R","?","E","T","R","M","M","R","M","R","B",null,"M","M","$","?","M","R","E","R","T","R","?","M","M","?","R","B",null,"M","M","$","M","M","R","E"],"character_chosen":"THE_SILENT","items_purchased":["Bottled Tornado","Dexterity Potion","ClockworkSouvenir"],"campfire_rested":4,"item_purchase_floors":[20,20,37],"current_hp_per_floor":[53,58,51,51,49,49,49,29,29,29,24,15,15,15,15,15,57,56,39,39,53,47,47,8,29,29,50,50,50,48,48,69,6,55,37,37,37,42,29,51,0],"gold":54,"neow_bonus":"UPGRADE_CARD","is_prod":false,"is_daily":false,"chose_seed":false,"campfire_upgraded":5,"win_rate":0,"timestamp":1562413808,"path_taken":["M","?","M","?","M","R","?","E","T","R","M","M","R","?","R","BOSS","M","M","$","?","M","R","E","R","T","R","?","M","?","?","R","BOSS","M","M","$","M","M","R","E"],"build_version":"2019-07-05","purchased_purges":0,"victory":false,"max_hp_per_floor":[66,71,71,71,71,71,71,71,71,71,71,71,71,71,71,71,71,71,71,71,71,71,71,71,71,71,71,71,71,71,71,71,71,71,71,71,71,76,76,76,76],"card_choices":[{"not_picked":["Prepared","Skewer"],"picked":"All Out Attack","floor":1.0},{"not_picked":["Deadly Poison","Quick Slash"],"picked":"Noxious Fumes","floor":3.0},{"not_picked":["Outmaneuver","Night Terror"],"picked":"Acrobatics","floor":5.0},{"not_picked":["PiercingWail","Heel Hook"],"picked":"Backflip","floor":8.0},{"not_picked":["Expertise","Dagger Spray"],"picked":"Dodge and Roll","floor":11.0},{"not_picked":["Quick Slash","Outmaneuver"],"picked":"Deflect","floor":12.0},{"not_picked":["Blur","Sucker Punch"],"picked":"Well Laid Plans","floor":14.0},{"not_picked":["Night Terror","Phantasmal Killer"],"picked":"Adrenaline","floor":16.0},{"not_picked":["Cloak And Dagger","Flying Knee"],"picked":"Dash","floor":17.0},{"not_picked":["Slice","Skewer"],"picked":"Poisoned Stab","floor":17.0},{"not_picked":["Calculated Gamble","Quick Slash"],"picked":"PiercingWail","floor":17.0},{"not_picked":["Flechettes","Predator"],"picked":"Dodge and Roll","floor":18.0},{"not_picked":["Skewer","Accuracy","Flying Knee"],"picked":"SKIP","floor":19.0},{"not_picked":["All Out Attack","Blade Dance"],"picked":"Bane","floor":22.0},{"not_picked":["Quick Slash","Flying Knee"],"picked":"Bouncing Flask","floor":24.0},{"not_picked":["Grand Finale","Dodge and Roll"],"picked":"Sucker Punch","floor":29.0},{"not_picked":["Slice","Cloak And Dagger"],"picked":"Catalyst","floor":30.0},{"not_picked":["Night Terror","Storm of Steel"],"picked":"A Thousand Cuts","floor":33.0},{"not_picked":["Slice+1","Dagger Spray"],"picked":"Footwork","floor":35.0},{"not_picked":["Slice","Underhanded Strike","Venomology"],"picked":"SKIP","floor":36.0},{"not_picked":["Underhanded Strike+1","Flying Knee"],"picked":"Dash","floor":38.0},{"not_picked":["Heel Hook","Slice+1"],"picked":"Footwork","floor":39.0}],"player_experience":838210,"relics_obtained":[{"floor":8.0,"key":"Bottled Lightning"},{"floor":9.0,"key":"Ornamental Fan"},{"floor":24.0,"key":"Whetstone"},{"floor":26.0,"key":"Mercury Hourglass"}],"event_choices":[{"damage_healed":0.0,"max_hp_gain":5.0,"max_hp_loss":0.0,"gold_gain":0.0,"event_name":"Big Fish","player_choice":"Donut","floor":2.0,"gold_loss":0.0,"damage_taken":0.0},{"damage_healed":0.0,"max_hp_gain":0.0,"max_hp_loss":0.0,"gold_gain":51.0,"event_name":"Golden Wing","player_choice":"Gained Gold","floor":4.0,"gold_loss":0.0,"damage_taken":0.0},{"damage_healed":0.0,"max_hp_gain":0.0,"max_hp_loss":0.0,"gold_gain":0.0,"event_name":"Lab","player_choice":"Got Potions","floor":7.0,"gold_loss":0.0,"damage_taken":0.0},{"damage_healed":14.0,"max_hp_gain":0.0,"max_hp_loss":0.0,"gold_gain":0.0,"event_name":"The Library","player_choice":"Heal","floor":21.0,"gold_loss":0.0,"damage_taken":0.0},{"damage_healed":0.0,"max_hp_gain":0.0,"max_hp_loss":0.0,"gold_gain":0.0,"event_name":"WeMeetAgain","player_choice":"Gave Potion","floor":28.0,"gold_loss":0.0,"damage_taken":0.0,"relics_obtained":["Bronze Scales"]},{"damage_healed":0.0,"max_hp_gain":0.0,"max_hp_loss":0.0,"gold_gain":0.0,"cards_transformed":["Strike_G","Strike_G"],"event_name":"Drug Dealer","player_choice":"Became Test Subject","floor":31.0,"gold_loss":0.0,"damage_taken":0.0,"cards_obtained":["Backstab","Prepared"]}],"is_beta":false,"boss_relics":[{"not_picked":["Pandora\u0027s Box","Velvet Choker"],"picked":"Orrery"},{"not_picked":["Philosopher\u0027s Stone","WristBlade"],"picked":"White Beast Statue"}],"items_purged_floors":[],"is_endless":false,"potions_floor_spawned":[1,5,12,24,30,35,36,38,39],"killed_by":"Giant Head","ascension_level":16}