{"gold_per_floor":[114,132,147,166,51,78,78,90,116,191,44,44,44,44,44,44],"floor_reached":16,"playtime":783,"items_purged":["Strike_B"],"score":150,"play_id":"7be1ccae-aaf4-4a1e-91cf-bbd22285b3b6","local_time":"20190723143422","is_ascension_mode":false,"campfire_choices":[{"data":"Genetic Algorithm","floor":7,"key":"SMITH"},{"data":"Zap","floor":13,"key":"SMITH"},{"data":"Redo","floor":15,"key":"SMITH"}],"neow_cost":"NONE","seed_source_timestamp":46885493267378,"circlet_count":0,"master_deck":["Strike_B","Strike_B","Defend_B","Defend_B","Defend_B","Defend_B","Zap+1","Dualcast","Self Repair","Sweeping Beam","Streamline","Loop","Capacitor","Genetic Algorithm+1","Rebound","Redo+1","Undo","Sweeping Beam"],"relics":["Coffee Dripper","Gambling Chip","Centennial Puzzle"],"potions_floor_usage":[6,8],"damage_taken":[{"damage":1,"enemies":"Jaw Worm","floor":1,"turns":4},{"damage":0,"enemies":"Small Slimes","floor":2,"turns":3},{"damage":0,"enemies":"2 Louse","floor":3,"turns":3},{"damage":0,"enemies":"2 Fungi Beasts","floor":4,"turns":3},{"damage":25,"enemies":"Gremlin Nob","floor":6,"turns":5},{"damage":5,"enemies":"Exordium Thugs","floor":8,"turns":4}],"seed_played":"63838579449768162","potions_obtained":[{"floor":2,"key":"Dexterity Potion"},{"floor":6,"key":"EssenceOfSteel"}],"is_trial":false,"path_per_floor":["M","M","M","M","$","E","R","M","T","?","$","?","R","?","R","B"],"character_chosen":"DEFECT","items_purchased":["Capacitor","Genetic Algorithm","Undo"],"campfire_rested":0,"item_purchase_floors":[5,5,11],"current_hp_per_floor":[74,75,75,75,75,57,57,52,52,41,41,41,41,41,41,0],"gold":44,"neow_bonus":"BOSS_RELIC","is_prod":false,"is_daily":false,"chose_seed":false,"campfire_upgraded":3,"win_rate":0,"timestamp":1563885262,"path_taken":["M","M","M","M","$","E","R","M","T","?","$","?","R","?","R","BOSS"],"build_version":"2019-07-05","purchased_purges":1,"victory":false,"max_hp_per_floor":[75,75,75,75,75,75,75,75,75,75,75,75,75,75,75,75],"card_choices":[{"not_picked":["Sweeping Beam","Compile Driver"],"picked":"Self Repair","floor":1},{"not_picked":["Force Field","Redo"],"picked":"Sweeping Beam","floor":2},{"not_picked":["Ball Lightning","Aggregate"],"picked":"Streamline","floor":3},{"not_picked":["Chill","Rebound"],"picked":"Loop","floor":4},{"not_picked":["Streamline","Stack"],"picked":"Rebound","floor":6},{"not_picked":["Skim","Streamline"],"picked":"Redo","floor":8}],"player_experience":93630,"relics_obtained":[{"floor":6,"key":"Gambling Chip"},{"floor":9,"key":"Centennial Puzzle"}],"event_choices":[{"damage_healed":0,"gold_gain":75,"player_choice":"Gather Gold","damage_taken":11,"max_hp_gain":0,"max_hp_loss":0,"event_name":"World of Goop","floor":10,"gold_loss":0},{"damage_healed":0,"gold_gain":0,"cards_transformed":["Strike_B"],"player_choice":"Change","damage_taken":0,"max_hp_gain":0,"max_hp_loss":0,"event_name":"Living Wall","floor":12,"gold_loss":0,"cards_obtained":["Sweeping Beam"]},{"damage_healed":0,"gold_gain":0,"player_choice":"Ignored","damage_taken":0,"max_hp_gain":0,"max_hp_loss":0,"event_name":"Liars Game","floor":14,"gold_loss":0}],"is_beta":false,"boss_relics":[],"items_purged_floors":[11],"is_endless":false,"potions_floor_spawned":[2,6],"killed_by":"The Guardian","ascension_level":0}