{"gold_per_floor":[117,67,67,41,61,86,86,86,86,115,17,40,55,83,83,83],"floor_reached":16,"playtime":745,"items_purged":[],"score":219,"play_id":"fa37255e-12ab-49c7-b32c-3b3c84109ab5","local_time":"20190719184734","is_ascension_mode":true,"campfire_choices":[{"data":"Barricade","floor":7,"key":"SMITH"},{"floor":15,"key":"REST"}],"neow_cost":"NONE","seed_source_timestamp":725218129918800,"circlet_count":0,"master_deck":["AscendersBane","Strike_R","Strike_R","Strike_R","Strike_R","Defend_R+1","Defend_R","Defend_R","Bash","Disarm+1","Barricade+1","Clothesline","Cleave","Corruption","Regret","Shrug It Off","Shockwave","Iron Wave","Whirlwind","Feed"],"relics":["Burning Blood","NeowsBlessing","Lantern","Bag of Marbles","Centennial Puzzle","War Paint","Regal Pillow"],"potions_floor_usage":[14,14],"damage_taken":[{"damage":0,"enemies":"Cultist","floor":1,"turns":1},{"damage":0,"enemies":"Small Slimes","floor":5,"turns":1},{"damage":0,"enemies":"Gremlin Nob","floor":6,"turns":1},{"damage":54,"enemies":"3 Sentries","floor":10,"turns":8},{"damage":12,"enemies":"Jaw Worm","floor":13,"turns":4},{"damage":15,"enemies":"Lagavulin","floor":14,"turns":6},{"damage":62,"enemies":"Slime Boss","floor":16,"turns":8}],"seed_played":"-4967340119795736486","potions_obtained":[{"floor":1,"key":"GamblersBrew"},{"floor":10,"key":"Strength Potion"},{"floor":13,"key":"PowerPotion"}],"is_trial":false,"path_per_floor":["M","?","?","$","M","E","R","?","T","E","$","T","M","E","R","B"],"character_chosen":"IRONCLAD","items_purchased":["Clothesline","Shockwave","Iron Wave"],"campfire_rested":1,"item_purchase_floors":[4,11,11],"current_hp_per_floor":[78,78,78,78,80,80,80,80,80,32,32,32,26,17,56,0],"gold":83,"neow_bonus":"THREE_ENEMY_KILL","is_prod":false,"is_daily":false,"chose_seed":false,"campfire_upgraded":1,"win_rate":0,"timestamp":1563558454,"path_taken":["M","?","?","?","M","E","R","?","T","E","?","?","?","E","R","BOSS"],"build_version":"2019-07-17","purchased_purges":0,"victory":false,"max_hp_per_floor":[80,80,80,80,80,80,80,80,80,80,80,80,80,80,80,80],"card_choices":[{"not_picked":["Bloodletting","Anger"],"picked":"Disarm","floor":1},{"not_picked":["Reckless Charge","Armaments"],"picked":"Cleave","floor":5},{"not_picked":["Dual Wield","Heavy Blade"],"picked":"Corruption","floor":6},{"not_picked":["Evolve","Body Slam"],"picked":"Shrug It Off","floor":10},{"not_picked":["Thunderclap","Sword Boomerang"],"picked":"Whirlwind","floor":13},{"not_picked":["True Grit","Spot Weakness"],"picked":"Feed","floor":14}],"player_experience":1059805,"relics_obtained":[{"floor":6,"key":"Lantern"},{"floor":9,"key":"Centennial Puzzle"},{"floor":10,"key":"War Paint"},{"floor":14,"key":"Regal Pillow"}],"event_choices":[{"cards_removed":["Strike_R"],"damage_healed":0,"gold_gain":0,"player_choice":"Card Removal","damage_taken":0,"max_hp_gain":0,"max_hp_loss":0,"event_name":"The Cleric","floor":2,"gold_loss":50},{"damage_healed":0,"gold_gain":0,"cards_transformed":["Defend_R"],"player_choice":"Change","damage_taken":0,"max_hp_gain":0,"max_hp_loss":0,"event_name":"Living Wall","floor":3,"gold_loss":0,"cards_obtained":["Barricade"]},{"damage_healed":0,"gold_gain":0,"player_choice":"Box","damage_taken":0,"relics_obtained":["Bag of Marbles"],"max_hp_gain":0,"max_hp_loss":0,"event_name":"Big Fish","floor":8,"gold_loss":0,"cards_obtained":["Regret"]}],"is_beta":false,"boss_relics":[],"items_purged_floors":[],"is_endless":false,"potions_floor_spawned":[1,10,13],"killed_by":"Slime Boss","ascension_level":11}