{"gold_per_floor":[119,69,69,79,98,98,110,123,123,140,155,155,170,95,95,95],"floor_reached":16,"playtime":1334,"items_purged":["Strike_R"],"score":106,"play_id":"aa539d08-ce98-49aa-be84-116bbf92598e","local_time":"20190725025256","is_ascension_mode":true,"campfire_choices":[{"data":"Body Slam","floor":6,"key":"SMITH"},{"data":"Armaments","floor":12,"key":"SMITH"},{"data":"Body Slam","floor":15,"key":"SMITH"}],"neow_cost":"NONE","seed_source_timestamp":42634543176399,"circlet_count":0,"master_deck":["Strike_R","Strike_R","Defend_R","Defend_R","Defend_R","Defend_R","Bash","Body Slam+1","Barricade","Uppercut","Shrug It Off","Body Slam","Armaments+1","Body Slam+1","Iron Wave"],"relics":["Burning Blood","Bottled Lightning"],"potions_floor_usage":[7],"damage_taken":[{"damage":1,"enemies":"Cultist","floor":1,"turns":4},{"damage":10,"enemies":"2 Louse","floor":4,"turns":3},{"damage":1,"enemies":"Small Slimes","floor":5,"turns":4},{"damage":11,"enemies":"Gremlin Gang","floor":7,"turns":6},{"damage":24,"enemies":"Exordium Wildlife","floor":8,"turns":7},{"damage":10,"enemies":"Large Slime","floor":10,"turns":7},{"damage":2,"enemies":"3 Louse","floor":11,"turns":3},{"damage":20,"enemies":"Exordium Wildlife","floor":13,"turns":8},{"damage":32,"enemies":"Slime Boss","floor":16,"turns":6}],"seed_played":"-3191366513841228022","potions_obtained":[{"floor":4,"key":"AttackPotion"},{"floor":11,"key":"SpeedPotion"},{"floor":13,"key":"Poison Potion"}],"is_trial":false,"path_per_floor":["M","?","?","M","M","R","M","M","T","M","M","R","M","$","R","B"],"character_chosen":"IRONCLAD","items_purchased":[],"campfire_rested":0,"item_purchase_floors":[],"current_hp_per_floor":[80,80,80,76,80,80,75,57,57,53,57,57,43,43,43,11],"gold":95,"neow_bonus":"REMOVE_CARD","is_prod":false,"is_daily":false,"chose_seed":false,"campfire_upgraded":3,"win_rate":0,"timestamp":1564041176,"path_taken":["M","?","?","?","M","R","M","M","T","M","?","R","M","$","R","BOSS"],"build_version":"2019-07-17","purchased_purges":1,"victory":false,"max_hp_per_floor":[80,80,80,80,80,80,80,80,80,80,80,80,80,80,80,80],"card_choices":[{"not_picked":["Clash","Flex"],"picked":"Body Slam","floor":1},{"not_picked":["Blood for Blood","Warcry"],"picked":"Uppercut","floor":4},{"not_picked":["Anger","Body Slam"],"picked":"Shrug It Off","floor":5},{"not_picked":["Shrug It Off","Iron Wave"],"picked":"Body Slam","floor":7},{"not_picked":["Warcry","Thunderclap","Perfected Strike"],"picked":"SKIP","floor":8},{"not_picked":["Reckless Charge","Immolate"],"picked":"Armaments","floor":10},{"not_picked":["Reckless Charge","Flex"],"picked":"Body Slam","floor":11},{"not_picked":["Clash","Anger"],"picked":"Iron Wave","floor":13}],"player_experience":231620,"relics_obtained":[{"floor":9,"key":"Bottled Lightning"}],"event_choices":[{"cards_removed":["Strike_R"],"damage_healed":0,"gold_gain":0,"player_choice":"Card Removal","damage_taken":0,"max_hp_gain":0,"max_hp_loss":0,"event_name":"The Cleric","floor":2,"gold_loss":50},{"damage_healed":0,"gold_gain":0,"player_choice":"1 cards matched","damage_taken":0,"max_hp_gain":0,"max_hp_loss":0,"event_name":"Match and Keep!","floor":3,"gold_loss":0,"cards_obtained":["Barricade"]}],"is_beta":false,"boss_relics":[],"items_purged_floors":[14],"is_endless":false,"potions_floor_spawned":[4,11,13],"killed_by":"Slime Boss","ascension_level":2}