{"gold_per_floor":[110,110,129,146,156,156,170,170,220,236,236,267,282,282,282,377,377,393,411,411,425,405,405,433,433,460,460,471,497,497,295,295,392,392,408,419,419,26,0,0,55,13,91,101,47,71,101,101,101,101],"floor_reached":51,"playtime":3368,"items_purged":["Strike_G","Strike_G"],"score":774,"play_id":"2772cc84-3d25-4e8e-a622-9e399fd8e167","local_time":"20190724233925","is_ascension_mode":true,"campfire_choices":[{"data":"Neutralize","floor":6,"key":"SMITH"},{"data":"Terror","floor":8,"key":"SMITH"},{"data":"Quick Slash","floor":11,"key":"SMITH"},{"data":"Deflect","floor":15,"key":"SMITH"},{"data":"Footwork","floor":23,"key":"SMITH"},{"data":"Die Die Die","floor":25,"key":"SMITH"},{"data":"Catalyst","floor":27,"key":"SMITH"},{"data":"Sucker Punch","floor":32,"key":"SMITH"},{"data":"Adrenaline","floor":40,"key":"SMITH"},{"data":"Well Laid Plans","floor":49,"key":"SMITH"}],"neow_cost":"NONE","seed_source_timestamp":28962050227910,"circlet_count":0,"master_deck":["Strike_G","Strike_G","Defend_G","Defend_G","Defend_G","Defend_G","Survivor","Neutralize+1","Deflect+1","Outmaneuver","Heel Hook","Terror+1","Quick Slash+1","Die Die Die+1","Poisoned Stab","Poisoned Stab+1","Footwork+1","Catalyst+1","Quick Slash+1","Flash of Steel","Sucker Punch+1","Slice","Adrenaline+1","Deflect+1","Footwork+1","Flying Knee","Slice","Blur+1","Caltrops+1","Poisoned Stab","Deadly Poison+1","Well Laid Plans+1","Burst+1"],"relics":["Ring of the Serpent","NeowsBlessing","Vajra","The Courier","MutagenicStrength","Oddly Smooth Stone","Bag of Preparation","Juzu Bracelet","Art of War","WristBlade","TwistedFunnel","Red Mask","Nunchaku","Toxic Egg 2","Centennial Puzzle","Orichalcum"],"potions_floor_usage":[7,16,19,19,21,24,29,33,41,41],"damage_taken":[{"damage":0,"enemies":"Small Slimes","floor":1,"turns":1},{"damage":0,"enemies":"Cultist","floor":3,"turns":1},{"damage":0,"enemies":"2 Louse","floor":4,"turns":2},{"damage":0,"enemies":"Blue Slaver","floor":5,"turns":6},{"damage":13,"enemies":"Exordium Thugs","floor":7,"turns":10},{"damage":2,"enemies":"Looter","floor":10,"turns":3},{"damage":6,"enemies":"Lagavulin","floor":12,"turns":5},{"damage":0,"enemies":"Blue Slaver","floor":13,"turns":3},{"damage":26,"enemies":"Hexaghost","floor":16,"turns":10},{"damage":0,"enemies":"Chosen","floor":18,"turns":5},{"damage":1,"enemies":"3 Byrds","floor":19,"turns":6},{"damage":20,"enemies":"Snecko","floor":21,"turns":6},{"damage":14,"enemies":"Slavers","floor":24,"turns":7},{"damage":0,"enemies":"Cultist and Chosen","floor":28,"turns":5},{"damage":0,"enemies":"Book of Stabbing","floor":29,"turns":3},{"damage":25,"enemies":"Collector","floor":33,"turns":7},{"damage":0,"enemies":"3 Darklings","floor":35,"turns":5},{"damage":0,"enemies":"Orb Walker","floor":36,"turns":1},{"damage":0,"enemies":"2 Orb Walkers","floor":41,"turns":3},{"damage":1,"enemies":"Maw","floor":44,"turns":5},{"damage":0,"enemies":"Giant Head","floor":47,"turns":7},{"damage":46,"enemies":"Time Eater","floor":50,"turns":15}],"seed_played":"-5559501594275028413","potions_obtained":[{"floor":1,"key":"PowerPotion"},{"floor":4,"key":"Regen Potion"},{"floor":5,"key":"PowerPotion"},{"floor":10,"key":"SteroidPotion"},{"floor":13,"key":"Weak Potion"},{"floor":16,"key":"EssenceOfSteel"},{"floor":19,"key":"AttackPotion"},{"floor":21,"key":"PowerPotion"},{"floor":22,"key":"SpeedPotion"},{"floor":28,"key":"SkillPotion"},{"floor":29,"key":"Weak Potion"},{"floor":35,"key":"LiquidBronze"},{"floor":36,"key":"PowerPotion"}],"is_trial":false,"path_per_floor":["M","?","M","M","M","R","M","R","T","M","R","E","M","?","R","B",null,"M","M","?","M","?","R","E","R","T","R","M","E","?","$","R","B",null,"M","M","?","$","?","R","?","$","T","M","$","T","E","?","R","B",null],"character_chosen":"THE_SILENT","items_purchased":["Flash of Steel","Sucker Punch","Slice","TwistedFunnel","Flying Knee","Slice","Blur","Poisoned Stab","Well Laid Plans"],"campfire_rested":0,"item_purchase_floors":[31,31,31,38,38,38,38,42,45],"current_hp_per_floor":[70,70,70,70,70,70,57,57,57,55,55,49,49,42,42,16,70,70,69,69,59,59,59,45,45,45,45,45,45,45,45,45,20,70,70,70,66,66,66,66,66,66,66,65,65,65,65,65,65,19],"gold":101,"neow_bonus":"THREE_ENEMY_KILL","is_prod":false,"is_daily":false,"chose_seed":false,"campfire_upgraded":10,"win_rate":0,"timestamp":1564029565,"path_taken":["M","?","M","M","M","R","M","R","T","M","R","E","?","?","R","BOSS","M","M","?","M","?","R","E","R","T","R","?","E","?","$","R","BOSS","M","M","?","$","?","R","?","?","T","M","?","?","E","?","R","BOSS"],"build_version":"2019-07-17","purchased_purges":2,"victory":true,"max_hp_per_floor":[70,70,70,70,70,70,70,70,70,70,70,70,70,70,70,70,70,70,70,70,70,70,70,70,70,70,70,70,70,70,70,70,70,70,70,70,66,66,66,66,66,66,66,66,66,66,66,66,66,66],"card_choices":[{"not_picked":["Reflex","All Out Attack"],"picked":"Deflect","floor":1},{"not_picked":["Underhanded Strike","Distraction"],"picked":"Outmaneuver","floor":3},{"not_picked":["Calculated Gamble","Dodge and Roll","Underhanded Strike"],"picked":"SKIP","floor":4},{"not_picked":["Outmaneuver","Choke"],"picked":"Heel Hook","floor":5},{"not_picked":["Caltrops","All Out Attack"],"picked":"Terror","floor":7},{"not_picked":["Terror","Heel Hook"],"picked":"Quick Slash","floor":10},{"not_picked":["Outmaneuver","Expertise","Doppelganger"],"picked":"SKIP","floor":12},{"not_picked":["Acrobatics","Dodge and Roll","Reflex"],"picked":"SKIP","floor":13},{"not_picked":["Doppelganger","Burst"],"picked":"Die Die Die","floor":16},{"not_picked":["Acrobatics","Blade Dance"],"picked":"Poisoned Stab","floor":18},{"not_picked":["Flying Knee","Cloak And Dagger"],"picked":"Poisoned Stab+1","floor":19},{"not_picked":["Bouncing Flask","Acrobatics"],"picked":"Footwork","floor":21},{"not_picked":["Underhanded Strike","Outmaneuver+1"],"picked":"Catalyst","floor":24},{"not_picked":["Blade Dance","Underhanded Strike","Prepared"],"picked":"SKIP","floor":28},{"not_picked":["Reflex","Backstab"],"picked":"Quick Slash+1","floor":29},{"not_picked":["Die Die Die","Glass Knife"],"picked":"Adrenaline","floor":33},{"not_picked":["Blade Dance+1","Accuracy+1"],"picked":"Deflect+1","floor":35},{"not_picked":["Backflip","Deadly Poison"],"picked":"Footwork+1","floor":36},{"not_picked":["Reflex","Choke"],"picked":"Caltrops+1","floor":41},{"not_picked":["Accuracy+1","Escape Plan+1"],"picked":"Deadly Poison+1","floor":44},{"not_picked":["Quick Slash","Concentrate+1"],"picked":"Burst+1","floor":47}],"player_experience":228252,"relics_obtained":[{"floor":9,"key":"Vajra"},{"floor":12,"key":"The Courier"},{"floor":24,"key":"Oddly Smooth Stone"},{"floor":26,"key":"Bag of Preparation"},{"floor":29,"key":"Juzu Bracelet"},{"floor":41,"key":"Nunchaku"},{"floor":43,"key":"Toxic Egg 2"},{"floor":46,"key":"Centennial Puzzle"},{"floor":47,"key":"Orichalcum"}],"event_choices":[{"cards_removed":["Strike_G"],"damage_healed":0,"gold_gain":0,"player_choice":"Purged","damage_taken":0,"max_hp_gain":0,"max_hp_loss":0,"event_name":"Purifier","floor":2,"gold_loss":0},{"cards_removed":["Defend_G"],"damage_healed":0,"gold_gain":0,"player_choice":"Card Removal","damage_taken":7,"max_hp_gain":0,"max_hp_loss":0,"event_name":"Golden Wing","floor":14,"gold_loss":0},{"damage_healed":0,"gold_gain":0,"player_choice":"Inject Mutagens","damage_taken":0,"relics_obtained":["MutagenicStrength"],"max_hp_gain":0,"max_hp_loss":0,"event_name":"Drug Dealer","floor":20,"gold_loss":0},{"damage_healed":0,"gold_gain":0,"player_choice":"Bought 1 Potion","damage_taken":0,"max_hp_gain":0,"max_hp_loss":0,"event_name":"The Woman in Blue","floor":22,"gold_loss":0},{"damage_healed":0,"gold_gain":0,"player_choice":"Opened","damage_taken":0,"relics_obtained":["Art of War"],"max_hp_gain":0,"max_hp_loss":0,"event_name":"The Mausoleum","floor":30,"gold_loss":0},{"damage_healed":0,"gold_gain":0,"player_choice":"Max HP","damage_taken":0,"max_hp_gain":0,"max_hp_loss":4,"event_name":"Winding Halls","floor":37,"gold_loss":0},{"damage_healed":0,"gold_gain":0,"player_choice":"Paid","damage_taken":0,"relics_obtained":["Red Mask"],"max_hp_gain":0,"max_hp_loss":0,"event_name":"Tomb of Lord Red Mask","floor":39,"gold_loss":26},{"damage_healed":0,"gold_gain":0,"player_choice":"Fight","damage_taken":0,"max_hp_gain":0,"max_hp_loss":0,"event_name":"Mysterious Sphere","floor":41,"gold_loss":0},{"damage_healed":0,"gold_gain":0,"player_choice":"Upgraded","damage_taken":0,"max_hp_gain":0,"max_hp_loss":0,"event_name":"Upgrade Shrine","floor":48,"gold_loss":0,"cards_upgraded":["Blur"]}],"is_beta":false,"boss_relics":[{"not_picked":["Astrolabe","Calling Bell"],"picked":"Ring of the Serpent"},{"not_picked":["Philosopher\u0027s Stone","Fusion Hammer"],"picked":"WristBlade"}],"items_purged_floors":[31,38],"is_endless":false,"potions_floor_spawned":[1,4,5,10,13,16,19,21,28,29,35,36],"ascension_level":1}