{"gold_per_floor":[115,134,147,147,157,157,0,65,65,65,84,84,159,172,172,272,272,286,65,50,63,79,79,99,109,109,109,121,121],"floor_reached":29,"playtime":2791,"items_purged":["Strike_B","Strike_B"],"score":231,"play_id":"669d375e-908c-41b3-b0d8-50c30728e75b","local_time":"20190723030306","is_ascension_mode":false,"campfire_choices":[{"data":"Dualcast","floor":6,"key":"SMITH"},{"data":"Zap","floor":12,"key":"SMITH"},{"data":"Rainbow","floor":15,"key":"SMITH"},{"floor":23,"key":"REST"}],"neow_cost":"NONE","seed_source_timestamp":3401749968521,"circlet_count":0,"master_deck":["Strike_B+1","Defend_B+1","Defend_B+1","Defend_B+1","Defend_B+1","Zap+1","Dualcast+1","Cold Snap","Leap","Compile Driver","Lockon","Self Repair","Rainbow+1","Lockon","Ball Lightning","Streamline","Buffer","Hologram+1","Capacitor","Cold Snap","Barrage","Cold Snap","Ball Lightning","Auto Shields","Consume"],"relics":["Runic Pyramid","Tiny Chest","Philosopher\u0027s Stone","Pantograph"],"potions_floor_usage":[18,20,22,25],"damage_taken":[{"damage":7,"enemies":"2 Louse","floor":1,"turns":2},{"damage":1,"enemies":"Jaw Worm","floor":2,"turns":4},{"damage":3,"enemies":"Small Slimes","floor":3,"turns":3},{"damage":1,"enemies":"Blue Slaver","floor":5,"turns":4},{"damage":5,"enemies":"Lagavulin","floor":8,"turns":8},{"damage":5,"enemies":"Looter","floor":11,"turns":2},{"damage":7,"enemies":"3 Louse","floor":14,"turns":3},{"damage":2,"enemies":"The Guardian","floor":16,"turns":8},{"damage":3,"enemies":"Spheric Guardian","floor":18,"turns":5},{"damage":23,"enemies":"2 Thieves","floor":20,"turns":4},{"damage":5,"enemies":"Cultist and Chosen","floor":21,"turns":7},{"damage":56,"enemies":"3 Cultists","floor":22,"turns":6},{"damage":5,"enemies":"Chosen and Byrds","floor":24,"turns":5},{"damage":9,"enemies":"Shelled Parasite and Fungi","floor":25,"turns":6},{"damage":11,"enemies":"Sentry and Sphere","floor":28,"turns":5},{"damage":42,"enemies":"Gremlin Leader","floor":29,"turns":4}],"seed_played":"2339762976361378929","potions_obtained":[{"floor":3,"key":"Block Potion"},{"floor":8,"key":"Dexterity Potion"},{"floor":14,"key":"FearPotion"},{"floor":22,"key":"Poison Potion"},{"floor":24,"key":"EssenceOfSteel"},{"floor":25,"key":"FocusPotion"}],"is_trial":false,"path_per_floor":["M","M","M","?","M","R","$","E","T","?","M","R","?","M","R","B",null,"M","$","M","M","M","R","M","M","T","?","M","E"],"character_chosen":"DEFECT","items_purchased":["Self Repair","Capacitor","Cold Snap"],"campfire_rested":1,"item_purchase_floors":[7,19,19],"current_hp_per_floor":[68,67,64,69,68,68,68,70,70,70,65,65,54,54,54,59,80,80,80,64,66,17,41,43,41,41,41,37,0],"gold":121,"neow_bonus":"BOSS_RELIC","is_prod":false,"is_daily":false,"chose_seed":false,"campfire_upgraded":3,"win_rate":0,"timestamp":1563843786,"path_taken":["M","M","M","?","M","R","$","E","T","?","M","R","?","M","R","BOSS","M","$","M","M","M","R","M","M","T","?","M","E"],"build_version":"2019-07-05","purchased_purges":2,"victory":false,"max_hp_per_floor":[75,75,75,80,80,80,80,80,80,80,80,80,80,80,80,80,80,80,80,80,80,80,80,80,80,80,80,80,80],"card_choices":[{"not_picked":["Rip and Tear","Steam"],"picked":"Cold Snap","floor":1},{"not_picked":["Go for the Eyes","Hologram"],"picked":"Leap","floor":2},{"not_picked":["Echo Form","Storm"],"picked":"Compile Driver","floor":3},{"not_picked":["Aggregate","Storm"],"picked":"Lockon","floor":5},{"not_picked":["Ball Lightning","Rebound"],"picked":"Rainbow","floor":8},{"not_picked":["Loop","Barrage"],"picked":"Ball Lightning","floor":11},{"not_picked":["Hologram","Fusion"],"picked":"Streamline","floor":14},{"not_picked":["Fission","Creative AI"],"picked":"Buffer","floor":16},{"not_picked":["Streamline","Reprogram+1"],"picked":"Hologram+1","floor":18},{"not_picked":["Reinforced Body","Sweeping Beam"],"picked":"Barrage","floor":20},{"not_picked":["Streamline","Steam"],"picked":"Cold Snap","floor":21},{"not_picked":["Meteor Strike","Beam Cell","Barrage"],"picked":"SKIP","floor":22},{"not_picked":["Steam Power+1","Compile Driver"],"picked":"Ball Lightning","floor":24},{"not_picked":["Beam Cell+1","Stack+1"],"picked":"Auto Shields","floor":25},{"not_picked":["Barrage","Stack"],"picked":"Consume","floor":28}],"player_experience":78009,"relics_obtained":[{"floor":8,"key":"Tiny Chest"},{"floor":26,"key":"Pantograph"}],"event_choices":[{"damage_healed":0,"gold_gain":0,"player_choice":"Donut","damage_taken":0,"max_hp_gain":5,"max_hp_loss":0,"event_name":"Big Fish","floor":4,"gold_loss":0},{"damage_healed":0,"gold_gain":0,"cards_transformed":["Strike_B"],"player_choice":"Change","damage_taken":0,"max_hp_gain":0,"max_hp_loss":0,"event_name":"Living Wall","floor":10,"gold_loss":0,"cards_obtained":["Lockon"]},{"damage_healed":0,"gold_gain":75,"player_choice":"Gather Gold","damage_taken":11,"max_hp_gain":0,"max_hp_loss":0,"event_name":"World of Goop","floor":13,"gold_loss":0},{"damage_healed":0,"gold_gain":0,"player_choice":"Simplicity","damage_taken":0,"max_hp_gain":0,"max_hp_loss":0,"event_name":"Back to Basics","floor":27,"gold_loss":0,"cards_upgraded":["Strike_B","Defend_B","Defend_B","Defend_B","Defend_B"]}],"is_beta":false,"boss_relics":[{"not_picked":["Tiny House","Snecko Eye"],"picked":"Philosopher\u0027s Stone"}],"items_purged_floors":[7,19],"is_endless":false,"potions_floor_spawned":[3,8,14,22,24,25],"killed_by":"Gremlin Leader","ascension_level":0}