{"gold_per_floor":[114,94,19,32,32,32,63,63,86,86,106,121,121,133,133,230,230,243,243,28,42,42,42,42,54,54,69,69,101,4,4],"floor_reached":31,"playtime":1700,"items_purged":["Strike_G","Strike_G"],"score":292,"play_id":"1bc6ade5-58c3-4155-b7f7-2b2b19752723","local_time":"20190713225928","is_ascension_mode":true,"campfire_choices":[{"data":"Terror","floor":6,"key":"SMITH"},{"data":"Neutralize","floor":8,"key":"SMITH"},{"data":"Outmaneuver","floor":10,"key":"SMITH"},{"data":"Blade Dance","floor":13,"key":"SMITH"},{"data":"Blade Dance","floor":15,"key":"SMITH"},{"data":"Accuracy","floor":28,"key":"SMITH"}],"neow_cost":"NONE","seed_source_timestamp":17930492672687,"circlet_count":0,"master_deck":["Strike_G+1","Strike_G+1","Strike_G+1","Defend_G+1","Defend_G+1","Defend_G+1","Defend_G+1","Defend_G+1","Survivor","Neutralize+1","Outmaneuver+1","Terror+1","Flying Knee","Dagger Spray","Blade Dance+1","Blade Dance+1","Die Die Die","Deflect","Footwork","Dash","Dagger Spray+1","Backflip","Deflect","Accuracy+1","Backstab","Footwork","Sucker Punch"],"relics":["Ring of the Snake","NeowsBlessing","Blood Vial","Dream Catcher","Black Star","Matryoshka","Meat on the Bone","Gremlin Horn"],"potions_floor_usage":[18,21,31],"damage_taken":[{"damage":0,"enemies":"Jaw Worm","floor":1,"turns":1},{"damage":0,"enemies":"Cultist","floor":4,"turns":1},{"damage":0,"enemies":"Gremlin Nob","floor":7,"turns":1},{"damage":8,"enemies":"Small Slimes","floor":11,"turns":4},{"damage":2,"enemies":"Blue Slaver","floor":12,"turns":4},{"damage":0,"enemies":"2 Fungi Beasts","floor":14,"turns":4},{"damage":34,"enemies":"Hexaghost","floor":16,"turns":11},{"damage":20,"enemies":"2 Thieves","floor":18,"turns":3},{"damage":0,"enemies":"Chosen","floor":21,"turns":3},{"damage":11,"enemies":"Shelled Parasite and Fungi","floor":25,"turns":7},{"damage":0,"enemies":"Chosen and Byrds","floor":27,"turns":7},{"damage":35,"enemies":"Slavers","floor":29,"turns":4},{"damage":15,"enemies":"Snake Plant","floor":31,"turns":4}],"seed_played":"9004387589023081685","potions_obtained":[{"floor":2,"key":"Energy Potion"},{"floor":11,"key":"PowerPotion"},{"floor":14,"key":"Dexterity Potion"},{"floor":19,"key":"Strength Potion"},{"floor":29,"key":"Block Potion"}],"is_trial":false,"path_per_floor":["M","?","$","M","$","R","E","R","T","R","M","M","R","M","R","B",null,"M","?","$","M","?","?","?","M","T","M","R","E","$","M"],"character_chosen":"THE_SILENT","items_purchased":["Footwork","Dash","Footwork","Sucker Punch"],"campfire_rested":0,"item_purchase_floors":[20,20,30,30],"current_hp_per_floor":[70,70,70,70,70,70,70,70,70,70,62,62,62,64,64,32,70,50,50,50,52,52,52,52,43,43,45,45,12,12,0],"gold":4,"neow_bonus":"THREE_ENEMY_KILL","is_prod":false,"is_daily":false,"chose_seed":false,"campfire_upgraded":6,"win_rate":0,"timestamp":1563076768,"path_taken":["M","?","?","M","$","R","E","R","T","R","M","M","R","?","R","BOSS","M","?","?","?","?","?","?","M","T","M","R","E","$","M"],"build_version":"2019-07-05","purchased_purges":2,"victory":false,"max_hp_per_floor":[70,70,70,70,70,70,70,70,70,70,70,70,70,70,70,70,70,70,70,70,70,70,70,70,70,70,70,70,70,70,70],"card_choices":[{"not_picked":["Slice","Masterful Stab"],"picked":"Outmaneuver","floor":1},{"not_picked":["Prepared","Backstab"],"picked":"Terror","floor":4},{"not_picked":["Distraction","Poisoned Stab"],"picked":"Flying Knee","floor":7},{"not_picked":["Reflex","Riddle With Holes"],"picked":"Dagger Spray","floor":11},{"not_picked":["Outmaneuver","Skewer"],"picked":"Blade Dance","floor":12},{"not_picked":["Prepared","Bane"],"picked":"Blade Dance","floor":14},{"not_picked":["Venomology","Night Terror"],"picked":"Die Die Die","floor":16},{"not_picked":["PiercingWail","Dagger Spray+1"],"picked":"Deflect","floor":18},{"not_picked":["Outmaneuver+1","Skewer"],"picked":"Dagger Spray+1","floor":21},{"not_picked":["Underhanded Strike","Blade Dance"],"picked":"Deflect","floor":25},{"not_picked":["Tactician","Outmaneuver"],"picked":"Accuracy","floor":27},{"not_picked":["Dagger Spray","Underhanded Strike"],"picked":"Backstab","floor":29}],"player_experience":153461,"relics_obtained":[{"floor":7,"key":"Blood Vial"},{"floor":9,"key":"Dream Catcher"},{"floor":26,"key":"Matryoshka"},{"floor":29,"key":"Meat on the Bone"},{"floor":29,"key":"Gremlin Horn"}],"event_choices":[{"damage_healed":0,"gold_gain":0,"player_choice":"Bought 1 Potion","damage_taken":0,"max_hp_gain":0,"max_hp_loss":0,"event_name":"The Woman in Blue","floor":2,"gold_loss":0},{"damage_healed":0,"gold_gain":0,"player_choice":"Got Potions","damage_taken":0,"max_hp_gain":0,"max_hp_loss":0,"event_name":"Lab","floor":19,"gold_loss":0},{"damage_healed":0,"gold_gain":0,"player_choice":"Ignored","damage_taken":0,"max_hp_gain":0,"max_hp_loss":0,"event_name":"Cursed Tome","floor":22,"gold_loss":0},{"damage_healed":0,"gold_gain":0,"player_choice":"Simplicity","damage_taken":0,"max_hp_gain":0,"max_hp_loss":0,"event_name":"Back to Basics","floor":23,"gold_loss":0,"cards_upgraded":["Strike_G","Strike_G","Strike_G","Defend_G","Defend_G","Defend_G","Defend_G","Defend_G"]},{"damage_healed":0,"gold_gain":0,"player_choice":"Read","damage_taken":0,"max_hp_gain":0,"max_hp_loss":0,"event_name":"The Library","floor":24,"gold_loss":0,"cards_obtained":["Backflip"]}],"is_beta":false,"boss_relics":[{"not_picked":["Runic Dome","Velvet Choker"],"picked":"Black Star"}],"items_purged_floors":[3,20],"is_endless":false,"potions_floor_spawned":[11,14,16,29],"killed_by":"Snake Plant","ascension_level":1}