{"gold_per_floor":[211,231,37,37,112,112,147,177,201,201,100,117,117,117,117,219],"floor_reached":16,"playtime":1000,"items_purged":["Defend_G","Strike_G"],"score":206,"play_id":"59223a18-6cdb-454b-a95c-17592b2046a8","local_time":"20190715174636","is_ascension_mode":true,"campfire_choices":[{"data":"Noxious Fumes","floor":6,"key":"SMITH"},{"data":"Leg Sweep","floor":13,"key":"SMITH"},{"floor":15,"key":"REST"}],"neow_cost":"NONE","seed_source_timestamp":8629983762936,"circlet_count":0,"master_deck":["Strike_G","Strike_G","Strike_G","Strike_G","Defend_G","Defend_G","Defend_G","Defend_G","Survivor","Neutralize","Leg Sweep+1","Cloak And Dagger+1","Noxious Fumes+1","Enlightenment+1","Well Laid Plans","Bane","Outmaneuver","Glass Knife"],"relics":["Ring of the Snake","Vajra","Smiling Mask","Toxic Egg 2"],"potions_floor_usage":[],"damage_taken":[{"damage":2,"enemies":"Jaw Worm","floor":1,"turns":5},{"damage":3,"enemies":"Small Slimes","floor":2,"turns":5},{"damage":17,"enemies":"3 Sentries","floor":7,"turns":8},{"damage":0,"enemies":"2 Louse","floor":12,"turns":2},{"damage":0,"enemies":"Hexaghost","floor":16,"turns":10}],"seed_played":"-3430744959816110969","potions_obtained":[{"floor":2,"key":"Dexterity Potion"},{"floor":7,"key":"Fire Potion"},{"floor":12,"key":"Strength Potion"}],"is_trial":false,"path_per_floor":["M","M","$","?","?","R","E","?","T","?","$","M","R","T","R","B"],"character_chosen":"THE_SILENT","items_purchased":["Noxious Fumes","Enlightenment","Bane"],"campfire_rested":1,"item_purchase_floors":[3,3,11],"current_hp_per_floor":[68,65,65,65,54,54,37,37,37,37,37,37,37,37,58,58],"gold":219,"neow_bonus":"HUNDRED_GOLD","is_prod":false,"is_daily":false,"chose_seed":false,"campfire_upgraded":2,"win_rate":0,"timestamp":1563230796,"path_taken":["M","M","$","?","?","R","E","?","T","?","$","?","R","?","R","BOSS"],"build_version":"2019-07-05","purchased_purges":2,"victory":false,"max_hp_per_floor":[70,70,70,70,70,70,70,70,70,70,70,70,70,70,70,70],"card_choices":[{"not_picked":["Dagger Throw","Heel Hook"],"picked":"Leg Sweep","floor":1},{"not_picked":["Poisoned Stab","Caltrops"],"picked":"Cloak And Dagger","floor":2},{"not_picked":["Wraith Form v2","Quick Slash"],"picked":"Well Laid Plans","floor":7},{"not_picked":["Prepared","Endless Agony"],"picked":"Outmaneuver","floor":12},{"not_picked":["Corpse Explosion+1","Phantasmal Killer+1"],"picked":"Glass Knife","floor":16}],"player_experience":159761,"relics_obtained":[{"floor":7,"key":"Vajra"},{"floor":9,"key":"Smiling Mask"},{"floor":14,"key":"Toxic Egg 2"}],"event_choices":[{"damage_healed":0,"gold_gain":0,"player_choice":"Grow","damage_taken":0,"max_hp_gain":0,"max_hp_loss":0,"event_name":"Living Wall","floor":4,"gold_loss":0,"cards_upgraded":["Enlightenment"]},{"damage_healed":0,"gold_gain":75,"player_choice":"Gather Gold","damage_taken":11,"max_hp_gain":0,"max_hp_loss":0,"event_name":"World of Goop","floor":5,"gold_loss":0},{"damage_healed":0,"gold_gain":30,"player_choice":"Searched \u00272\u0027 times","damage_taken":0,"max_hp_gain":0,"max_hp_loss":0,"event_name":"Dead Adventurer","floor":8,"gold_loss":0},{"damage_healed":0,"gold_gain":0,"player_choice":"Upgraded","damage_taken":0,"max_hp_gain":0,"max_hp_loss":0,"event_name":"Upgrade Shrine","floor":10,"gold_loss":0,"cards_upgraded":["Cloak And Dagger"]}],"is_beta":false,"boss_relics":[],"items_purged_floors":[3,11],"is_endless":false,"potions_floor_spawned":[2,7,12,16],"killed_by":"Hexaghost","ascension_level":1}