{"gold_per_floor":[118,118,118,118,137,170,122,137,185,185,34,34,53,94,94,217,217,241,241,260,4,29,60,60,93,93,113,157,157,177,60,60,60],"floor_reached":33,"playtime":2275,"items_purged":[],"score":401,"play_id":"79054d75-5e86-4610-ab62-ade564b60832","local_time":"20190619233220","is_ascension_mode":true,"campfire_choices":[{"floor":10,"key":"REST"},{"floor":12,"key":"REST"},{"data":"Bash","floor":15,"key":"SMITH"},{"floor":24,"key":"REST"},{"floor":32,"key":"REST"}],"neow_cost":"NONE","seed_source_timestamp":1328063267749800,"circlet_count":0,"master_deck":["Defend_R","Defend_R","Defend_R","Defend_R","Bash+1","Havoc","Corruption","Anger","Iron Wave","Havoc","Uppercut","Twin Strike","Immolate","Warcry","Bite","Bite","Bite","Bite","Bite","Anger+1","Metallicize","Carnage","Flame Barrier","Iron Wave","Whirlwind","Anger+1","Rampage+1","Evolve"],"relics":["Burning Blood","Golden Idol","Lantern","Bottled Tornado","Regal Pillow","Happy Flower","Juzu Bracelet","Sozu","Self Forming Clay","Potion Belt","Mummified Hand","Sundial","Molten Egg 2"],"potions_floor_usage":[6,14,16],"damage_taken":[{"damage":6,"enemies":"Jaw Worm","floor":1,"turns":4},{"damage":9,"enemies":"Small Slimes","floor":5,"turns":3},{"damage":52,"enemies":"3 Sentries","floor":6,"turns":8},{"damage":11,"enemies":"Cultist","floor":8,"turns":4},{"damage":4,"enemies":"2 Fungi Beasts","floor":13,"turns":3},{"damage":10,"enemies":"Gremlin Nob","floor":14,"turns":4},{"damage":42,"enemies":"Slime Boss","floor":16,"turns":9},{"damage":2,"enemies":"Chosen","floor":18,"turns":3},{"damage":24,"enemies":"2 Thieves","floor":20,"turns":3},{"damage":7,"enemies":"3 Cultists","floor":22,"turns":4},{"damage":48,"enemies":"Book of Stabbing","floor":23,"turns":6},{"damage":23,"enemies":"Gremlin Leader","floor":25,"turns":6},{"damage":13,"enemies":"Sentry and Sphere","floor":27,"turns":4},{"damage":43,"enemies":"Book of Stabbing","floor":28,"turns":6},{"damage":20,"enemies":"Chosen and Byrds","floor":30,"turns":5},{"damage":76,"enemies":"Champ","floor":33,"turns":8}],"seed_played":"-8166870255221314047","potions_obtained":[{"floor":5,"key":"AttackPotion"},{"floor":13,"key":"Block Potion"},{"floor":14,"key":"PowerPotion"}],"is_trial":false,"path_per_floor":["M","?","?","?","M","E","$","M","T","R","$","R","M","E","R","B",null,"M","?","M","$","M","E","R","E","T","M","E","T","M","$","R","B"],"character_chosen":"IRONCLAD","items_purchased":["Iron Wave","Happy Flower","Self Forming Clay","Rampage+1","Evolve"],"campfire_rested":4,"item_purchase_floors":[7,11,21,31,31],"current_hp_per_floor":[88,81,74,67,64,18,18,13,13,52,52,81,81,77,77,41,81,81,56,44,44,53,23,54,47,47,48,21,21,15,15,46,0],"gold":60,"neow_bonus":"TEN_PERCENT_HP_BONUS","is_prod":false,"is_daily":false,"chose_seed":false,"campfire_upgraded":1,"win_rate":0,"timestamp":1560983540,"path_taken":["M","?","?","?","M","E","?","M","T","R","$","R","?","E","R","BOSS","M","?","M","$","M","E","R","E","T","M","E","?","M","$","R","BOSS"],"build_version":"2019-01-23","purchased_purges":0,"victory":false,"max_hp_per_floor":[88,81,81,81,81,81,81,81,81,81,81,81,81,81,81,81,81,81,56,56,56,56,56,56,56,56,56,56,56,56,56,56,56],"card_choices":[{"not_picked":["Perfected Strike","Armaments"],"picked":"Havoc","floor":1},{"not_picked":["Pommel Strike","Headbutt"],"picked":"Corruption","floor":5},{"not_picked":["Feed","Power Through"],"picked":"Anger","floor":6},{"not_picked":["Flex","Combust"],"picked":"Havoc","floor":8},{"not_picked":["Hemokinesis","Body Slam"],"picked":"Uppercut","floor":13},{"not_picked":["Combust","Seeing Red"],"picked":"Twin Strike","floor":14},{"not_picked":["Brutality","Limit Break"],"picked":"Immolate","floor":16},{"not_picked":["True Grit","Wild Strike"],"picked":"Warcry","floor":18},{"not_picked":["Pummel","Dual Wield"],"picked":"Anger+1","floor":20},{"not_picked":["Clothesline","Heavy Blade+1"],"picked":"Metallicize","floor":22},{"not_picked":["Burning Pact","Twin Strike"],"picked":"Carnage","floor":23},{"not_picked":["Limit Break","Body Slam+1"],"picked":"Flame Barrier","floor":25},{"not_picked":["Thunderclap","Armaments"],"picked":"Iron Wave","floor":27},{"not_picked":["Fiend Fire","Flex"],"picked":"Whirlwind","floor":28},{"not_picked":["Body Slam+1","Clash+1"],"picked":"Anger+1","floor":30}],"player_experience":815817,"relics_obtained":[{"floor":6,"key":"Bottled Tornado"},{"floor":9,"key":"Regal Pillow"},{"floor":14,"key":"Juzu Bracelet"},{"floor":23,"key":"Potion Belt"},{"floor":25,"key":"Mummified Hand"},{"floor":28,"key":"Sundial"},{"floor":29,"key":"Molten Egg 2"}],"event_choices":[{"damage_healed":0,"gold_gain":0,"player_choice":"Lose Max HP","damage_taken":0,"relics_obtained":["Golden Idol"],"max_hp_gain":0,"max_hp_loss":7,"event_name":"Golden Idol","floor":2,"gold_loss":0},{"cards_removed":["Strike_R"],"damage_healed":0,"gold_gain":0,"player_choice":"Card Removal","damage_taken":7,"max_hp_gain":0,"max_hp_loss":0,"event_name":"Golden Wing","floor":3,"gold_loss":0},{"damage_healed":0,"gold_gain":0,"player_choice":"Success","damage_taken":7,"relics_obtained":["Lantern"],"max_hp_gain":0,"max_hp_loss":0,"event_name":"Scrap Ooze","floor":4,"gold_loss":0},{"damage_healed":0,"gold_gain":0,"player_choice":"Became a vampire","damage_taken":0,"max_hp_gain":0,"max_hp_loss":25,"event_name":"Vampires","floor":19,"gold_loss":0,"cards_obtained":["Bite","Bite","Bite","Bite","Bite"]}],"is_beta":false,"boss_relics":[{"not_picked":["Empty Cage","Mark of Pain"],"picked":"Sozu"}],"items_purged_floors":[],"is_endless":false,"potions_floor_spawned":[5,13,14,18,22,23,28],"killed_by":"Champ","ascension_level":4}