{"gold_per_floor":[112,112,127,77,152,185,201,201,501,514,82,101,101,116,116,116],"floor_reached":16,"playtime":1025,"items_purged":[],"score":127,"play_id":"4684396b-f019-418d-95ec-8425e588941c","local_time":"20190707043751","is_ascension_mode":false,"campfire_choices":[{"data":"Blade Dance","floor":8,"key":"SMITH"},{"data":"Underhanded Strike","floor":13,"key":"SMITH"},{"data":"Defend_G","floor":15,"key":"PURGE"}],"neow_cost":"NONE","seed_source_timestamp":50498236912815,"circlet_count":0,"master_deck":["Strike_G","Strike_G","Strike_G","Strike_G","Strike_G","Defend_G","Defend_G","Survivor","Neutralize","Blade Dance+1","Iron Wave","Unload","Skewer","Flying Knee","Underhanded Strike+1","Deflect","Well Laid Plans","Deflect","Flying Knee"],"relics":["Ring of the Snake","NeowsBlessing","Peace Pipe","Old Coin","TwistedFunnel","Snake Skull"],"potions_floor_usage":[16],"damage_taken":[{"damage":0,"enemies":"Jaw Worm","floor":1,"turns":1},{"damage":0,"enemies":"Cultist","floor":3,"turns":1},{"damage":0,"enemies":"Gremlin Nob","floor":6,"turns":1},{"damage":0,"enemies":"2 Louse","floor":7,"turns":2},{"damage":3,"enemies":"Lots of Slimes","floor":10,"turns":3},{"damage":0,"enemies":"Looter","floor":12,"turns":2},{"damage":2,"enemies":"3 Louse","floor":14,"turns":2},{"damage":60,"enemies":"The Guardian","floor":16,"turns":7}],"seed_played":"2627180001551427253","potions_obtained":[{"floor":6,"key":"SmokeBomb"},{"floor":10,"key":"Ancient Potion"},{"floor":14,"key":"SpeedPotion"}],"is_trial":false,"path_per_floor":["M","?","M","?","?","E","M","R","T","M","$","M","R","M","R","B"],"character_chosen":"THE_SILENT","items_purchased":["Deflect","Well Laid Plans","TwistedFunnel","Snake Skull"],"campfire_rested":0,"item_purchase_floors":[11,11,11,11],"current_hp_per_floor":[70,70,70,70,63,63,63,63,63,60,60,60,60,58,58,0],"gold":116,"neow_bonus":"THREE_ENEMY_KILL","is_prod":false,"is_daily":false,"chose_seed":false,"campfire_upgraded":2,"win_rate":0.0,"timestamp":1562492271,"path_taken":["M","?","?","?","?","E","M","R","T","?","$","M","R","M","R","BOSS"],"build_version":"2019-07-05","purchased_purges":0,"victory":false,"max_hp_per_floor":[70,70,70,70,70,70,70,70,70,70,70,70,70,70,70,70],"card_choices":[{"not_picked":["Dagger Throw","Expertise"],"picked":"Blade Dance","floor":1},{"not_picked":["Sucker Punch","Backflip"],"picked":"Unload","floor":3},{"not_picked":["Prepared","Quick Slash"],"picked":"Skewer","floor":6},{"not_picked":["PiercingWail","Backflip"],"picked":"Flying Knee","floor":7},{"not_picked":["Dash","Finisher"],"picked":"Underhanded Strike","floor":10},{"not_picked":["Caltrops","All Out Attack"],"picked":"Deflect","floor":12},{"not_picked":["Flechettes","Distraction"],"picked":"Flying Knee","floor":14}],"player_experience":15135,"relics_obtained":[{"floor":6,"key":"Peace Pipe"},{"floor":9,"key":"Old Coin"}],"event_choices":[{"cards_removed":["Defend_G"],"damage_healed":0,"gold_gain":0,"player_choice":"Took Card","damage_taken":0,"max_hp_gain":0,"max_hp_loss":0,"event_name":"NoteForYourself","floor":2,"gold_loss":0,"cards_obtained":["Iron Wave"]},{"cards_removed":["Defend_G"],"damage_healed":0,"gold_gain":0,"player_choice":"Card Removal","damage_taken":0,"max_hp_gain":0,"max_hp_loss":0,"event_name":"The Cleric","floor":4,"gold_loss":50},{"damage_healed":0,"gold_gain":75,"player_choice":"Touch","damage_taken":7,"max_hp_gain":0,"max_hp_loss":0,"event_name":"FaceTrader","floor":5,"gold_loss":0}],"is_beta":false,"boss_relics":[],"items_purged_floors":[],"is_endless":false,"potions_floor_spawned":[6,10,14],"killed_by":"The Guardian","ascension_level":0}