{"gold_per_floor":[113,113,113,113,132,132,176,197,197,272,272,272,285,303,303,428,428,448,42,42,42,55,55,67,67,148,167,167,182,192,211,211,313,313,327,327,327,347,179,236,236,248,272,292,319,319,56,75,75,75],"floor_reached":51,"playtime":3701,"items_purged":["Strike_B","Strike_B","Defend_B"],"score":684,"play_id":"413e5288-9c99-4720-a9ea-1e619534f078","local_time":"20190722231843","is_ascension_mode":false,"campfire_choices":[{"data":"Hologram","floor":6,"key":"SMITH"},{"data":"Coolheaded","floor":12,"key":"SMITH"},{"floor":15,"key":"REST"},{"data":"Apotheosis","floor":23,"key":"SMITH"},{"data":"Defragment","floor":25,"key":"SMITH"},{"data":"Defragment","floor":32,"key":"SMITH"},{"data":"Go for the Eyes","floor":41,"key":"SMITH"},{"data":"Rainbow","floor":46,"key":"SMITH"},{"floor":49,"key":"REST"}],"neow_cost":"NONE","seed_source_timestamp":23202810515774,"circlet_count":0,"master_deck":["Strike_B","Strike_B+1","Defend_B","Defend_B","Defend_B","Zap+1","Dualcast","Hologram+1","Coolheaded+1","Melter","Go for the Eyes+1","Barrage","Rainbow+1","Cold Snap","Defragment+1","Apotheosis+1","FTL","Fusion+1","Go for the Eyes+1","Leap+1","Loop+1","Defragment+1","Seek","Ball Lightning","Melter","Beam Cell+1","Coolheaded+1","Glacier","White Noise+1","Gash","Enlightenment","BootSequence"],"relics":["FrozenCore","Bloody Idol","Emotion Chip","Torii","Whetstone","Kunai","Bag of Preparation","White Beast Statue","Tiny Chest","Centennial Puzzle","Blue Candle"],"potions_floor_usage":[7,18,27,33,33,38,38,38,38,40,40,44,45,48,50,50],"damage_taken":[{"damage":4,"enemies":"Jaw Worm","floor":1,"turns":4},{"damage":2,"enemies":"2 Louse","floor":5,"turns":2},{"damage":15,"enemies":"Lagavulin","floor":7,"turns":7},{"damage":0,"enemies":"Small Slimes","floor":8,"turns":3},{"damage":1,"enemies":"Blue Slaver","floor":13,"turns":2},{"damage":14,"enemies":"Exordium Thugs","floor":14,"turns":4},{"damage":8,"enemies":"Hexaghost","floor":16,"turns":11},{"damage":24,"enemies":"2 Thieves","floor":18,"turns":4},{"damage":0,"enemies":"Chosen","floor":22,"turns":4},{"damage":8,"enemies":"Snake Plant","floor":24,"turns":6},{"damage":0,"enemies":"Centurion and Healer","floor":27,"turns":4},{"damage":0,"enemies":"Sentry and Sphere","floor":29,"turns":3},{"damage":0,"enemies":"Snecko","floor":30,"turns":4},{"damage":16,"enemies":"3 Cultists","floor":31,"turns":6},{"damage":23,"enemies":"Collector","floor":33,"turns":9},{"damage":1,"enemies":"Orb Walker","floor":35,"turns":5},{"damage":1,"enemies":"3 Darklings","floor":38,"turns":4},{"damage":2,"enemies":"Giant Head","floor":40,"turns":10},{"damage":24,"enemies":"Spire Growth","floor":42,"turns":6},{"damage":10,"enemies":"Jaw Worm Horde","floor":44,"turns":2},{"damage":6,"enemies":"Nemesis","floor":45,"turns":5},{"damage":8,"enemies":"Sphere and 2 Shapes","floor":48,"turns":4},{"damage":56,"enemies":"Donu and Deca","floor":50,"turns":13}],"seed_played":"1820108119728043771","potions_obtained":[{"floor":1,"key":"PowerPotion"},{"floor":5,"key":"Block Potion"},{"floor":14,"key":"Explosive Potion"},{"floor":24,"key":"AttackPotion"},{"floor":31,"key":"PowerPotion"},{"floor":35,"key":"Block Potion"},{"floor":37,"key":"Energy Potion"},{"floor":37,"key":"EntropicBrew"},{"floor":38,"key":"SkillPotion"},{"floor":40,"key":"SteroidPotion"},{"floor":42,"key":"AttackPotion"},{"floor":44,"key":"Weak Potion"},{"floor":45,"key":"Strength Potion"},{"floor":48,"key":"Dexterity Potion"}],"is_trial":false,"path_per_floor":["M","?","?","?","M","R","E","M","T","?","T","R","M","M","R","B",null,"M","$","?","?","M","R","M","R","T","M","T","M","M","M","R","B",null,"M","?","?","M","$","E","R","M","T","M","E","R","$","M","R","B",null],"character_chosen":"DEFECT","items_purchased":["Defragment","Apotheosis","FTL","Melter","Gash","Enlightenment"],"campfire_rested":2,"item_purchase_floors":[19,19,19,39,47,47],"current_hp_per_floor":[71,76,74,74,72,72,57,57,57,46,46,46,45,31,53,45,74,50,50,50,50,55,55,52,52,57,62,62,67,72,61,61,43,74,74,74,74,74,74,74,74,55,60,55,54,54,54,51,73,17],"gold":75,"neow_bonus":"THREE_CARDS","is_prod":false,"is_daily":false,"chose_seed":false,"campfire_upgraded":7,"win_rate":0,"timestamp":1563855523,"path_taken":["M","?","?","?","M","R","E","M","T","?","?","R","M","M","R","BOSS","M","$","?","?","?","R","M","R","T","M","?","M","?","?","R","BOSS","M","?","?","?","?","E","R","M","T","M","E","R","$","M","R","BOSS"],"build_version":"2019-07-17","purchased_purges":3,"victory":true,"max_hp_per_floor":[75,80,74,74,74,74,74,74,74,74,74,74,74,74,74,74,74,74,74,74,74,74,74,74,74,74,74,74,74,74,74,74,74,74,74,74,74,74,74,74,74,74,74,74,74,74,74,74,74,74],"card_choices":[{"not_picked":["Chaos","Sweeping Beam"],"picked":"Hologram","floor":1},{"not_picked":["Aggregate","Rebound"],"picked":"Coolheaded","floor":5},{"not_picked":["Turbo","FTL"],"picked":"Melter","floor":7},{"not_picked":["Rebound","Steam"],"picked":"Go for the Eyes","floor":8},{"not_picked":["Lockon","Redo"],"picked":"Barrage","floor":13},{"not_picked":["Turbo","Coolheaded"],"picked":"Rainbow","floor":14},{"not_picked":["Redo","Tempest"],"picked":"Cold Snap","floor":18},{"not_picked":["Steam Power+1","Turbo"],"picked":"Fusion+1","floor":22},{"not_picked":["Sunder","Cold Snap"],"picked":"Go for the Eyes","floor":24},{"not_picked":["Hologram","Coolheaded"],"picked":"Leap+1","floor":27},{"not_picked":["Skim+1","Auto Shields","Consume"],"picked":"SKIP","floor":29},{"not_picked":["Reboot","Ball Lightning"],"picked":"Loop+1","floor":30},{"not_picked":["Go for the Eyes+1","Sweeping Beam"],"picked":"Defragment","floor":31},{"not_picked":["Amplify","Echo Form"],"picked":"Seek","floor":33},{"not_picked":["Redo","Hello World","Steam"],"picked":"SKIP","floor":35},{"not_picked":["Rip and Tear","Streamline+1"],"picked":"Ball Lightning","floor":38},{"not_picked":["Compile Driver+1","Stack"],"picked":"Beam Cell+1","floor":40},{"not_picked":["Heatsinks+1","Leap+1"],"picked":"Coolheaded+1","floor":42},{"not_picked":["Go for the Eyes+1","Ball Lightning+1"],"picked":"Glacier","floor":44},{"not_picked":["Recycle","Storm+1"],"picked":"White Noise+1","floor":45},{"not_picked":["Scrape+1","Steam+1"],"picked":"BootSequence","floor":48}],"player_experience":206200,"relics_obtained":[{"floor":7,"key":"Emotion Chip"},{"floor":9,"key":"Torii"},{"floor":11,"key":"Whetstone"},{"floor":26,"key":"Kunai"},{"floor":28,"key":"Bag of Preparation"},{"floor":40,"key":"Tiny Chest"},{"floor":43,"key":"Centennial Puzzle"},{"floor":45,"key":"Blue Candle"}],"event_choices":[{"damage_healed":0,"gold_gain":0,"player_choice":"Donut","damage_taken":0,"max_hp_gain":5,"max_hp_loss":0,"event_name":"Big Fish","floor":2,"gold_loss":0},{"damage_healed":0,"gold_gain":0,"player_choice":"Lose Max HP","damage_taken":0,"relics_obtained":["Golden Idol"],"max_hp_gain":0,"max_hp_loss":6,"event_name":"Golden Idol","floor":3,"gold_loss":0},{"damage_healed":0,"gold_gain":0,"player_choice":"Grow","damage_taken":0,"max_hp_gain":0,"max_hp_loss":0,"event_name":"Living Wall","floor":4,"gold_loss":0,"cards_upgraded":["Zap"]},{"damage_healed":0,"gold_gain":75,"player_choice":"Gather Gold","damage_taken":11,"max_hp_gain":0,"max_hp_loss":0,"event_name":"World of Goop","floor":10,"gold_loss":0},{"damage_healed":0,"gold_gain":0,"player_choice":"Gave Idol","damage_taken":0,"relics_obtained":["Bloody Idol"],"max_hp_gain":0,"max_hp_loss":0,"event_name":"Forgotten Altar","floor":21,"relics_lost":["Golden Idol"],"gold_loss":0},{"damage_healed":0,"gold_gain":0,"player_choice":"Ignored","damage_taken":0,"max_hp_gain":0,"max_hp_loss":0,"event_name":"Mysterious Sphere","floor":36,"gold_loss":0},{"damage_healed":0,"gold_gain":0,"player_choice":"Got Potions","damage_taken":0,"max_hp_gain":0,"max_hp_loss":0,"event_name":"Lab","floor":37,"gold_loss":0}],"is_beta":false,"boss_relics":[{"not_picked":["Runic Pyramid","Lizard Tail"],"picked":"FrozenCore"},{"not_picked":["Velvet Choker","Pandora\u0027s Box"],"picked":"White Beast Statue"}],"items_purged_floors":[19,39,47],"is_endless":false,"potions_floor_spawned":[1,5,14,24,31,35,38,40,42,44,45,48],"ascension_level":0}