{"gold_per_floor":[112,126,126,126,137,137,137,137,137,154,36,36,54,69,69,170,170,180,180,180,198,198],"floor_reached":22,"playtime":1186,"items_purged":[],"score":176,"play_id":"424471ae-71f4-4154-86ae-e7c806a56102","local_time":"20190709023215","is_ascension_mode":false,"campfire_choices":[{"data":"Armaments","floor":6,"key":"SMITH"},{"data":"Shrug It Off","floor":8,"key":"SMITH"},{"floor":15,"key":"REST"}],"neow_cost":"NONE","seed_source_timestamp":36055574611512,"circlet_count":0,"master_deck":["Strike_R","Strike_R","Strike_R","Strike_R+1","Strike_R","Defend_R","Defend_R+1","Defend_R","Defend_R","Bash","Armaments+1","Shrug It Off+1","Pommel Strike","Rampage","Deep Breath","Rage","Rage","Demon Form","Clash+1","Clash+1"],"relics":["Burning Blood","NeowsBlessing","Bottled Flame","Mark of Pain"],"potions_floor_usage":[14,16,16],"damage_taken":[{"damage":0,"enemies":"Jaw Worm","floor":1,"turns":1},{"damage":0,"enemies":"Small Slimes","floor":2,"turns":1},{"damage":0,"enemies":"2 Louse","floor":5,"turns":1},{"damage":12,"enemies":"Gremlin Gang","floor":10,"turns":6},{"damage":30,"enemies":"Exordium Thugs","floor":13,"turns":5},{"damage":8,"enemies":"Lots of Slimes","floor":14,"turns":5},{"damage":36,"enemies":"Hexaghost","floor":16,"turns":12},{"damage":6,"enemies":"3 Byrds","floor":18,"turns":8},{"damage":5,"enemies":"Chosen","floor":21,"turns":5},{"damage":9,"enemies":"Centurion and Healer","floor":22,"turns":2}],"seed_played":"-4040342073135091008","potions_obtained":[{"floor":1,"key":"SkillPotion"},{"floor":2,"key":"LiquidBronze"},{"floor":7,"key":"Fire Potion"},{"floor":7,"key":"Swift Potion"},{"floor":13,"key":"PowerPotion"},{"floor":16,"key":"Energy Potion"},{"floor":18,"key":"SteroidPotion"}],"is_trial":false,"path_per_floor":["M","M","?","?","M","R","?","R","T","M","$","$","M","M","R","B",null,"M","?","?","M","M"],"character_chosen":"IRONCLAD","items_purchased":["Rampage","Deep Breath"],"campfire_rested":1,"item_purchase_floors":[11,11],"current_hp_per_floor":[80,80,64,69,75,75,75,75,75,69,69,69,45,43,68,38,85,85,85,85,85,76],"gold":198,"neow_bonus":"THREE_ENEMY_KILL","is_prod":false,"is_daily":false,"chose_seed":false,"campfire_upgraded":2,"win_rate":0.0,"timestamp":1562657535,"path_taken":["M","M","?","?","M","R","?","R","T","?","?","$","?","M","R","BOSS","M","?","?","?","M"],"build_version":"2019-07-05","purchased_purges":0,"victory":false,"max_hp_per_floor":[80,80,80,85,85,85,85,85,85,85,85,85,85,85,85,85,85,85,85,85,85,85],"card_choices":[{"not_picked":["Shockwave","Body Slam"],"picked":"Armaments","floor":1},{"not_picked":["Headbutt","Flame Barrier"],"picked":"Shrug It Off","floor":2},{"not_picked":["Armaments","Sword Boomerang"],"picked":"Pommel Strike","floor":5},{"not_picked":["Headbutt","Dark Embrace","True Grit"],"picked":"SKIP","floor":10},{"not_picked":["Battle Trance","Twin Strike"],"picked":"Rage","floor":13},{"not_picked":["Corruption","Hemokinesis"],"picked":"Rage","floor":14},{"not_picked":["Limit Break","Reaper"],"picked":"Demon Form","floor":16},{"not_picked":["Body Slam+1","Sword Boomerang"],"picked":"Clash+1","floor":18},{"not_picked":["Combust","Heavy Blade+1","Infernal Blade"],"picked":"SKIP","floor":21}],"player_experience":29191,"relics_obtained":[{"floor":9,"key":"Bottled Flame"}],"event_choices":[{"damage_healed":0,"gold_gain":0,"player_choice":"Entered Light","damage_taken":16,"max_hp_gain":0,"max_hp_loss":0,"event_name":"Shining Light","floor":3,"gold_loss":0,"cards_upgraded":["Defend_R","Strike_R"]},{"damage_healed":0,"gold_gain":0,"player_choice":"Donut","damage_taken":0,"max_hp_gain":5,"max_hp_loss":0,"event_name":"Big Fish","floor":4,"gold_loss":0},{"damage_healed":0,"gold_gain":0,"player_choice":"Got Potions","damage_taken":0,"max_hp_gain":0,"max_hp_loss":0,"event_name":"Lab","floor":7,"gold_loss":0},{"damage_healed":0,"gold_gain":0,"player_choice":"Ignored","damage_taken":0,"max_hp_gain":0,"max_hp_loss":0,"event_name":"Vampires","floor":19,"gold_loss":0},{"damage_healed":0,"gold_gain":0,"player_choice":"Copied","damage_taken":0,"max_hp_gain":0,"max_hp_loss":0,"event_name":"Duplicator","floor":20,"gold_loss":0,"cards_obtained":["Clash"]}],"is_beta":false,"boss_relics":[{"not_picked":["Cursed Key","Busted Crown"],"picked":"Mark of Pain"}],"items_purged_floors":[],"is_endless":false,"potions_floor_spawned":[1,2,13,16,18],"killed_by":"Centurion and Healer","ascension_level":0}