{"gold_per_floor":[112,129,145,158,158,158,176,188,234,234,105,55,55,111,111,212,212,226,226,237,237,437,468,484,484,484,139,439,17,17,17,17,117,117,134,134,134,151,43,43,0,0,0,45,145,145,158,173,173,173],"floor_reached":51,"playtime":3903,"items_purged":["Strike_G"],"score":651,"play_id":"c93ae92d-bc73-4ba9-b660-019129946d65","local_time":"20190722192805","is_ascension_mode":false,"campfire_choices":[{"data":"Noxious Fumes","floor":6.0,"key":"SMITH"},{"data":"Neutralize","floor":10.0,"key":"SMITH"},{"data":"Sucker Punch","floor":15.0,"key":"SMITH"},{"data":"Envenom","floor":25.0,"key":"SMITH"},{"data":"Caltrops","floor":30.0,"key":"SMITH"},{"data":"Blur","floor":32.0,"key":"SMITH"},{"data":"Noxious Fumes","floor":40.0,"key":"SMITH"},{"data":"Enlightenment","floor":42.0,"key":"SMITH"},{"floor":49.0,"key":"REST"}],"neow_cost":"NONE","seed_source_timestamp":8779613215991,"circlet_count":0,"master_deck":["Strike_G+1","Defend_G+1","Defend_G+1","Defend_G+1","Survivor+1","Neutralize+1","Poisoned Stab","Noxious Fumes+1","Bane+1","Blur+1","Sucker Punch+1","Backstab","Deflect+1","Crippling Poison","Envenom+1","Adrenaline+1","All Out Attack+1","Dash+1","Slice","Dagger Spray","Flying Knee+1","Deflect","Caltrops+1","Poisoned Stab","Bane","Die Die Die","Leg Sweep+1","Enlightenment+1","Cloak And Dagger+1","Outmaneuver","Noxious Fumes+1","Footwork","Deflect+1","Well Laid Plans"],"special_seed":0,"relics":["Ring of the Serpent","Regal Pillow","Gremlin Horn","Question Card","Astrolabe","MutagenicStrength","Snake Skull","Dodecahedron","Matryoshka","Bronze Scales","Old Coin","Lee\u0027s Waffle","Vajra","Red Mask","War Paint","Centennial Puzzle","Du-Vu Doll","Gambling Chip"],"potions_floor_usage":[50,50,50],"damage_taken":[{"damage":4.0,"enemies":"Jaw Worm","floor":1.0,"turns":4.0},{"damage":3.0,"enemies":"Small Slimes","floor":2.0,"turns":4.0},{"damage":1.0,"enemies":"Cultist","floor":3.0,"turns":4.0},{"damage":0.0,"enemies":"2 Fungi Beasts","floor":4.0,"turns":4.0},{"damage":0.0,"enemies":"Looter","floor":7.0,"turns":3.0},{"damage":3.0,"enemies":"Lots of Slimes","floor":8.0,"turns":3.0},{"damage":8.0,"enemies":"3 Sentries","floor":14.0,"turns":6.0},{"damage":13.0,"enemies":"Slime Boss","floor":16.0,"turns":8.0},{"damage":5.0,"enemies":"Spheric Guardian","floor":18.0,"turns":4.0},{"damage":0.0,"enemies":"3 Byrds","floor":20.0,"turns":3.0},{"damage":13.0,"enemies":"Book of Stabbing","floor":23.0,"turns":5.0},{"damage":6.0,"enemies":"Snake Plant","floor":24.0,"turns":4.0},{"damage":28.0,"enemies":"Automaton","floor":33.0,"turns":9.0},{"damage":0.0,"enemies":"3 Shapes","floor":35.0,"turns":1.0},{"damage":10.0,"enemies":"3 Darklings","floor":38.0,"turns":3.0},{"damage":12.0,"enemies":"2 Orb Walkers","floor":44.0,"turns":3.0},{"damage":0.0,"enemies":"Mind Bloom Boss Battle","floor":45.0,"turns":6.0},{"damage":13.0,"enemies":"Writhing Mass","floor":47.0,"turns":6.0},{"damage":0.0,"enemies":"4 Shapes","floor":48.0,"turns":1.0},{"damage":48,"enemies":"Time Eater","floor":50,"turns":13}],"seed_played":"6376585774475077197","potions_obtained":[{"floor":1.0,"key":"GhostInAJar"},{"floor":7.0,"key":"AttackPotion"},{"floor":14.0,"key":"Ancient Potion"},{"floor":16.0,"key":"GamblersBrew"},{"floor":23.0,"key":"PowerPotion"},{"floor":35.0,"key":"Poison Potion"},{"floor":45.0,"key":"LiquidBronze"},{"floor":48.0,"key":"Regen Potion"}],"is_trial":false,"path_per_floor":["M","M","M","M","?","R","M","M","T","R","$","?","?","?","R","B",null,"M","?","M","?","?","E","M","R","T","$","T","$","R","?","R","B",null,"M","?","?","M","$","R","?","R","T","?","?","$","M","M","R","B",null],"character_chosen":"THE_SILENT","items_purchased":["Deflect","Deflect","Caltrops","Matryoshka","Poisoned Stab","Bane","Lee\u0027s Waffle","Vajra","Outmaneuver","Noxious Fumes"],"campfire_rested":1,"item_purchase_floors":[11,27,27,27,29,29,29,29,39,39],"current_hp_per_floor":[66,63,62,62,48,48,48,45,45,45,45,45,33,25,25,12,70,65,65,65,65,65,52,46,46,46,46,46,77,77,77,77,49,77,77,77,77,67,67,67,67,67,67,55,55,55,42,42,77,44],"gold":173,"neow_bonus":"THREE_CARDS","is_prod":false,"is_daily":false,"chose_seed":false,"campfire_upgraded":8,"win_rate":0,"timestamp":1563841685,"path_taken":["M","M","M","M","?","R","M","M","T","R","$","?","?","?","R","BOSS","M","?","?","?","?","E","?","R","T","?","?","$","R","?","R","BOSS","M","?","?","?","$","R","?","R","T","?","?","?","M","M","R","BOSS"],"build_version":"2019-07-17","purchased_purges":1,"victory":true,"max_hp_per_floor":[70,70,70,70,70,70,70,70,70,70,70,70,70,70,70,70,70,70,70,70,70,70,70,70,70,70,70,70,77,77,77,77,77,77,77,77,77,77,77,77,77,77,77,77,77,77,77,77,77,77],"card_choices":[{"not_picked":["Concentrate","Leg Sweep"],"picked":"Poisoned Stab","floor":0.0},{"not_picked":["Slice","Backflip"],"picked":"Noxious Fumes","floor":1.0},{"not_picked":["Dagger Spray","Dagger Throw"],"picked":"Bane","floor":2.0},{"not_picked":["Acrobatics","Dagger Throw"],"picked":"Flying Knee","floor":3.0},{"not_picked":["Bane","Backflip"],"picked":"Blur","floor":4.0},{"not_picked":["Deadly Poison","Malaise"],"picked":"Sucker Punch","floor":7.0},{"not_picked":["Blade Dance","Masterful Stab"],"picked":"Backstab","floor":8.0},{"not_picked":["Quick Slash","Dagger Throw"],"picked":"Crippling Poison","floor":14.0},{"not_picked":["Burst","Night Terror","Storm of Steel"],"picked":"Envenom","floor":16.0},{"not_picked":["Eviscerate","Dagger Spray","Underhanded Strike"],"picked":"Slice","floor":18.0},{"not_picked":["Sucker Punch","Poisoned Stab","Flying Knee"],"picked":"Dagger Spray","floor":20.0},{"not_picked":["PiercingWail","Malaise","Expertise"],"picked":"Flying Knee+1","floor":23.0},{"not_picked":["Acrobatics+1","Calculated Gamble","Prepared","Deadly Poison"],"picked":"SKIP","floor":24.0},{"not_picked":["Storm of Steel","Phantasmal Killer","Wraith Form v2"],"picked":"Die Die Die","floor":33.0},{"not_picked":["Cloak And Dagger+1","Poisoned Stab+1","Underhanded Strike+1"],"picked":"Leg Sweep+1","floor":35.0},{"not_picked":["Madness","Mind Blast","Mayhem"],"picked":"Enlightenment","floor":36.0},{"not_picked":["Expertise","Tactician","Flying Knee"],"picked":"Cloak And Dagger+1","floor":38.0},{"not_picked":["Catalyst","Quick Slash","Dagger Spray+1"],"picked":"Footwork","floor":44.0},{"not_picked":["Acrobatics+1","Quick Slash+1","Catalyst+1"],"picked":"Deflect+1","floor":45.0},{"not_picked":["Crippling Poison+1","Blade Dance","Prepared"],"picked":"Well Laid Plans","floor":47.0},{"not_picked":["Dagger Spray+1","Flying Knee+1","Venomology","Infinite Blades"],"picked":"SKIP","floor":48.0},{"not_picked":["Dagger Spray+1","Flying Knee+1","Venomology","Infinite Blades"],"picked":"SKIP","floor":48.0}],"player_experience":200619,"relics_obtained":[{"floor":9.0,"key":"Regal Pillow"},{"floor":14.0,"key":"Question Card"},{"floor":23.0,"key":"Snake Skull"},{"floor":26.0,"key":"Dodecahedron"},{"floor":28.0,"key":"Bronze Scales"},{"floor":28.0,"key":"Old Coin"},{"floor":43.0,"key":"War Paint"},{"floor":43.0,"key":"Centennial Puzzle"},{"floor":44.0,"key":"Du-Vu Doll"},{"floor":45.0,"key":"Gambling Chip"}],"event_choices":[{"damage_healed":0.0,"max_hp_gain":0.0,"max_hp_loss":0.0,"gold_gain":0.0,"event_name":"Shining Light","player_choice":"Entered Light","floor":5.0,"gold_loss":0.0,"damage_taken":14.0,"cards_upgraded":["Strike_G","Bane"]},{"cards_removed":["Strike_G"],"damage_healed":0.0,"max_hp_gain":0.0,"max_hp_loss":0.0,"gold_gain":0.0,"event_name":"The Cleric","player_choice":"Card Removal","floor":12.0,"gold_loss":50.0,"damage_taken":0.0},{"damage_healed":0.0,"max_hp_gain":0.0,"max_hp_loss":0.0,"gold_gain":0.0,"event_name":"Scrap Ooze","player_choice":"Success","floor":13.0,"gold_loss":0.0,"damage_taken":12.0,"relics_obtained":["Gremlin Horn"]},{"damage_healed":0.0,"max_hp_gain":0.0,"max_hp_loss":0.0,"gold_gain":30.0,"event_name":"Dead Adventurer","player_choice":"Searched \u00272\u0027 times","floor":14.0,"gold_loss":0.0,"damage_taken":0.0},{"cards_removed":["Strike_G"],"damage_healed":0.0,"max_hp_gain":0.0,"max_hp_loss":0.0,"gold_gain":0.0,"event_name":"Purifier","player_choice":"Purged","floor":19.0,"gold_loss":0.0,"damage_taken":0.0},{"damage_healed":0.0,"max_hp_gain":0.0,"max_hp_loss":0.0,"gold_gain":0.0,"event_name":"Drug Dealer","player_choice":"Inject Mutagens","floor":21.0,"gold_loss":0.0,"damage_taken":0.0,"relics_obtained":["MutagenicStrength"]},{"damage_healed":0.0,"max_hp_gain":0.0,"max_hp_loss":0.0,"gold_gain":250.0,"event_name":"The Joust","player_choice":"Bet on Owner","floor":22.0,"gold_loss":50.0,"damage_taken":0.0},{"damage_healed":0.0,"max_hp_gain":0.0,"max_hp_loss":0.0,"gold_gain":0.0,"event_name":"Back to Basics","player_choice":"Simplicity","floor":31.0,"gold_loss":0.0,"damage_taken":0.0,"cards_upgraded":["Defend_G","Defend_G","Defend_G"]},{"damage_healed":0.0,"max_hp_gain":0.0,"max_hp_loss":0.0,"gold_gain":0.0,"event_name":"SensoryStone","player_choice":"Memory 1","floor":36.0,"gold_loss":0.0,"damage_taken":0.0},{"cards_removed":["Flying Knee"],"damage_healed":0.0,"max_hp_gain":0.0,"max_hp_loss":0.0,"gold_gain":0.0,"event_name":"Purifier","player_choice":"Purged","floor":37.0,"gold_loss":0.0,"damage_taken":0.0},{"damage_healed":0.0,"max_hp_gain":0.0,"max_hp_loss":0.0,"gold_gain":0.0,"event_name":"Tomb of Lord Red Mask","player_choice":"Paid","floor":41.0,"gold_loss":43.0,"damage_taken":0.0,"relics_obtained":["Red Mask"]},{"damage_healed":0.0,"max_hp_gain":0.0,"max_hp_loss":0.0,"gold_gain":0.0,"event_name":"Mysterious Sphere","player_choice":"Fight","floor":44.0,"gold_loss":0.0,"damage_taken":0.0},{"damage_healed":0.0,"max_hp_gain":0.0,"max_hp_loss":0.0,"gold_gain":0.0,"event_name":"MindBloom","player_choice":"Fight","floor":45.0,"gold_loss":0.0,"damage_taken":0.0}],"is_beta":false,"boss_relics":[{"not_picked":["White Beast Statue","Fusion Hammer"],"picked":"Astrolabe"},{"not_picked":["Runic Pyramid","Snecko Eye"],"picked":"Ring of the Serpent"}],"items_purged_floors":[11],"is_endless":false,"potions_floor_spawned":[1,7,14,16,23,35,45,48],"ascension_level":0}