{"gold_per_floor":[111,186,201,215,47,47,81,81,81,92,108,108,127,143,143,238,238,250,262,262,11,11,42,58,58,58,71,71],"floor_reached":28,"playtime":2348,"items_purged":["Strike_G"],"score":242,"play_id":"684acce0-dabb-4d82-8f80-df2f9f4e9900","local_time":"20190720181031","is_ascension_mode":false,"campfire_choices":[{"data":"Distraction","floor":6,"key":"SMITH"},{"data":"Neutralize","floor":8,"key":"SMITH"},{"floor":12,"key":"REST"},{"floor":15,"key":"REST"}],"neow_cost":"NONE","seed_source_timestamp":28713393794492,"circlet_count":0,"master_deck":["Strike_G","Strike_G","Strike_G","Strike_G","Defend_G","Defend_G","Defend_G","Defend_G","Defend_G","Survivor","Neutralize+1","Distraction+1","Dagger Throw","Tactician","Quick Slash","Poisoned Stab","Poisoned Stab","Slice","Finisher","Terror","Bouncing Flask","A Thousand Cuts","Envenom","Dagger Throw+1","Dagger Spray+1","Blade Dance","Expertise","Blade Dance+1","Shame","Predator"],"relics":["Ring of the Snake","Pen Nib","Paper Crane","Dream Catcher","Sozu","Ancient Tea Set","Pantograph","Bag of Marbles","Omamori","Pocketwatch"],"potions_floor_usage":[7,19,23,23],"damage_taken":[{"damage":0,"enemies":"Small Slimes","floor":1,"turns":5},{"damage":4,"enemies":"Cultist","floor":3,"turns":5},{"damage":0,"enemies":"Jaw Worm","floor":4,"turns":3},{"damage":53,"enemies":"Lagavulin","floor":7,"turns":9},{"damage":0,"enemies":"Blue Slaver","floor":10,"turns":3},{"damage":6,"enemies":"Looter","floor":11,"turns":2},{"damage":0,"enemies":"Red Slaver","floor":13,"turns":2},{"damage":2,"enemies":"Blue Slaver","floor":14,"turns":3},{"damage":5,"enemies":"Slime Boss","floor":16,"turns":7},{"damage":10,"enemies":"3 Byrds","floor":18,"turns":4},{"damage":6,"enemies":"2 Thieves","floor":19,"turns":3},{"damage":27,"enemies":"Slavers","floor":23,"turns":4},{"damage":7,"enemies":"Centurion and Healer","floor":24,"turns":2},{"damage":0,"enemies":"Snecko","floor":27,"turns":2},{"damage":26,"enemies":"Gremlin Leader","floor":28,"turns":3}],"seed_played":"-6527205293126102405","potions_obtained":[{"floor":3,"key":"GamblersBrew"},{"floor":13,"key":"Fire Potion"},{"floor":14,"key":"SkillPotion"},{"floor":16,"key":"Regen Potion"}],"is_trial":false,"path_per_floor":["M","?","M","M","$","R","E","R","T","M","M","R","M","M","R","B",null,"M","M","?","$","?","E","M","?","T","M","E"],"character_chosen":"THE_SILENT","items_purchased":["Quick Slash","Pen Nib","Blade Dance","Ancient Tea Set"],"campfire_rested":2,"item_purchase_floors":[5,5,21,21],"current_hp_per_floor":[77,70,66,66,66,66,13,13,13,13,7,30,30,28,51,46,77,67,61,47,47,47,32,25,25,25,25,0],"gold":71,"neow_bonus":"TEN_PERCENT_HP_BONUS","is_prod":false,"is_daily":false,"chose_seed":false,"campfire_upgraded":2,"win_rate":0.0,"timestamp":1563639031,"path_taken":["M","?","M","M","$","R","E","R","T","M","M","R","M","M","R","BOSS","M","M","?","$","?","E","M","?","T","M","E"],"build_version":"2019-07-05","purchased_purges":1,"victory":false,"max_hp_per_floor":[77,77,77,77,77,77,77,77,77,77,77,77,77,77,77,77,77,77,77,82,82,82,82,82,82,82,82,82],"card_choices":[{"not_picked":["Bane","Backflip"],"picked":"Distraction","floor":1},{"not_picked":["Acrobatics","Underhanded Strike"],"picked":"Dagger Throw","floor":3},{"not_picked":["Caltrops","Finisher"],"picked":"Tactician","floor":4},{"not_picked":["Outmaneuver","Deflect"],"picked":"Poisoned Stab","floor":7},{"not_picked":["Dodge and Roll","Sucker Punch"],"picked":"Poisoned Stab","floor":10},{"not_picked":["Eviscerate","Dodge and Roll"],"picked":"Slice","floor":11},{"not_picked":["Deadly Poison","Deflect"],"picked":"Finisher","floor":12},{"not_picked":["Catalyst","Escape Plan"],"picked":"Terror","floor":13},{"not_picked":["Riddle With Holes","Bane"],"picked":"Bouncing Flask","floor":14},{"not_picked":["PiercingWail","Deflect"],"picked":"A Thousand Cuts","floor":15},{"not_picked":["Bullet Time","Die Die Die"],"picked":"Envenom","floor":16},{"not_picked":["Reflex","Noxious Fumes"],"picked":"Dagger Throw+1","floor":18},{"not_picked":["Backstab","Sucker Punch+1"],"picked":"Dagger Spray+1","floor":19},{"not_picked":["PiercingWail","Poisoned Stab"],"picked":"Expertise","floor":23},{"not_picked":["Dagger Throw","Reflex"],"picked":"Blade Dance+1","floor":24},{"not_picked":["Distraction","Sucker Punch"],"picked":"Predator","floor":27}],"player_experience":43026,"relics_obtained":[{"floor":7,"key":"Paper Crane"},{"floor":9,"key":"Dream Catcher"},{"floor":23,"key":"Bag of Marbles"},{"floor":26,"key":"Pocketwatch"}],"event_choices":[{"damage_healed":0,"gold_gain":75,"player_choice":"Touch","damage_taken":7,"max_hp_gain":0,"max_hp_loss":0,"event_name":"FaceTrader","floor":2,"gold_loss":0},{"damage_healed":0,"gold_gain":0,"player_choice":"Shed Blood","damage_taken":19,"max_hp_gain":5,"max_hp_loss":0,"event_name":"Forgotten Altar","floor":20,"gold_loss":0},{"damage_healed":0,"gold_gain":0,"player_choice":"Opened","damage_taken":0,"relics_obtained":["Pantograph"],"max_hp_gain":0,"max_hp_loss":0,"event_name":"The Mausoleum","floor":22,"gold_loss":0},{"damage_healed":0,"gold_gain":0,"player_choice":"Stole Relic","damage_taken":0,"relics_obtained":["Omamori"],"max_hp_gain":0,"max_hp_loss":0,"event_name":"Addict","floor":25,"gold_loss":0,"cards_obtained":["Shame"]}],"is_beta":false,"boss_relics":[{"not_picked":["Lizard Tail","Runic Pyramid"],"picked":"Sozu"}],"items_purged_floors":[21],"is_endless":false,"potions_floor_spawned":[3,13,14,16],"killed_by":"Gremlin Leader","ascension_level":0}