{"gold_per_floor":[109,34,34,51,68,93,93,125,150,150,169,181,214,232,232,328,328,328,328],"floor_reached":19,"playtime":1522,"items_purged":["Decay"],"score":189,"play_id":"57a51813-190a-4dad-aa04-e02ef24999b8","local_time":"20190717221342","is_ascension_mode":false,"campfire_choices":[{"data":"Juggernaut","floor":7,"key":"SMITH"},{"data":"Armaments","floor":10,"key":"SMITH"},{"floor":15,"key":"REST"}],"neow_cost":"CURSE","seed_source_timestamp":250955557870571,"circlet_count":0,"master_deck":["Strike_R","Strike_R","Strike_R","Strike_R","Strike_R","Defend_R+1","Defend_R+1","Defend_R","Defend_R","Juggernaut+1","Armaments+1","Disarm","Battle Trance","Warcry","Body Slam","Disarm","Shrug It Off","Shrug It Off","Battle Trance","Rage"],"relics":["Burning Blood","Lantern","Juzu Bracelet","War Paint","Bag of Preparation","Ectoplasm"],"potions_floor_usage":[5,6,16],"damage_taken":[{"damage":2,"enemies":"Cultist","floor":1,"turns":4},{"damage":2,"enemies":"Small Slimes","floor":4,"turns":5},{"damage":7,"enemies":"2 Louse","floor":5,"turns":3},{"damage":18,"enemies":"Lagavulin","floor":6,"turns":10},{"damage":32,"enemies":"Gremlin Nob","floor":8,"turns":4},{"damage":2,"enemies":"Large Slime","floor":11,"turns":6},{"damage":16,"enemies":"Gremlin Gang","floor":12,"turns":5},{"damage":7,"enemies":"3 Sentries","floor":13,"turns":10},{"damage":5,"enemies":"Blue Slaver","floor":14,"turns":4},{"damage":15,"enemies":"Hexaghost","floor":16,"turns":10},{"damage":11,"enemies":"Spheric Guardian","floor":18,"turns":4},{"damage":0,"enemies":"2 Thieves","floor":19,"turns":1}],"seed_played":"3978685793001402713","potions_obtained":[{"floor":4,"key":"Fruit Juice"},{"floor":5,"key":"Dexterity Potion"},{"floor":13,"key":"EssenceOfSteel"},{"floor":14,"key":"FearPotion"},{"floor":16,"key":"Poison Potion"},{"floor":18,"key":"Swift Potion"}],"is_trial":false,"path_per_floor":["M","$","?","M","M","E","R","E","T","R","M","M","E","M","R","B",null,"M","M"],"character_chosen":"IRONCLAD","items_purchased":[],"campfire_rested":1,"item_purchase_floors":[],"current_hp_per_floor":[80,80,80,80,84,72,72,46,46,46,50,40,39,40,65,56,85,80,80],"gold":328,"neow_bonus":"THREE_RARE_CARDS","is_prod":false,"is_daily":false,"chose_seed":false,"campfire_upgraded":2,"win_rate":0,"timestamp":1563416022,"path_taken":["M","$","?","M","M","E","R","E","T","R","M","M","E","M","R","BOSS","M","M"],"build_version":"2019-07-05","purchased_purges":1,"victory":false,"max_hp_per_floor":[80,80,80,80,85,85,85,85,85,85,85,85,85,85,85,85,85,85,85],"card_choices":[{"not_picked":["Feed","Immolate"],"picked":"Juggernaut","floor":0},{"not_picked":["Sword Boomerang","Whirlwind"],"picked":"Armaments","floor":1},{"not_picked":["Hemokinesis","Flex"],"picked":"Battle Trance","floor":4},{"not_picked":["Headbutt","Cleave"],"picked":"Warcry","floor":5},{"not_picked":["Sword Boomerang","Berserk"],"picked":"Body Slam","floor":6},{"not_picked":["Anger","Flex"],"picked":"Disarm","floor":8},{"not_picked":["Thunderclap","Metallicize"],"picked":"Shrug It Off","floor":11},{"not_picked":["Clothesline","Twin Strike"],"picked":"Shrug It Off","floor":12},{"not_picked":["Anger","Thunderclap"],"picked":"Battle Trance","floor":13},{"not_picked":["Thunderclap","Flex"],"picked":"Rage","floor":14},{"not_picked":["Searing Blow","Sword Boomerang","Seeing Red"],"picked":"SKIP","floor":18}],"player_experience":17749,"relics_obtained":[{"floor":6,"key":"Lantern"},{"floor":8,"key":"Juzu Bracelet"},{"floor":9,"key":"War Paint"},{"floor":13,"key":"Bag of Preparation"}],"event_choices":[{"damage_healed":0,"gold_gain":0,"cards_transformed":["Bash"],"player_choice":"Transformed","damage_taken":0,"max_hp_gain":0,"max_hp_loss":0,"event_name":"Transmorgrifier","floor":3,"gold_loss":0,"cards_obtained":["Disarm"]}],"is_beta":false,"boss_relics":[{"not_picked":["Coffee Dripper","Tiny House"],"picked":"Ectoplasm"}],"items_purged_floors":[2],"is_endless":false,"potions_floor_spawned":[4,5,13,14,16,18],"killed_by":"2 Thieves","ascension_level":0}