{"gold_per_floor":[110,110,35,46,57,57,76,151,175,175,191,191,67,102,102,102],"floor_reached":16,"playtime":636,"items_purged":["Defend_B"],"score":100,"play_id":"a177d01c-b960-46e3-8db2-84df1dfc3953","local_time":"20190722185007","is_ascension_mode":false,"campfire_choices":[{"data":"Zap","floor":6,"key":"SMITH"},{"floor":10,"key":"REST"},{"floor":15,"key":"REST"}],"neow_cost":"NONE","seed_source_timestamp":8643288451681,"circlet_count":0,"master_deck":["Strike_B","Strike_B+1","Strike_B","Defend_B","Defend_B","Defend_B","Zap+1","Go for the Eyes","Steam","Coolheaded+1","Reprogram","Turbo","FTL","Deep Breath","Fission"],"relics":["Cracked Core","PreservedInsect","Blood Vial"],"potions_floor_usage":[11,14,16],"damage_taken":[{"damage":7,"enemies":"Small Slimes","floor":1,"turns":4},{"damage":0,"enemies":"2 Louse","floor":4,"turns":4},{"damage":0,"enemies":"Cultist","floor":5,"turns":3},{"damage":0,"enemies":"Blue Slaver","floor":7,"turns":4},{"damage":0,"enemies":"2 Fungi Beasts","floor":11,"turns":2},{"damage":9,"enemies":"Lagavulin","floor":14,"turns":4},{"damage":78,"enemies":"Hexaghost","floor":16,"turns":14}],"seed_played":"-3253321526154723914","potions_obtained":[{"floor":1,"key":"Strength Potion"},{"floor":5,"key":"Swift Potion"},{"floor":7,"key":"Explosive Potion"}],"is_trial":false,"path_per_floor":["M","?","$","M","M","R","M","?","T","R","M","?","$","E","R","B"],"character_chosen":"DEFECT","items_purchased":["FTL","Deep Breath"],"campfire_rested":2,"item_purchase_floors":[13,13],"current_hp_per_floor":[68,61,61,61,61,61,61,50,50,72,72,57,57,48,70,0],"gold":102,"neow_bonus":"REMOVE_CARD","is_prod":false,"is_daily":false,"chose_seed":false,"campfire_upgraded":1,"win_rate":0.0,"timestamp":1563835807,"path_taken":["M","?","$","M","M","R","M","?","T","R","M","?","$","E","R","BOSS"],"build_version":"2019-07-17","purchased_purges":1,"victory":false,"max_hp_per_floor":[75,75,75,75,75,75,75,75,75,75,75,75,75,75,75,75],"card_choices":[{"not_picked":["Conserve Battery","Coolheaded"],"picked":"Go for the Eyes","floor":1},{"not_picked":["Capacitor","Redo"],"picked":"Steam","floor":4},{"not_picked":["White Noise","Double Energy"],"picked":"Coolheaded","floor":5},{"not_picked":["Stack","Barrage"],"picked":"Reprogram","floor":7},{"not_picked":["Defragment","Redo"],"picked":"Turbo","floor":11},{"not_picked":["Force Field","Defragment"],"picked":"Fission","floor":14}],"player_experience":97254,"relics_obtained":[{"floor":9,"key":"PreservedInsect"},{"floor":14,"key":"Blood Vial"}],"event_choices":[{"cards_removed":["Strike_B"],"damage_healed":0,"gold_gain":0,"player_choice":"Card Removal","damage_taken":7,"max_hp_gain":0,"max_hp_loss":0,"event_name":"Golden Wing","floor":2,"gold_loss":0},{"damage_healed":0,"gold_gain":75,"player_choice":"Gather Gold","damage_taken":11,"max_hp_gain":0,"max_hp_loss":0,"event_name":"World of Goop","floor":8,"gold_loss":0},{"damage_healed":0,"gold_gain":0,"player_choice":"Entered Light","damage_taken":15,"max_hp_gain":0,"max_hp_loss":0,"event_name":"Shining Light","floor":12,"gold_loss":0,"cards_upgraded":["Coolheaded","Strike_B"]}],"is_beta":false,"boss_relics":[],"items_purged_floors":[3],"is_endless":false,"potions_floor_spawned":[1,5,7],"killed_by":"Hexaghost","ascension_level":0}