{"gold_per_floor":[117,137,154,329,349,349,364,396,396,396],"floor_reached":10,"playtime":724,"items_purged":[],"score":105,"play_id":"05fb4c77-5f4c-4dfa-90fc-c8fc549699a1","local_time":"20190704171104","is_ascension_mode":true,"campfire_choices":[{"data":"Rampage","floor":6,"key":"SMITH"}],"neow_cost":"NONE","seed_source_timestamp":95365106651700,"circlet_count":0,"master_deck":["AscendersBane","Strike_R","Strike_R","Strike_R","Strike_R","Strike_R","Defend_R","Defend_R","Defend_R","Defend_R","Bash","Shockwave","Battle Trance","Iron Wave","Doubt","Rampage+1","Second Wind","Anger"],"relics":["Burning Blood","Matryoshka","Pen Nib","Champion Belt"],"potions_floor_usage":[5,5,10],"damage_taken":[{"damage":10,"enemies":"Small Slimes","floor":1,"turns":4},{"damage":13,"enemies":"2 Louse","floor":2,"turns":3},{"damage":1,"enemies":"Cultist","floor":3,"turns":3},{"damage":29,"enemies":"Large Slime","floor":5,"turns":10},{"damage":6,"enemies":"2 Fungi Beasts","floor":7,"turns":4},{"damage":64,"enemies":"Lagavulin","floor":8,"turns":9},{"damage":10,"enemies":"Gremlin Nob","floor":10,"turns":2}],"seed_played":"4729165040748794233","potions_obtained":[{"floor":2,"key":"Dexterity Potion"},{"floor":3,"key":"Regen Potion"},{"floor":8,"key":"PowerPotion"}],"is_trial":false,"path_per_floor":["M","M","M","?","M","R","M","E","T","E"],"character_chosen":"IRONCLAD","items_purchased":[],"campfire_rested":0,"item_purchase_floors":[],"current_hp_per_floor":[76,69,74,74,66,66,66,8,8,0],"gold":396,"neow_bonus":"TEN_PERCENT_HP_BONUS","is_prod":false,"is_daily":false,"chose_seed":false,"campfire_upgraded":1,"win_rate":0,"timestamp":1562256664,"path_taken":["M","M","M","?","M","R","M","E","T","E"],"build_version":"2019-07-01","purchased_purges":0,"victory":false,"max_hp_per_floor":[88,88,88,88,88,88,88,88,88,88],"card_choices":[{"not_picked":["Flex","Anger"],"picked":"Shockwave","floor":1},{"not_picked":["Wild Strike","Anger"],"picked":"Battle Trance","floor":2},{"not_picked":["Pommel Strike","Evolve"],"picked":"Iron Wave","floor":3},{"not_picked":["Perfected Strike","Spot Weakness"],"picked":"Rampage","floor":5},{"not_picked":["Perfected Strike","Searing Blow"],"picked":"Second Wind","floor":7},{"not_picked":["Perfected Strike","Dual Wield"],"picked":"Anger","floor":8}],"player_experience":980082,"relics_obtained":[{"floor":8,"key":"Matryoshka"},{"floor":9,"key":"Pen Nib"},{"floor":9,"key":"Champion Belt"}],"event_choices":[{"damage_healed":0,"gold_gain":175,"player_choice":"AGREE","damage_taken":0,"max_hp_gain":0,"max_hp_loss":0,"event_name":"Liars Game","floor":4,"gold_loss":0,"cards_obtained":["Doubt"]}],"is_beta":false,"boss_relics":[],"items_purged_floors":[],"is_endless":false,"potions_floor_spawned":[2,3,8],"killed_by":"Gremlin Nob","ascension_level":10}