{"gold_per_floor":[19,31,5,5,5,5,80,108,190,190,155,169,169,183,183,287,287,306,321,335,335,335,369,388,419,419,449,449,465,483,226,226,327,327,342,355,355,366,191,191,220,220,220,233,249,249,249,96,96,96,96,96,44,69,69],"floor_reached":55,"playtime":7105,"items_purged":["Strike_B","Strike_B"],"score":730,"play_id":"6e1f1291-42b2-4879-aa69-09ab1b2db5c7","local_time":"20190722032231","is_ascension_mode":false,"campfire_choices":[{"data":"Dualcast","floor":6,"key":"SMITH"},{"floor":10,"key":"REST"},{"data":"Go for the Eyes","floor":13,"key":"SMITH"},{"data":"Glacier","floor":15,"key":"SMITH"},{"floor":28,"key":"RECALL"},{"data":"Capacitor","floor":32,"key":"SMITH"},{"data":"Loop","floor":40,"key":"SMITH"},{"data":"Coolheaded","floor":42,"key":"SMITH"},{"data":"Electrodynamics","floor":47,"key":"SMITH"},{"data":"Conserve Battery","floor":49,"key":"SMITH"},{"data":"Leap","floor":52,"key":"SMITH"}],"neow_cost":"NO_GOLD","seed_source_timestamp":37634765484590,"circlet_count":0,"master_deck":["Defend_B","Defend_B+1","Defend_B","Zap+1","Dualcast+1","Glacier+1","Go for the Eyes+1","Go for the Eyes+1","BootSequence","Barrage+1","Cold Snap+1","All For One+1","Streamline+1","Chill+1","Gash+1","Capacitor+1","Defragment+1","Barrage+1","Gash+1","Leap+1","Conserve Battery+1","Ball Lightning+1","Swift Strike+1","Gash+1","Compile Driver+1","Loop+1","Cold Snap+1","Sweeping Beam+1","Coolheaded+1","Electrodynamics+1","Conserve Battery+1"],"relics":["Cracked Core","Molten Egg 2","Ornamental Fan","Anchor","Pen Nib","Lantern","Dodecahedron","Black Star","Darkstone Periapt","Happy Flower","Pantograph","DataDisk","Bag of Marbles","Strawberry"],"potions_floor_usage":[23,27,27,29,30,33,33,38,38,41,50,55,55,55],"damage_taken":[{"damage":0,"enemies":"Small Slimes","floor":1,"turns":3},{"damage":3,"enemies":"2 Louse","floor":2,"turns":3},{"damage":31,"enemies":"3 Sentries","floor":8,"turns":9},{"damage":0,"enemies":"Jaw Worm","floor":12,"turns":3},{"damage":0,"enemies":"2 Fungi Beasts","floor":14,"turns":3},{"damage":8,"enemies":"Hexaghost","floor":16,"turns":13},{"damage":0,"enemies":"2 Thieves","floor":18,"turns":4},{"damage":0,"enemies":"3 Byrds","floor":19,"turns":4},{"damage":8,"enemies":"Shelled Parasite and Fungi","floor":20,"turns":4},{"damage":0,"enemies":"Slavers","floor":23,"turns":6},{"damage":0,"enemies":"Snecko","floor":24,"turns":7},{"damage":6,"enemies":"Book of Stabbing","floor":25,"turns":5},{"damage":2,"enemies":"Slavers","floor":27,"turns":5},{"damage":2,"enemies":"Centurion and Healer","floor":29,"turns":4},{"damage":0,"enemies":"Cultist and Chosen","floor":30,"turns":4},{"damage":12,"enemies":"Champ","floor":33,"turns":10},{"damage":10,"enemies":"3 Darklings","floor":35,"turns":5},{"damage":7,"enemies":"3 Shapes","floor":36,"turns":8},{"damage":0,"enemies":"Maw","floor":38,"turns":7},{"damage":4,"enemies":"Reptomancer","floor":41,"turns":8},{"damage":7,"enemies":"3 Darklings","floor":44,"turns":6},{"damage":0,"enemies":"Writhing Mass","floor":45,"turns":6},{"damage":22,"enemies":"Time Eater","floor":50,"turns":10},{"damage":65,"enemies":"Shield and Spear","floor":54,"turns":10},{"damage":40,"enemies":"The Heart","floor":55,"turns":5}],"seed_played":"-2724481950647606392","potions_obtained":[{"floor":12,"key":"FearPotion"},{"floor":20,"key":"PowerPotion"},{"floor":23,"key":"SteroidPotion"},{"floor":25,"key":"Dexterity Potion"},{"floor":27,"key":"Swift Potion"},{"floor":30,"key":"EntropicBrew"},{"floor":36,"key":"SkillPotion"},{"floor":44,"key":"Energy Potion"},{"floor":45,"key":"Fire Potion"},{"floor":54,"key":"AttackPotion"}],"is_trial":false,"path_per_floor":["M","M","$","?","?","R","?","E","T","R","?","M","R","M","R","B",null,"M","M","M","?","?","E","M","E","T","E","R","M","M","$","R","B",null,"M","M","?","M","$","R","E","R","T","M","M","?","R","$","R","B",null,"R","$","E","B"],"character_chosen":"DEFECT","items_purchased":["Go for the Eyes","Conserve Battery","Ball Lightning+1","Swift Strike+1","Sweeping Beam+1","Coolheaded","DataDisk","Strength Potion"],"campfire_rested":1,"item_purchase_floors":[3,31,31,31,39,39,48,53],"current_hp_per_floor":[75,72,72,72,57,57,46,15,15,37,55,55,55,55,55,47,75,75,75,67,67,67,67,67,61,61,59,59,57,57,57,57,45,75,65,58,58,58,58,58,54,54,54,47,47,47,47,47,47,49,71,71,71,13,0],"gold":69,"neow_bonus":"REMOVE_TWO","is_prod":false,"is_daily":false,"chose_seed":false,"campfire_upgraded":9,"win_rate":0,"timestamp":1563783751,"path_taken":["M","M","$","?","?","R","?","E","T","R","?","M","R","M","R","BOSS","M","M","M","?","?","E","?","E","T","E","R","M","M","$","R","BOSS","M","M","?","?","$","R","E","R","T","M","M","?","R","$","R","BOSS","R","$","E","BOSS"],"build_version":"2019-07-17","purchased_purges":2,"victory":false,"max_hp_per_floor":[75,75,75,75,75,75,75,75,75,75,75,75,75,75,75,75,75,75,75,75,75,75,75,75,75,75,75,75,75,75,75,75,75,75,75,75,75,75,75,75,75,75,75,75,75,71,71,71,71,71,71,71,71,78,78],"card_choices":[{"not_picked":["Steam","Double Energy"],"picked":"Glacier","floor":1},{"not_picked":["Conserve Battery","Reprogram"],"picked":"Go for the Eyes","floor":2},{"not_picked":["Skim","Rebound"],"picked":"BootSequence","floor":8},{"not_picked":["Go for the Eyes+1","Compile Driver+1"],"picked":"Barrage+1","floor":12},{"not_picked":["Tempest","Thunder Strike+1"],"picked":"Cold Snap+1","floor":14},{"not_picked":["Reboot","Hyperbeam+1"],"picked":"All For One+1","floor":16},{"not_picked":["Chaos","Static Discharge+1"],"picked":"Streamline+1","floor":18},{"not_picked":["Leap","Doom and Gloom+1"],"picked":"Chill+1","floor":19},{"not_picked":["Hologram","Scrape+1"],"picked":"Gash+1","floor":20},{"not_picked":["Stack","Cold Snap+1"],"picked":"Capacitor","floor":23},{"not_picked":["Cold Snap+1","Ball Lightning+1"],"picked":"Defragment+1","floor":24},{"not_picked":["Auto Shields","Blizzard+1"],"picked":"Barrage+1","floor":25},{"not_picked":["Rainbow","Sweeping Beam+1"],"picked":"Gash+1","floor":27},{"not_picked":["Aggregate","Redo","Rebound+1"],"picked":"SKIP","floor":29},{"not_picked":["Tempest+1","Stack"],"picked":"Leap","floor":30},{"not_picked":["Auto Shields","Fusion"],"picked":"Gash+1","floor":35},{"not_picked":["White Noise","Rebound+1"],"picked":"Compile Driver+1","floor":36},{"not_picked":["Genetic Algorithm+1","Beam Cell+1"],"picked":"Cold Snap+1","floor":38},{"not_picked":["Sweeping Beam+1","Storm","White Noise"],"picked":"SKIP","floor":41},{"not_picked":["Steam Power","Compile Driver+1"],"picked":"Electrodynamics","floor":44},{"not_picked":["Capacitor","Reprogram+1"],"picked":"Conserve Battery+1","floor":45},{"not_picked":["Steam","Static Discharge+1","Rebound+1"],"picked":"SKIP","floor":54}],"player_experience":187160,"relics_obtained":[{"floor":8,"key":"Molten Egg 2"},{"floor":9,"key":"Ornamental Fan"},{"floor":23,"key":"Pen Nib"},{"floor":25,"key":"Lantern"},{"floor":27,"key":"Dodecahedron"},{"floor":41,"key":"Darkstone Periapt"},{"floor":41,"key":"Happy Flower"},{"floor":43,"key":"Pantograph"},{"floor":54,"key":"Bag of Marbles"},{"floor":54,"key":"Strawberry"}],"event_choices":[{"damage_healed":0,"gold_gain":0,"player_choice":"Grow","damage_taken":0,"max_hp_gain":0,"max_hp_loss":0,"event_name":"Living Wall","floor":4,"gold_loss":0,"cards_upgraded":["Zap"]},{"damage_healed":0,"gold_gain":0,"player_choice":"Entered Light","damage_taken":15,"max_hp_gain":0,"max_hp_loss":0,"event_name":"Shining Light","floor":5,"gold_loss":0,"cards_upgraded":["Defend_B","Go for the Eyes"]},{"damage_healed":0,"gold_gain":75,"player_choice":"Gather Gold","damage_taken":11,"max_hp_gain":0,"max_hp_loss":0,"event_name":"World of Goop","floor":7,"gold_loss":0},{"damage_healed":18,"gold_gain":0,"player_choice":"Healed","damage_taken":0,"max_hp_gain":0,"max_hp_loss":0,"event_name":"The Cleric","floor":11,"gold_loss":35},{"damage_healed":0,"gold_gain":0,"player_choice":"Opened","damage_taken":0,"relics_obtained":["Anchor"],"max_hp_gain":0,"max_hp_loss":0,"event_name":"The Mausoleum","floor":21,"gold_loss":0,"cards_obtained":["Writhe"]},{"cards_removed":["Writhe"],"damage_healed":0,"gold_gain":0,"player_choice":"Card Removal","damage_taken":0,"max_hp_gain":0,"max_hp_loss":0,"event_name":"Wheel of Change","floor":22,"gold_loss":0},{"damage_healed":0,"gold_gain":0,"cards_transformed":["Strike_B"],"player_choice":"Transformed","damage_taken":0,"max_hp_gain":0,"max_hp_loss":0,"event_name":"Transmorgrifier","floor":37,"gold_loss":0,"cards_obtained":["Loop"]},{"damage_healed":0,"gold_gain":0,"player_choice":"Max HP","damage_taken":0,"max_hp_gain":0,"max_hp_loss":4,"event_name":"Winding Halls","floor":46,"gold_loss":0}],"is_beta":false,"boss_relics":[{"not_picked":["Runic Dome","Snecko Eye","Fusion Hammer"]},{"not_picked":["Velvet Choker","Pandora\u0027s Box"],"picked":"Black Star"}],"items_purged_floors":[31,39],"is_endless":false,"potions_floor_spawned":[12,20,23,25,27,30,36,44,45,54],"killed_by":"The Heart","ascension_level":0}