{"gold_per_floor":[116,135,10,22,97,129,150,162,162,162,173,198,217,392,392,392],"floor_reached":16,"playtime":659,"items_purged":["Strike_G"],"score":112,"play_id":"1b70d6b2-5e0d-4f79-951d-a210f513b0fe","local_time":"20190720210753","is_ascension_mode":false,"campfire_choices":[{"floor":10,"key":"REST"},{"floor":15,"key":"REST"}],"neow_cost":"NONE","seed_source_timestamp":507072081821763,"circlet_count":0,"master_deck":["Strike_G","Strike_G","Strike_G","Strike_G","Defend_G","Defend_G","Defend_G","Defend_G","Defend_G","Survivor","Neutralize","Quick Slash","Poisoned Stab","Poisoned Stab","Backflip","PiercingWail","Infinite Blades","Backflip","Doubt"],"relics":["Ring of the Snake","NeowsBlessing","Happy Flower","Odd Mushroom","Dodecahedron","Unceasing Top"],"potions_floor_usage":[6,6,8,12],"damage_taken":[{"damage":0,"enemies":"Cultist","floor":1,"turns":1},{"damage":0,"enemies":"2 Louse","floor":2,"turns":1},{"damage":0,"enemies":"Jaw Worm","floor":4,"turns":1},{"damage":3,"enemies":"Lagavulin","floor":6,"turns":7},{"damage":4,"enemies":"The Mushroom Lair","floor":7,"turns":6},{"damage":4,"enemies":"Large Slime","floor":8,"turns":6},{"damage":0,"enemies":"Looter","floor":11,"turns":4},{"damage":23,"enemies":"Gremlin Nob","floor":12,"turns":4},{"damage":4,"enemies":"Blue Slaver","floor":13,"turns":3},{"damage":63,"enemies":"The Guardian","floor":16,"turns":9}],"seed_played":"1268575876679865551","potions_obtained":[{"floor":2,"key":"SkillPotion"},{"floor":4,"key":"Weak Potion"},{"floor":6,"key":"LiquidBronze"},{"floor":11,"key":"SteroidPotion"}],"is_trial":false,"path_per_floor":["M","M","$","M","?","E","?","M","T","R","M","E","M","?","R","B"],"character_chosen":"THE_SILENT","items_purchased":["Poisoned Stab"],"campfire_rested":2,"item_purchase_floors":[3],"current_hp_per_floor":[70,70,70,70,59,56,52,48,48,69,69,46,42,42,63,0],"gold":392,"neow_bonus":"THREE_ENEMY_KILL","is_prod":false,"is_daily":false,"chose_seed":false,"campfire_upgraded":0,"win_rate":0.0,"timestamp":1563671273,"path_taken":["M","M","$","?","?","E","?","M","T","R","M","E","M","?","R","BOSS"],"build_version":"2019-07-17","purchased_purges":1,"victory":false,"max_hp_per_floor":[70,70,70,70,70,70,70,70,70,70,70,70,70,70,70,70],"card_choices":[{"not_picked":["Terror","Acrobatics"],"picked":"Quick Slash","floor":1},{"not_picked":["PiercingWail","Prepared"],"picked":"Poisoned Stab","floor":2},{"not_picked":["Dagger Throw","Underhanded Strike"],"picked":"Backflip","floor":4},{"not_picked":["Reflex","Unload","Underhanded Strike"],"picked":"SKIP","floor":6},{"not_picked":["Reflex","Deflect"],"picked":"PiercingWail","floor":7},{"not_picked":["Dagger Throw","Dagger Spray"],"picked":"Infinite Blades","floor":8},{"not_picked":["Acrobatics","Bullet Time"],"picked":"Backflip","floor":11},{"not_picked":["Dagger Spray","Riddle With Holes","Cloak And Dagger"],"picked":"SKIP","floor":12},{"not_picked":["Sucker Punch","Caltrops","Deflect"],"picked":"SKIP","floor":13}],"player_experience":56670,"relics_obtained":[{"floor":6,"key":"Happy Flower"},{"floor":7,"key":"Odd Mushroom"},{"floor":9,"key":"Dodecahedron"},{"floor":12,"key":"Unceasing Top"}],"event_choices":[{"damage_healed":0,"gold_gain":75,"player_choice":"Gather Gold","damage_taken":11,"max_hp_gain":0,"max_hp_loss":0,"event_name":"World of Goop","floor":5,"gold_loss":0},{"damage_healed":0,"gold_gain":0,"player_choice":"Fought Mushrooms","damage_taken":0,"max_hp_gain":0,"max_hp_loss":0,"event_name":"Mushrooms","floor":7,"gold_loss":0},{"damage_healed":0,"gold_gain":175,"player_choice":"AGREE","damage_taken":0,"max_hp_gain":0,"max_hp_loss":0,"event_name":"Liars Game","floor":14,"gold_loss":0,"cards_obtained":["Doubt"]}],"is_beta":false,"boss_relics":[],"items_purged_floors":[3],"is_endless":false,"potions_floor_spawned":[2,4,6,11],"killed_by":"The Guardian","ascension_level":0}