{"gold_per_floor":[116,116,0,12,27,56,56,68,119,150,162,201,213,240,252,365,377,409,421,450,479,491],"floor_reached":22,"playtime":1596,"items_purged":[],"score":198,"play_id":"86893ea5-e794-4820-b8e3-4bdc07148c4d","local_time":"20190717163533","is_ascension_mode":false,"campfire_choices":[{"floor":7,"key":"REST"},{"floor":11,"key":"REST"},{"floor":15,"key":"REST"}],"neow_cost":"NONE","seed_source_timestamp":230592590828291,"circlet_count":0,"master_deck":["Strike_R","Strike_R","Strike_R","Strike_R","Strike_R","Defend_R","Defend_R","Defend_R","Defend_R","Bash","Twin Strike","Dual Wield","Dropkick","Pommel Strike","Thunderclap","Fire Breathing","Pommel Strike","Inflame","Seeing Red","Dark Embrace","Cleave","Bash","Headbutt","Metallicize+1","Clothesline"],"relics":["Burning Blood","NeowsBlessing","Bottled Flame","MawBank","PreservedInsect","Sozu"],"potions_floor_usage":[12,12,16,21,21],"damage_taken":[{"damage":0,"enemies":"Cultist","floor":1,"turns":1},{"damage":0,"enemies":"Jaw Worm","floor":4,"turns":1},{"damage":0,"enemies":"2 Louse","floor":5,"turns":1},{"damage":50,"enemies":"Lagavulin","floor":6,"turns":8},{"damage":18,"enemies":"Lots of Slimes","floor":8,"turns":4},{"damage":11,"enemies":"Red Slaver","floor":10,"turns":5},{"damage":27,"enemies":"3 Sentries","floor":12,"turns":6},{"damage":15,"enemies":"3 Louse","floor":14,"turns":3},{"damage":71,"enemies":"Hexaghost","floor":16,"turns":11},{"damage":27,"enemies":"Spheric Guardian","floor":18,"turns":4},{"damage":26,"enemies":"3 Byrds","floor":20,"turns":5},{"damage":33,"enemies":"Snake Plant","floor":21,"turns":4},{"damage":12,"enemies":"Snecko","floor":22,"turns":3}],"seed_played":"4818748183666935118","potions_obtained":[{"floor":5,"key":"Regen Potion"},{"floor":6,"key":"GamblersBrew"},{"floor":14,"key":"Weak Potion"},{"floor":16,"key":"Explosive Potion"}],"is_trial":false,"path_per_floor":["M","?","$","M","M","E","R","M","T","M","R","E","?","M","R","B",null,"M","?","M","M","M"],"character_chosen":"IRONCLAD","items_purchased":["Dual Wield","Strength Potion"],"campfire_rested":3,"item_purchase_floors":[3,3],"current_hp_per_floor":[80,80,80,80,80,36,60,48,48,43,67,60,60,51,75,10,80,59,59,39,12,0],"gold":491,"neow_bonus":"THREE_ENEMY_KILL","is_prod":false,"is_daily":false,"chose_seed":false,"campfire_upgraded":0,"win_rate":0.0,"timestamp":1563395733,"path_taken":["M","?","$","M","M","E","R","M","T","M","R","E","?","M","R","BOSS","M","?","M","M","?"],"build_version":"2019-07-05","purchased_purges":0,"victory":false,"max_hp_per_floor":[80,80,80,80,80,80,80,80,80,80,80,80,80,80,80,80,80,80,80,80,80,80],"card_choices":[{"not_picked":["Perfected Strike","Flex"],"picked":"Twin Strike","floor":1},{"not_picked":["Blood for Blood","Ghostly Armor"],"picked":"Dropkick","floor":4},{"not_picked":["Anger","Second Wind"],"picked":"Pommel Strike","floor":5},{"not_picked":["Sword Boomerang","Rage"],"picked":"Thunderclap","floor":6},{"not_picked":["Warcry","Armaments"],"picked":"Fire Breathing","floor":8},{"not_picked":["Clothesline","Headbutt"],"picked":"Pommel Strike","floor":10},{"not_picked":["Bloodletting","Combust"],"picked":"Inflame","floor":12},{"not_picked":["Clash","Twin Strike"],"picked":"Seeing Red","floor":14},{"not_picked":["Barricade","Offering"],"picked":"Dark Embrace","floor":16},{"not_picked":["Iron Wave+1","Body Slam"],"picked":"Cleave","floor":18},{"not_picked":["Headbutt","Body Slam"],"picked":"Metallicize+1","floor":20},{"not_picked":["Intimidate","Brutality"],"picked":"Clothesline","floor":21}],"player_experience":2370,"relics_obtained":[{"floor":6,"key":"Bottled Flame"},{"floor":9,"key":"MawBank"},{"floor":12,"key":"PreservedInsect"}],"event_choices":[{"damage_healed":0,"gold_gain":0,"player_choice":"Ignored","damage_taken":0,"max_hp_gain":0,"max_hp_loss":0,"event_name":"Liars Game","floor":2,"gold_loss":0},{"damage_healed":0,"gold_gain":0,"player_choice":"Ignored","damage_taken":0,"max_hp_gain":0,"max_hp_loss":0,"event_name":"Golden Wing","floor":13,"gold_loss":0},{"damage_healed":0,"gold_gain":0,"player_choice":"2 cards matched","damage_taken":0,"max_hp_gain":0,"max_hp_loss":0,"event_name":"Match and Keep!","floor":19,"gold_loss":0,"cards_obtained":["Bash","Headbutt"]}],"is_beta":false,"boss_relics":[{"not_picked":["Calling Bell","Lizard Tail"],"picked":"Sozu"}],"items_purged_floors":[],"is_endless":false,"potions_floor_spawned":[5,6,14,16,21],"killed_by":"Snecko","ascension_level":0}