{"gold_per_floor":[114,128,144,164,178,210,210,242,266,285,285,304,304,338,338,412,412,412,412,412,412,412,412,412,412,412,412,412,57,57,57,57,57,57,57,57,57,57,57,57,57,57,57,57,57,57],"floor_reached":46,"playtime":2519,"items_purged":[],"score":1159,"play_id":"74b9b1c5-2af8-4695-886e-3af529eb896e","local_time":"20190715144203","is_ascension_mode":true,"campfire_choices":[{"floor":11.0,"key":"REST"},{"data":"Armaments","floor":15.0,"key":"SMITH"},{"data":"True Grit","floor":23.0,"key":"SMITH"},{"data":"Armaments","floor":27.0,"key":"SMITH"},{"floor":32.0,"key":"REST"},{"data":"Enlightenment","floor":41.0,"key":"SMITH"}],"neow_cost":"NONE","seed_source_timestamp":0,"circlet_count":0,"master_deck":["AscendersBane","Strike_R","Defend_R","Defend_R","Defend_R","Defend_R","Bash","Feed","Perfected Strike","Shockwave","Battle Trance","Pommel Strike","Rampage","Flex","Thunderclap","Armaments+1","Impervious","Impervious","Pommel Strike","True Grit+1","Power Through","Feed","Armaments+1","Headbutt","Evolve","Demon Form","Bludgeon","Disarm+1","Rampage+1","Metallicize+1","Pommel Strike+1","Master of Strategy","Enlightenment+1","Magnetism","Shockwave+1","Whirlwind","Armaments+1"],"special_seed":0,"relics":["Burning Blood","Strawberry","Magic Flower","Lantern","Art of War","Bag of Preparation","Ectoplasm","Boot","Self Forming Clay","Paper Frog","Juzu Bracelet","Astrolabe","Toxic Egg 2"],"potions_floor_usage":[],"damage_taken":[{"damage":4.0,"enemies":"Small Slimes","floor":1.0,"turns":4.0},{"damage":14.0,"enemies":"Jaw Worm","floor":2.0,"turns":4.0},{"damage":4.0,"enemies":"Cultist","floor":3.0,"turns":3.0},{"damage":19.0,"enemies":"3 Louse","floor":4.0,"turns":4.0},{"damage":12.0,"enemies":"2 Fungi Beasts","floor":5.0,"turns":3.0},{"damage":30.0,"enemies":"Lagavulin","floor":6.0,"turns":7.0},{"damage":50.0,"enemies":"Gremlin Nob","floor":8.0,"turns":5.0},{"damage":12.0,"enemies":"Looter","floor":10.0,"turns":4.0},{"damage":0.0,"enemies":"Large Slime","floor":12.0,"turns":4.0},{"damage":29.0,"enemies":"3 Sentries","floor":14.0,"turns":8.0},{"damage":30.0,"enemies":"Hexaghost","floor":16.0,"turns":9.0},{"damage":9.0,"enemies":"Chosen","floor":18.0,"turns":4.0},{"damage":6.0,"enemies":"Spheric Guardian","floor":19.0,"turns":4.0},{"damage":20.0,"enemies":"Snecko","floor":22.0,"turns":6.0},{"damage":30.0,"enemies":"Slavers","floor":24.0,"turns":11.0},{"damage":19.0,"enemies":"Cultist and Chosen","floor":28.0,"turns":7.0},{"damage":43.0,"enemies":"Book of Stabbing","floor":30.0,"turns":7.0},{"damage":49.0,"enemies":"Automaton","floor":33.0,"turns":11.0},{"damage":19.0,"enemies":"3 Shapes","floor":35.0,"turns":9.0},{"damage":25.0,"enemies":"Orb Walker","floor":36.0,"turns":5.0},{"damage":16.0,"enemies":"Maw","floor":39.0,"turns":9.0},{"damage":0.0,"enemies":"Nemesis","floor":40.0,"turns":1.0},{"damage":64.0,"enemies":"Reptomancer","floor":42.0,"turns":8.0},{"damage":14.0,"enemies":"Spire Growth","floor":44.0,"turns":8.0},{"damage":0.0,"enemies":"Jaw Worm Horde","floor":45.0,"turns":4.0},{"damage":42,"enemies":"Transient","floor":46,"turns":6}],"seed_played":"-855194572491815459","potions_obtained":[{"floor":2.0,"key":"PowerPotion"},{"floor":3.0,"key":"BloodPotion"},{"floor":12.0,"key":"Poison Potion"},{"floor":16.0,"key":"SteroidPotion"},{"floor":19.0,"key":"Swift Potion"},{"floor":30.0,"key":"SmokeBomb"},{"floor":42.0,"key":"SpeedPotion"},{"floor":44.0,"key":"AttackPotion"}],"is_trial":false,"path_per_floor":["M","M","M","M","M","E","?","E","T","M","R","M","?","E","R","B",null,"M","M","?","?","M","R","E","?","T","R","M","$","E","?","R","B",null,"M","M","?","?","M","E","R","E","T","M","M","M"],"character_chosen":"IRONCLAD","items_purchased":["Paper Frog","Evolve"],"campfire_rested":2,"item_purchase_floors":[29,29],"current_hp_per_floor":[73,68,73,63,60,68,68,27,27,29,60,74,69,49,49,28,89,94,102,102,102,91,91,70,70,70,70,60,60,31,31,66,32,100,95,79,69,69,62,71,71,16,16,11,20,0],"gold":57,"neow_bonus":"ONE_RANDOM_RARE_CARD","is_prod":false,"is_daily":false,"chose_seed":false,"campfire_upgraded":4,"win_rate":0,"timestamp":1563169323,"path_taken":["M","M","M","M","M","E","?","E","T","M","R","M","?","E","R","BOSS","M","M","?","?","?","R","E","?","T","R","M","$","E","?","R","BOSS","M","M","?","?","M","E","R","E","T","M","M","M"],"build_version":"2019-07-05","purchased_purges":0,"victory":false,"max_hp_per_floor":[78,81,84,87,90,100,100,103,103,106,106,109,109,109,109,109,109,112,115,115,115,115,115,115,115,115,115,115,115,118,118,118,122,122,125,125,125,119,119,119,119,119,119,119,119,119],"card_choices":[{"not_picked":["Pommel Strike","Infernal Blade"],"picked":"Perfected Strike","floor":1.0},{"not_picked":["Sever Soul","True Grit"],"picked":"Shockwave","floor":2.0},{"not_picked":["Seeing Red","Shrug It Off"],"picked":"Battle Trance","floor":3.0},{"not_picked":["Evolve","Twin Strike"],"picked":"Pommel Strike","floor":4.0},{"not_picked":["Corruption","Warcry"],"picked":"Rampage","floor":5.0},{"not_picked":["Bloodletting","Uppercut","Heavy Blade"],"picked":"SKIP","floor":6.0},{"not_picked":["Wild Strike","Bloodletting"],"picked":"Flex","floor":8.0},{"not_picked":["Ghostly Armor","Infernal Blade"],"picked":"Thunderclap","floor":10.0},{"not_picked":["Seeing Red","Twin Strike"],"picked":"Armaments","floor":12.0},{"not_picked":["Ghostly Armor","Infernal Blade"],"picked":"Impervious","floor":14.0},{"not_picked":["Brutality","Dark Embrace"],"picked":"Impervious","floor":16.0},{"not_picked":["Cleave","Flex"],"picked":"Pommel Strike","floor":18.0},{"not_picked":["Anger","Sword Boomerang"],"picked":"True Grit","floor":19.0},{"not_picked":["Iron Wave","Blood for Blood+1"],"picked":"Feed","floor":22.0},{"not_picked":["Wild Strike","Body Slam"],"picked":"Armaments","floor":24.0},{"not_picked":["Flex","Pummel"],"picked":"Headbutt","floor":28.0},{"not_picked":["Dual Wield","Second Wind"],"picked":"Demon Form","floor":30.0},{"not_picked":["Juggernaut","Impervious"],"picked":"Bludgeon","floor":33.0},{"not_picked":["Flex","Feel No Pain"],"picked":"Pommel Strike+1","floor":35.0},{"not_picked":["Searing Blow+1","Armaments","Iron Wave"],"picked":"SKIP","floor":36.0},{"not_picked":["Flash of Steel","Swift Strike"],"picked":"Master of Strategy","floor":37.0},{"not_picked":["Deep Breath","Flash of Steel"],"picked":"Enlightenment","floor":37.0},{"not_picked":["Mayhem","Madness"],"picked":"Magnetism","floor":37.0},{"not_picked":["Headbutt","Blood for Blood+1"],"picked":"Shockwave+1","floor":39.0},{"not_picked":["Sword Boomerang","Cleave"],"picked":"Whirlwind","floor":42.0},{"not_picked":["Searing Blow","Clash"],"picked":"Armaments+1","floor":44.0},{"not_picked":["Rampage","Blood for Blood+1","Cleave"],"picked":"SKIP","floor":45.0}],"player_experience":783187,"relics_obtained":[{"floor":6.0,"key":"Strawberry"},{"floor":8.0,"key":"Magic Flower"},{"floor":9.0,"key":"Lantern"},{"floor":14.0,"key":"Bag of Preparation"},{"floor":24.0,"key":"Boot"},{"floor":26.0,"key":"Self Forming Clay"},{"floor":30.0,"key":"Juzu Bracelet"},{"floor":42.0,"key":"Toxic Egg 2"}],"event_choices":[{"damage_healed":0.0,"max_hp_gain":0.0,"max_hp_loss":0.0,"gold_gain":0.0,"event_name":"Liars Game","player_choice":"Ignored","floor":7.0,"gold_loss":0.0,"damage_taken":0.0},{"damage_healed":0.0,"max_hp_gain":0.0,"max_hp_loss":0.0,"gold_gain":0.0,"event_name":"Scrap Ooze","player_choice":"Success","floor":13.0,"gold_loss":0.0,"damage_taken":5.0,"relics_obtained":["Art of War"]},{"damage_healed":0.0,"max_hp_gain":0.0,"max_hp_loss":0.0,"gold_gain":0.0,"event_name":"The Library","player_choice":"Read","floor":20.0,"gold_loss":0.0,"damage_taken":0.0,"cards_obtained":["Power Through"]},{"cards_removed":["Strike_R"],"damage_healed":0.0,"max_hp_gain":0.0,"max_hp_loss":0.0,"gold_gain":0.0,"event_name":"Bonfire Elementals","player_choice":"Offered Basic","floor":21.0,"gold_loss":0.0,"damage_taken":0.0},{"damage_healed":0.0,"max_hp_gain":0.0,"max_hp_loss":0.0,"gold_gain":0.0,"event_name":"Ghosts","player_choice":"Ignored","floor":25.0,"gold_loss":0.0,"damage_taken":0.0},{"damage_healed":0.0,"max_hp_gain":0.0,"max_hp_loss":0.0,"gold_gain":0.0,"event_name":"SensoryStone","player_choice":"Memory 3","floor":37.0,"gold_loss":0.0,"damage_taken":10.0},{"damage_healed":0.0,"max_hp_gain":0.0,"max_hp_loss":6.0,"gold_gain":0.0,"event_name":"Winding Halls","player_choice":"Max HP","floor":38.0,"gold_loss":0.0,"damage_taken":0.0}],"is_beta":false,"boss_relics":[{"not_picked":["Tiny House","Calling Bell"],"picked":"Ectoplasm"},{"not_picked":["Cursed Key","Pandora\u0027s Box"],"picked":"Astrolabe"}],"items_purged_floors":[],"is_endless":false,"potions_floor_spawned":[2,3,4,12,16,19,22,30,40,42,44],"killed_by":"Transient","ascension_level":20}