{"gold_per_floor":[116,116,41,41,55,87,104,139,166,166,201,212,132,152,152,152],"floor_reached":16,"playtime":507,"items_purged":["Strike_R","Strike_R"],"score":160,"play_id":"b8e98877-db93-44bd-8704-b8a4fb007604","local_time":"20190127113928","is_ascension_mode":true,"campfire_choices":[{"data":"Dropkick","floor":10,"key":"SMITH"},{"data":"Bash","floor":15,"key":"SMITH"}],"neow_cost":"NONE","seed_source_timestamp":1524129599655842,"circlet_count":0,"master_deck":["Strike_R","Strike_R","Strike_R","Defend_R","Defend_R","Defend_R","Defend_R","Bash+1","Dropkick+1","Seeing Red"],"relics":["Burning Blood","NeowsBlessing","Bag of Marbles","Happy Flower","The Courier","Juzu Bracelet","Centennial Puzzle"],"potions_floor_usage":[8,11,16],"damage_taken":[{"damage":0,"enemies":"2 Louse","floor":1,"turns":1},{"damage":0,"enemies":"Small Slimes","floor":5,"turns":1},{"damage":0,"enemies":"3 Sentries","floor":6,"turns":2},{"damage":4,"enemies":"Jaw Worm","floor":7,"turns":3},{"damage":11,"enemies":"Lagavulin","floor":8,"turns":5},{"damage":7,"enemies":"Gremlin Nob","floor":11,"turns":3},{"damage":14,"enemies":"Blue Slaver","floor":12,"turns":4},{"damage":11,"enemies":"2 Fungi Beasts","floor":14,"turns":3},{"damage":64,"enemies":"Hexaghost","floor":16,"turns":10}],"seed_played":"7424007202133300814","potions_obtained":[{"floor":1,"key":"Ancient Potion"},{"floor":5,"key":"EssenceOfSteel"},{"floor":6,"key":"Fire Potion"},{"floor":7,"key":"Swift Potion"}],"is_trial":false,"path_per_floor":["M","?","$","?","M","E","M","E","T","R","E","M","$","M","R","B"],"character_chosen":"IRONCLAD","items_purchased":[],"campfire_rested":0,"item_purchase_floors":[],"current_hp_per_floor":[80,77,77,77,80,80,80,75,75,75,74,66,66,61,61,0],"gold":152,"neow_bonus":"THREE_ENEMY_KILL","is_prod":false,"is_daily":false,"chose_seed":false,"campfire_upgraded":2,"win_rate":0,"timestamp":1548585568,"path_taken":["M","?","$","?","M","E","M","E","T","R","E","M","?","M","R","BOSS"],"build_version":"2019-01-23","purchased_purges":2,"victory":false,"max_hp_per_floor":[80,80,80,80,80,80,80,80,80,80,80,80,80,80,80,80],"card_choices":[{"not_picked":["Body Slam","Twin Strike"],"picked":"Dropkick","floor":1},{"not_picked":["Disarm","Body Slam"],"picked":"Seeing Red","floor":5},{"not_picked":["Clash","Perfected Strike","Combust"],"picked":"SKIP","floor":6},{"not_picked":["Perfected Strike","Body Slam","Armaments"],"picked":"SKIP","floor":7},{"not_picked":["Bloodletting","Headbutt","Clothesline"],"picked":"SKIP","floor":8},{"not_picked":["Bloodletting","Infernal Blade","Uppercut"],"picked":"SKIP","floor":11},{"not_picked":["Dark Embrace","Headbutt","Body Slam"],"picked":"SKIP","floor":12},{"not_picked":["Metallicize","Flex","Twin Strike"],"picked":"SKIP","floor":14}],"player_experience":154892,"relics_obtained":[{"floor":6,"key":"Happy Flower"},{"floor":8,"key":"The Courier"},{"floor":9,"key":"Juzu Bracelet"},{"floor":11,"key":"Centennial Puzzle"}],"event_choices":[{"damage_healed":0,"gold_gain":0,"player_choice":"Success","damage_taken":3,"relics_obtained":["Bag of Marbles"],"max_hp_gain":0,"max_hp_loss":0,"event_name":"Scrap Ooze","floor":2,"gold_loss":0},{"damage_healed":0,"gold_gain":0,"player_choice":"Ignored","damage_taken":0,"max_hp_gain":0,"max_hp_loss":0,"event_name":"Liars Game","floor":4,"gold_loss":0}],"is_beta":false,"boss_relics":[],"items_purged_floors":[3,13],"is_endless":false,"potions_floor_spawned":[1,5,6,7],"killed_by":"Hexaghost","ascension_level":2}