{"gold_per_floor":[117,67,67,85,85,110,110,110,134,166,166,186,205,216,216,216],"floor_reached":16,"playtime":2392,"items_purged":[],"score":110,"play_id":"eed0525c-8987-40ad-8848-3355ca283a10","local_time":"20190720050953","is_ascension_mode":false,"campfire_choices":[{"floor":8,"key":"REST"},{"floor":11,"key":"REST"},{"floor":15,"key":"REST"}],"neow_cost":"NONE","seed_source_timestamp":0,"circlet_count":0,"master_deck":["Defend_G","Defend_G","Defend_G","Defend_G","Defend_G","Strike_G","Strike_G","Survivor","Neutralize","Flying Knee","Choke","Blade Dance","Blur","Sucker Punch","Flying Knee","Blade Dance","Poisoned Stab","Tools of the Trade"],"special_seed":0,"relics":["Ring of the Snake","Happy Flower","Dodecahedron","Potion Belt","Dream Catcher"],"potions_floor_usage":[],"damage_taken":[{"damage":1,"enemies":"Small Slimes","floor":1,"turns":5},{"damage":1,"enemies":"Jaw Worm","floor":4,"turns":5},{"damage":49,"enemies":"Gremlin Nob","floor":6,"turns":6},{"damage":19,"enemies":"3 Sentries","floor":10,"turns":10},{"damage":0,"enemies":"2 Louse","floor":12,"turns":2},{"damage":13,"enemies":"Large Slime","floor":13,"turns":5},{"damage":7,"enemies":"Gremlin Gang","floor":14,"turns":6},{"damage":37,"enemies":"Hexaghost","floor":16,"turns":15}],"seed_played":"5887852283164750992","potions_obtained":[{"floor":1,"key":"Dexterity Potion"},{"floor":6,"key":"Dexterity Potion"},{"floor":13,"key":"LiquidBronze"}],"is_trial":false,"path_per_floor":["?","?","?","?","M"],"character_chosen":"THE_SILENT","items_purchased":[],"campfire_rested":3,"item_purchase_floors":[],"current_hp_per_floor":[76,76,64,63,56,7,7,30,30,11,34,34,21,14,37,0],"gold":216,"neow_bonus":"TEN_PERCENT_HP_BONUS","is_prod":false,"is_daily":false,"chose_seed":false,"campfire_upgraded":0,"win_rate":0.0,"timestamp":1563613793,"path_taken":["M","?","?","M","?","E","?","R","T","E","R","M","?","M","R","BOSS"],"build_version":"2019-01-23","purchased_purges":0,"victory":false,"max_hp_per_floor":[77,77,77,77,77,77,77,77,77,77,77,77,77,77,77,77],"card_choices":[{"not_picked":["Dodge and Roll","Calculated Gamble"],"picked":"Flying Knee","floor":1},{"not_picked":["Riddle With Holes","Backflip"],"picked":"Choke","floor":4},{"not_picked":["Burst","Deadly Poison"],"picked":"Blade Dance","floor":6},{"not_picked":["Expertise","Backflip"],"picked":"Blur","floor":10},{"not_picked":["Crippling Poison","Deflect"],"picked":"Sucker Punch","floor":11},{"not_picked":["Malaise","Predator"],"picked":"Flying Knee","floor":12},{"not_picked":["Quick Slash","Outmaneuver"],"picked":"Blade Dance","floor":13},{"not_picked":["Calculated Gamble","Dodge and Roll"],"picked":"Poisoned Stab","floor":14},{"not_picked":["Predator","PiercingWail"],"picked":"Tools of the Trade","floor":15}],"player_experience":8500,"relics_obtained":[{"floor":6,"key":"Dodecahedron"},{"floor":9,"key":"Potion Belt"},{"floor":10,"key":"Dream Catcher"}],"event_choices":[{"cards_removed":["Strike_G"],"damage_healed":0,"gold_gain":0,"player_choice":"Card Removal","damage_taken":0,"max_hp_gain":0,"max_hp_loss":0,"event_name":"The Cleric","floor":2,"gold_loss":50},{"damage_healed":0,"gold_gain":0,"player_choice":"Success","damage_taken":12,"relics_obtained":["Happy Flower"],"max_hp_gain":0,"max_hp_loss":0,"event_name":"Scrap Ooze","floor":3,"gold_loss":0},{"cards_removed":["Strike_G"],"damage_healed":0,"gold_gain":0,"player_choice":"Card Removal","damage_taken":7,"max_hp_gain":0,"max_hp_loss":0,"event_name":"Golden Wing","floor":5,"gold_loss":0},{"cards_removed":["Strike_G"],"damage_healed":0,"gold_gain":0,"player_choice":"Purged","damage_taken":0,"max_hp_gain":0,"max_hp_loss":0,"event_name":"Purifier","floor":7,"gold_loss":0}],"is_beta":false,"boss_relics":[],"items_purged_floors":[],"is_endless":false,"potions_floor_spawned":[1,6,13],"killed_by":"Hexaghost","ascension_level":0}