{"gold_per_floor":[112,112,112,130,141,141,155,185,185,17,28,28,28,28,28,131,131,144,144,144,144,156,156,174,174,174,124,124,135,153,165,165,165],"floor_reached":33,"playtime":1774,"items_purged":[],"score":237,"play_id":"fcc1a5a9-e039-4625-adbc-6e0e242b6c74","local_time":"20190709032550","is_ascension_mode":false,"campfire_choices":[{"data":"Armaments","floor":6,"key":"SMITH"},{"data":"Shrug It Off","floor":13,"key":"SMITH"},{"data":"Bash","floor":15,"key":"SMITH"},{"data":"Double Tap","floor":23,"key":"SMITH"},{"data":"RitualDagger","floor":25,"key":"SMITH"},{"data":"Rampage","floor":28,"key":"SMITH"},{"data":"Rampage","floor":32,"key":"SMITH"}],"neow_cost":"NONE","seed_source_timestamp":38683105048755,"circlet_count":0,"master_deck":["Strike_R","Strike_R","Strike_R","Strike_R+1","Strike_R","Defend_R","Defend_R+1","Defend_R","Bash+1","Impervious","Shrug It Off+1","Armaments+1","Pommel Strike","Pommel Strike","Cleave","Double Tap+1","Rampage+1","RitualDagger+1","Rampage+1","Rampage+1","Pommel Strike"],"relics":["Burning Blood","Regal Pillow","Gremlin Horn","Ancient Tea Set","Coffee Dripper","Paper Frog"],"potions_floor_usage":[11,16,16,33],"damage_taken":[{"damage":14,"enemies":"Jaw Worm","floor":1,"turns":4},{"damage":0,"enemies":"2 Louse","floor":4,"turns":4},{"damage":1,"enemies":"Cultist","floor":5,"turns":3},{"damage":0,"enemies":"3 Louse","floor":7,"turns":6},{"damage":4,"enemies":"Exordium Wildlife","floor":11,"turns":6},{"damage":41,"enemies":"Hexaghost","floor":16,"turns":11},{"damage":15,"enemies":"Chosen","floor":18,"turns":4},{"damage":5,"enemies":"3 Byrds","floor":22,"turns":5},{"damage":6,"enemies":"Cultist and Chosen","floor":24,"turns":5},{"damage":24,"enemies":"Centurion and Healer","floor":29,"turns":5},{"damage":4,"enemies":"3 Cultists","floor":30,"turns":5},{"damage":17,"enemies":"Shelled Parasite and Fungi","floor":31,"turns":5},{"damage":43,"enemies":"Champ","floor":33,"turns":7}],"seed_played":"147869853560725898","potions_obtained":[{"floor":1,"key":"LiquidBronze"},{"floor":7,"key":"SkillPotion"},{"floor":11,"key":"Regen Potion"},{"floor":24,"key":"GamblersBrew"},{"floor":31,"key":"Explosive Potion"}],"is_trial":false,"path_per_floor":["M","?","?","M","M","R","M","?","T","$","M","?","R","$","R","B",null,"M","?","?","?","M","R","M","R","T","?","R","M","M","M","R","B"],"character_chosen":"IRONCLAD","items_purchased":["Pommel Strike","Ancient Tea Set"],"campfire_rested":0,"item_purchase_floors":[10,10],"current_hp_per_floor":[72,72,72,78,80,80,80,80,80,80,80,64,64,64,64,44,80,71,71,65,65,66,66,66,66,66,66,66,48,50,39,39,0],"gold":165,"neow_bonus":"ONE_RANDOM_RARE_CARD","is_prod":false,"is_daily":false,"chose_seed":false,"campfire_upgraded":7,"win_rate":0.0,"timestamp":1562660750,"path_taken":["M","?","?","M","?","R","M","?","T","?","M","?","R","$","R","BOSS","M","?","?","?","M","R","?","R","T","?","R","M","M","M","R","BOSS"],"build_version":"2019-07-05","purchased_purges":0,"victory":false,"max_hp_per_floor":[80,80,80,80,80,80,80,80,80,80,80,80,80,80,80,80,80,80,80,80,80,80,80,80,80,80,80,80,80,80,80,80,80],"card_choices":[{"not_picked":["Sever Soul","Warcry"],"picked":"Shrug It Off","floor":1},{"not_picked":["Headbutt","Rampage"],"picked":"Armaments","floor":4},{"not_picked":["Seeing Red","Headbutt","Power Through"],"picked":"SKIP","floor":5},{"not_picked":["Twin Strike","Perfected Strike"],"picked":"Pommel Strike","floor":7},{"not_picked":["Disarm","Exhume"],"picked":"Cleave","floor":11},{"not_picked":["Demon Form","Feed"],"picked":"Double Tap","floor":16},{"not_picked":["Thunderclap","Body Slam"],"picked":"Rampage","floor":18},{"not_picked":["Havoc","Second Wind"],"picked":"Rampage+1","floor":22},{"not_picked":["Havoc","Warcry"],"picked":"Rampage","floor":24},{"not_picked":["Feel No Pain","Clothesline"],"picked":"Pommel Strike","floor":29},{"not_picked":["Entrench","Headbutt","Bludgeon"],"picked":"SKIP","floor":30},{"not_picked":["Iron Wave","Headbutt","Pommel Strike"],"picked":"SKIP","floor":31}],"player_experience":31719,"relics_obtained":[{"floor":9,"key":"Gremlin Horn"},{"floor":26,"key":"Paper Frog"}],"event_choices":[{"damage_healed":0,"gold_gain":0,"player_choice":"Ignored","damage_taken":0,"max_hp_gain":0,"max_hp_loss":0,"event_name":"Liars Game","floor":2,"gold_loss":0},{"cards_removed":["Defend_R"],"damage_healed":0,"gold_gain":0,"player_choice":"Purged","damage_taken":0,"max_hp_gain":0,"max_hp_loss":0,"event_name":"Purifier","floor":3,"gold_loss":0},{"damage_healed":0,"gold_gain":30,"player_choice":"Searched \u00272\u0027 times","damage_taken":0,"relics_obtained":["Regal Pillow"],"max_hp_gain":0,"max_hp_loss":0,"event_name":"Dead Adventurer","floor":8,"gold_loss":0},{"damage_healed":0,"gold_gain":0,"player_choice":"Entered Light","damage_taken":16,"max_hp_gain":0,"max_hp_loss":0,"event_name":"Shining Light","floor":12,"gold_loss":0,"cards_upgraded":["Defend_R","Strike_R"]},{"damage_healed":0,"gold_gain":0,"player_choice":"Ignored","damage_taken":0,"max_hp_gain":0,"max_hp_loss":0,"event_name":"Vampires","floor":19,"gold_loss":0},{"damage_healed":0,"gold_gain":0,"player_choice":"Joined the Cult","damage_taken":6,"max_hp_gain":0,"max_hp_loss":0,"event_name":"Nest","floor":20,"gold_loss":0,"cards_obtained":["RitualDagger"]},{"damage_healed":0,"gold_gain":0,"player_choice":"Ignored","damage_taken":0,"max_hp_gain":0,"max_hp_loss":0,"event_name":"N\u0027loth","floor":21,"gold_loss":0},{"damage_healed":0,"gold_gain":0,"player_choice":"Bet on Owner","damage_taken":0,"max_hp_gain":0,"max_hp_loss":0,"event_name":"The Joust","floor":27,"gold_loss":50}],"is_beta":false,"boss_relics":[{"not_picked":["Calling Bell","Astrolabe"],"picked":"Coffee Dripper"}],"items_purged_floors":[],"is_endless":false,"potions_floor_spawned":[1,7,11,24,31],"killed_by":"Champ","ascension_level":0}