{"gold_per_floor":[114,132,132,132,46,46,46,46,94,111,141,216,59,78,78,78],"floor_reached":16,"playtime":606,"items_purged":[],"score":98,"play_id":"5d3d2eab-df65-4b08-93a7-33a20f95545e","local_time":"20190709033605","is_ascension_mode":false,"campfire_choices":[{"data":"Flash of Steel","floor":6,"key":"SMITH"},{"floor":8,"key":"REST"},{"data":"Pommel Strike","floor":15,"key":"SMITH"}],"neow_cost":"NONE","seed_source_timestamp":40464599619461,"circlet_count":0,"master_deck":["Strike_R","Strike_R+1","Strike_R","Strike_R","Strike_R","Defend_R","Defend_R","Defend_R","Defend_R","Bash+1","Pommel Strike+1","Flash of Steel+1","Fire Breathing","Pommel Strike+1"],"relics":["Burning Blood","Calipers","PreservedInsect","Meat on the Bone","Omamori"],"potions_floor_usage":[1,2,14,14,16],"damage_taken":[{"damage":2,"enemies":"Small Slimes","floor":1,"turns":3},{"damage":6,"enemies":"Jaw Worm","floor":2,"turns":3},{"damage":0,"enemies":"Cultist","floor":10,"turns":2},{"damage":6,"enemies":"Gremlin Nob","floor":11,"turns":3},{"damage":13,"enemies":"Gremlin Gang","floor":14,"turns":4},{"damage":56,"enemies":"Hexaghost","floor":16,"turns":9}],"seed_played":"-6700663066213654997","potions_obtained":[{"floor":0,"key":"Energy Potion"},{"floor":0,"key":"Fire Potion"},{"floor":0,"key":"AttackPotion"},{"floor":1,"key":"Regen Potion"},{"floor":14,"key":"SkillPotion"}],"is_trial":false,"path_per_floor":["M","M","?","?","$","R","?","R","T","M","E","?","$","M","R","B"],"character_chosen":"IRONCLAD","items_purchased":["Flash of Steel","Omamori"],"campfire_rested":1,"item_purchase_floors":[5,13],"current_hp_per_floor":[80,80,80,62,62,62,46,70,70,76,76,65,65,67,67,11],"gold":78,"neow_bonus":"THREE_SMALL_POTIONS","is_prod":false,"is_daily":false,"chose_seed":false,"campfire_upgraded":2,"win_rate":0.0,"timestamp":1562661365,"path_taken":["M","M","?","?","$","R","?","R","T","?","E","?","?","?","R","BOSS"],"build_version":"2019-07-05","purchased_purges":0,"victory":false,"max_hp_per_floor":[80,80,80,80,80,80,80,80,80,80,80,80,80,80,80,80],"card_choices":[{"not_picked":["Hemokinesis","Sword Boomerang"],"picked":"Pommel Strike","floor":1},{"not_picked":["Pummel","Whirlwind","Feel No Pain"],"picked":"SKIP","floor":2},{"not_picked":["Searing Blow","Intimidate"],"picked":"Fire Breathing","floor":10},{"not_picked":["Carnage","True Grit"],"picked":"Pommel Strike","floor":11},{"not_picked":["Bloodletting","Flex","Havoc"],"picked":"SKIP","floor":14}],"player_experience":33493,"relics_obtained":[{"floor":9,"key":"PreservedInsect"},{"floor":11,"key":"Meat on the Bone"}],"event_choices":[{"damage_healed":0,"gold_gain":0,"player_choice":"Grow","damage_taken":0,"max_hp_gain":0,"max_hp_loss":0,"event_name":"Living Wall","floor":3,"gold_loss":0,"cards_upgraded":["Bash"]},{"damage_healed":0,"gold_gain":0,"player_choice":"Success","damage_taken":18,"relics_obtained":["Calipers"],"max_hp_gain":0,"max_hp_loss":0,"event_name":"Scrap Ooze","floor":4,"gold_loss":0},{"damage_healed":0,"gold_gain":0,"player_choice":"Entered Light","damage_taken":16,"max_hp_gain":0,"max_hp_loss":0,"event_name":"Shining Light","floor":7,"gold_loss":0,"cards_upgraded":["Strike_R","Pommel Strike"]},{"damage_healed":0,"gold_gain":75,"player_choice":"Gather Gold","damage_taken":11,"max_hp_gain":0,"max_hp_loss":0,"event_name":"World of Goop","floor":12,"gold_loss":0}],"is_beta":false,"boss_relics":[],"items_purged_floors":[],"is_endless":false,"potions_floor_spawned":[1,14],"killed_by":"Hexaghost","ascension_level":0}