{"gold_per_floor":[110,125,50,70,88,119,119,148,175,207,218,236,247,264,264,367,367,386,65,85,100,120,120,120],"floor_reached":24,"playtime":1642,"items_purged":["Strike_R","Defend_R"],"score":235,"play_id":"a14a6d19-6bc2-4b8f-bc8f-3d9b8c99edbd","local_time":"20190724163259","is_ascension_mode":true,"campfire_choices":[{"data":"Bash","floor":7,"key":"SMITH"},{"data":"Flame Barrier","floor":15,"key":"SMITH"},{"floor":23,"key":"REST"}],"neow_cost":"TEN_PERCENT_HP_LOSS","seed_source_timestamp":53460787755525,"circlet_count":0,"master_deck":["Defend_R+1","Defend_R+1","Defend_R","Bash+1","Cleave","Cleave","Shrug It Off","Inflame","Barricade","Spot Weakness","Rupture","Body Slam","Headbutt","Body Slam","Flame Barrier+1","Dark Embrace","Dropkick","Combust","Corruption+1","Thunderclap+1","Anger+1"],"relics":["Burning Blood","Bottled Tornado","War Paint","Orichalcum","Centennial Puzzle","Empty Cage","Bag of Marbles"],"potions_floor_usage":[8,13,16,20,22,24],"damage_taken":[{"damage":10,"enemies":"Cultist","floor":1,"turns":4},{"damage":5,"enemies":"Small Slimes","floor":2,"turns":4},{"damage":1,"enemies":"Jaw Worm","floor":4,"turns":4},{"damage":14,"enemies":"Red Slaver","floor":5,"turns":5},{"damage":27,"enemies":"Gremlin Nob","floor":6,"turns":4},{"damage":19,"enemies":"3 Sentries","floor":8,"turns":5},{"damage":4,"enemies":"Lagavulin","floor":10,"turns":7},{"damage":10,"enemies":"Blue Slaver","floor":11,"turns":3},{"damage":6,"enemies":"Large Slime","floor":12,"turns":3},{"damage":0,"enemies":"Lots of Slimes","floor":13,"turns":1},{"damage":0,"enemies":"3 Louse","floor":14,"turns":2},{"damage":32,"enemies":"The Guardian","floor":16,"turns":12},{"damage":19,"enemies":"3 Byrds","floor":18,"turns":6},{"damage":19,"enemies":"Spheric Guardian","floor":20,"turns":5},{"damage":42,"enemies":"Snake Plant","floor":21,"turns":6},{"damage":25,"enemies":"Chosen and Byrds","floor":22,"turns":5},{"damage":39,"enemies":"Slavers","floor":24,"turns":2}],"seed_played":"5717976630060861656","potions_obtained":[{"floor":2,"key":"Strength Potion"},{"floor":5,"key":"Block Potion"},{"floor":8,"key":"SpeedPotion"},{"floor":10,"key":"Explosive Potion"},{"floor":14,"key":"BloodPotion"},{"floor":16,"key":"Dexterity Potion"},{"floor":18,"key":"Fruit Juice"}],"is_trial":false,"path_per_floor":["M","M","$","M","M","E","R","E","T","E","M","M","M","M","R","B",null,"M","$","M","M","M","R","E"],"character_chosen":"IRONCLAD","items_purchased":["Combust","Bag of Marbles"],"campfire_rested":1,"item_purchase_floors":[19,19],"current_hp_per_floor":[68,69,69,72,64,43,43,30,30,32,28,28,34,40,40,14,72,59,59,51,15,15,38,0],"gold":120,"neow_bonus":"REMOVE_TWO","is_prod":false,"is_daily":false,"chose_seed":false,"campfire_upgraded":2,"win_rate":0,"timestamp":1563978779,"path_taken":["M","M","$","M","M","E","R","E","T","E","M","M","M","M","R","BOSS","M","$","M","M","M","R","E"],"build_version":"2019-07-05","purchased_purges":2,"victory":false,"max_hp_per_floor":[72,72,72,72,72,72,72,72,72,72,72,72,72,72,72,72,72,72,72,77,77,77,77,77],"card_choices":[{"not_picked":["Twin Strike","Clash"],"picked":"Cleave","floor":1},{"not_picked":["Iron Wave","Power Through"],"picked":"Cleave","floor":2},{"not_picked":["Body Slam","Power Through"],"picked":"Shrug It Off","floor":4},{"not_picked":["Second Wind","Brutality"],"picked":"Inflame","floor":5},{"not_picked":["Thunderclap","Corruption"],"picked":"Barricade","floor":6},{"not_picked":["Burning Pact","Flex"],"picked":"Spot Weakness","floor":8},{"not_picked":["Battle Trance","Armaments"],"picked":"Rupture","floor":10},{"not_picked":["Twin Strike","Evolve"],"picked":"Body Slam","floor":11},{"not_picked":["Power Through","Thunderclap"],"picked":"Headbutt","floor":12},{"not_picked":["Pommel Strike","Second Wind"],"picked":"Body Slam","floor":13},{"not_picked":["Power Through","Whirlwind"],"picked":"Flame Barrier","floor":14},{"not_picked":["Offering","Barricade"],"picked":"Dark Embrace","floor":16},{"not_picked":["Intimidate","Anger"],"picked":"Dropkick","floor":18},{"not_picked":["Armaments","Burning Pact"],"picked":"Corruption+1","floor":20},{"not_picked":["Flex","Twin Strike"],"picked":"Thunderclap+1","floor":21},{"not_picked":["Inflame","Pommel Strike+1"],"picked":"Anger+1","floor":22}],"player_experience":113632,"relics_obtained":[{"floor":6,"key":"Bottled Tornado"},{"floor":8,"key":"War Paint"},{"floor":9,"key":"Orichalcum"},{"floor":10,"key":"Centennial Puzzle"}],"event_choices":[],"is_beta":false,"boss_relics":[{"not_picked":["Runic Dome","Lizard Tail"],"picked":"Empty Cage"}],"items_purged_floors":[3,19],"is_endless":false,"potions_floor_spawned":[2,5,8,10,12,14,16,18],"killed_by":"Slavers","ascension_level":1}