{"gold_per_floor":[365,4,4,15,26,26,55,72,72,99,99,111,36,47,47,124,124,135,135,150,124,124,124,152,152,152,187,33,65,82,101,101,179,179,192,141,157,157,168,168,198,209,280,280,315,315,118,138,138,138],"floor_reached":51,"playtime":7348,"items_purged":["Injury","Writhe","Doubt"],"score":1294,"play_id":"5888306d-86d5-4ca6-b82b-d7ebc50b5682","local_time":"20190725203016","is_ascension_mode":true,"campfire_choices":[{"data":"Zap","floor":6.0,"key":"SMITH"},{"data":"Static Discharge","floor":11.0,"key":"SMITH"},{"data":"Darkness","floor":15.0,"key":"SMITH"},{"data":"Sweeping Beam","floor":23.0,"key":"SMITH"},{"data":"Sweeping Beam","floor":25.0,"key":"SMITH"},{"floor":32.0,"key":"REST"},{"data":"Thunder Strike","floor":40.0,"key":"SMITH"},{"data":"Buffer","floor":44.0,"key":"SMITH"},{"data":"Hologram","floor":46,"key":"SMITH"},{"data":"Capacitor","floor":49,"key":"SMITH"}],"neow_cost":"CURSE","seed_source_timestamp":1342583629113024,"circlet_count":0,"master_deck":["AscendersBane","Strike_B+1","Strike_B+1","Strike_B+1","Defend_B+1","Defend_B+1","Defend_B+1","Defend_B+1","Zap+1","Dualcast","Genetic Algorithm","Static Discharge+1","Ball Lightning","Conserve Battery","Compile Driver","Sweeping Beam+1","Loop","Sweeping Beam+1","Darkness+1","Echo Form","Genetic Algorithm","Ball Lightning+1","Coolheaded","Conserve Battery+1","Go for the Eyes","Capacitor+1","Thunder Strike+1","Go for the Eyes+1","Hologram+1","Storm+1","Buffer+1","Coolheaded","Chill","White Noise","Hologram","Static Discharge","Seek"],"special_seed":0,"relics":["Cracked Core","Oddly Smooth Stone","Symbiotic Virus","Boot","Mercury Hourglass","Meat on the Bone","Cursed Key","Pen Nib","Bird Faced Urn","Ornamental Fan","Art of War","Orrery","Bottled Tornado","Blue Candle","Pear"],"potions_floor_usage":[50,50],"damage_taken":[{"damage":2.0,"enemies":"2 Louse","floor":1.0,"turns":2.0},{"damage":0.0,"enemies":"Jaw Worm","floor":4.0,"turns":2.0},{"damage":0.0,"enemies":"Cultist","floor":5.0,"turns":2.0},{"damage":10.0,"enemies":"Gremlin Nob","floor":7.0,"turns":3.0},{"damage":2.0,"enemies":"Gremlin Gang","floor":8.0,"turns":3.0},{"damage":18.0,"enemies":"Lagavulin","floor":10.0,"turns":5.0},{"damage":0.0,"enemies":"Large Slime","floor":12.0,"turns":4.0},{"damage":0.0,"enemies":"Looter","floor":14.0,"turns":2.0},{"damage":22.0,"enemies":"Hexaghost","floor":16.0,"turns":6.0},{"damage":6.0,"enemies":"Shell Parasite","floor":18.0,"turns":3.0},{"damage":3.0,"enemies":"2 Thieves","floor":20.0,"turns":3.0},{"damage":22.0,"enemies":"Gremlin Leader","floor":24.0,"turns":6.0},{"damage":20.0,"enemies":"Slavers","floor":27.0,"turns":4.0},{"damage":17.0,"enemies":"Gremlin Leader","floor":29.0,"turns":4.0},{"damage":5.0,"enemies":"3 Cultists","floor":30.0,"turns":5.0},{"damage":5.0,"enemies":"Cultist and Chosen","floor":31.0,"turns":5.0},{"damage":35.0,"enemies":"Collector","floor":33.0,"turns":8.0},{"damage":9.0,"enemies":"3 Shapes","floor":35.0,"turns":4.0},{"damage":0.0,"enemies":"Orb Walker","floor":37.0,"turns":3.0},{"damage":0.0,"enemies":"Sphere and 2 Shapes","floor":39.0,"turns":3.0},{"damage":22.0,"enemies":"Giant Head","floor":41.0,"turns":7.0},{"damage":14.0,"enemies":"Jaw Worm Horde","floor":42.0,"turns":4.0},{"damage":10,"enemies":"Reptomancer","floor":45,"turns":7},{"damage":6,"enemies":"Maw","floor":48,"turns":7},{"damage":38,"enemies":"Donu and Deca","floor":50,"turns":9}],"seed_played":"-5723954697811637765","potions_obtained":[{"floor":4.0,"key":"Ancient Potion"},{"floor":12.0,"key":"LiquidBronze"},{"floor":14.0,"key":"SteroidPotion"},{"floor":27.0,"key":"GamblersBrew"},{"floor":29.0,"key":"Fire Potion"},{"floor":37.0,"key":"FocusPotion"},{"floor":45,"key":"Dexterity Potion"}],"is_trial":false,"path_per_floor":["M","$","?","M","M","R","E","M","T","E","R","M","?","M","R","B",null,"M","?","M","$","?","R","E","R","T","E","$","E","M","M","R","B",null,"M","$","M","?","M","R","E","M","T","R","E","R","$","M","R","B",null],"character_chosen":"DEFECT","items_purchased":["Static Discharge","Oddly Smooth Stone","Ball Lightning","Strength Potion","Coolheaded","Go for the Eyes","Coolheaded","Static Discharge"],"campfire_rested":1,"item_purchase_floors":[2,2,2,2,21,28,36,47],"current_hp_per_floor":[62,62,51,51,51,51,41,39,39,21,21,33,33,45,45,35,62,56,56,53,53,53,53,43,43,43,39,39,38,47,48,69,42,64,61,61,67,67,71,71,60,58,58,58,78,78,78,81,81,63],"gold":138,"neow_bonus":"TWO_FIFTY_GOLD","is_prod":false,"is_daily":false,"chose_seed":false,"campfire_upgraded":9,"win_rate":0,"timestamp":1564101016,"path_taken":["M","$","?","M","M","R","E","M","T","E","R","M","?","M","R","BOSS","M","?","M","$","?","R","E","R","T","E","?","E","M","M","R","BOSS","M","?","?","?","M","R","E","M","T","R","E","R","$","M","R","BOSS"],"build_version":"2019-07-17","purchased_purges":3,"victory":true,"max_hp_per_floor":[71,71,71,71,71,71,71,71,71,71,71,71,71,71,71,71,71,71,71,71,71,71,71,71,71,71,71,71,71,71,71,71,71,71,71,71,71,71,71,71,71,71,71,71,81,81,81,81,81,81],"card_choices":[{"not_picked":["Go for the Eyes","Conserve Battery"],"picked":"Genetic Algorithm","floor":1.0},{"not_picked":["Gash","Lockon"],"picked":"Conserve Battery","floor":4.0},{"not_picked":["Stack","Lockon"],"picked":"Compile Driver","floor":5.0},{"not_picked":["Steam","Leap"],"picked":"Sweeping Beam","floor":7.0},{"not_picked":["Rip and Tear","Streamline"],"picked":"Loop","floor":8.0},{"not_picked":["Static Discharge","Reboot","Machine Learning"],"picked":"SKIP","floor":10.0},{"not_picked":["Turbo","Gash"],"picked":"Sweeping Beam","floor":12.0},{"not_picked":["Turbo","Undo"],"picked":"Darkness","floor":14.0},{"not_picked":["Electrodynamics","Buffer"],"picked":"Echo Form","floor":16.0},{"not_picked":["Blizzard","Redo"],"picked":"Genetic Algorithm","floor":18.0},{"not_picked":["Aggregate","Darkness"],"picked":"Ball Lightning+1","floor":20.0},{"not_picked":["Darkness","Redo"],"picked":"Conserve Battery+1","floor":24.0},{"not_picked":["Auto Shields","Leap","Sunder"],"picked":"SKIP","floor":27.0},{"not_picked":["Auto Shields","Leap","Sunder"],"picked":"SKIP","floor":27.0},{"not_picked":["Streamline","Beam Cell","Blizzard"],"picked":"SKIP","floor":29.0},{"not_picked":["Steam","Redo","Turbo"],"picked":"SKIP","floor":30.0},{"not_picked":["All For One","Auto Shields"],"picked":"Capacitor","floor":31.0},{"not_picked":["Rainbow","Seek"],"picked":"Thunder Strike","floor":33.0},{"not_picked":["Conserve Battery","Aggregate"],"picked":"Go for the Eyes+1","floor":34.0},{"not_picked":["Conserve Battery","Sunder"],"picked":"Hologram","floor":34.0},{"not_picked":["Redo+1","Undo"],"picked":"Storm+1","floor":34.0},{"not_picked":["Compile Driver","Scrape"],"picked":"Buffer","floor":35.0},{"not_picked":["Turbo","Leap"],"picked":"Chill","floor":37.0},{"not_picked":["Go for the Eyes","Chill+1"],"picked":"White Noise","floor":39.0},{"not_picked":["Steam","Redo","Leap"],"picked":"SKIP","floor":41.0},{"not_picked":["Turbo","Streamline"],"picked":"Hologram","floor":42.0},{"not_picked":["Redo+1","Blizzard","Turbo"],"picked":"SKIP","floor":45},{"not_picked":["Melter","Barrage"],"picked":"Seek","floor":48}],"player_experience":805615,"relics_obtained":[{"floor":7.0,"key":"Boot"},{"floor":9.0,"key":"Mercury Hourglass"},{"floor":10.0,"key":"Meat on the Bone"},{"floor":24.0,"key":"Pen Nib"},{"floor":26.0,"key":"Bird Faced Urn"},{"floor":27.0,"key":"Ornamental Fan"},{"floor":29.0,"key":"Art of War"},{"floor":41.0,"key":"Bottled Tornado"},{"floor":43.0,"key":"Blue Candle"},{"floor":45,"key":"Pear"}],"event_choices":[{"damage_healed":0.0,"max_hp_gain":0.0,"max_hp_loss":0.0,"gold_gain":0.0,"event_name":"Scrap Ooze","player_choice":"Success","floor":3.0,"gold_loss":0.0,"damage_taken":11.0,"relics_obtained":["Symbiotic Virus"]},{"cards_removed":["Strike_B"],"damage_healed":0.0,"max_hp_gain":0.0,"max_hp_loss":0.0,"gold_gain":0.0,"event_name":"The Cleric","player_choice":"Card Removal","floor":13.0,"gold_loss":75.0,"damage_taken":0.0},{"damage_healed":0.0,"max_hp_gain":0.0,"max_hp_loss":0.0,"gold_gain":0.0,"event_name":"Back to Basics","player_choice":"Simplicity","floor":19.0,"gold_loss":0.0,"damage_taken":0.0,"cards_upgraded":["Strike_B","Strike_B","Strike_B","Defend_B","Defend_B","Defend_B","Defend_B"]},{"damage_healed":0.0,"max_hp_gain":0.0,"max_hp_loss":0.0,"gold_gain":0.0,"event_name":"Vampires","player_choice":"Ignored","floor":22.0,"gold_loss":0.0,"damage_taken":0.0},{"damage_healed":0.0,"max_hp_gain":0.0,"max_hp_loss":0.0,"gold_gain":0.0,"event_name":"Tomb of Lord Red Mask","player_choice":"Ignored","floor":38.0,"gold_loss":0.0,"damage_taken":0.0}],"is_beta":false,"boss_relics":[{"not_picked":["Fusion Hammer","Nuclear Battery"],"picked":"Cursed Key"},{"not_picked":["Eternal Feather","FrozenCore"],"picked":"Orrery"}],"items_purged_floors":[2,28,47],"is_endless":false,"potions_floor_spawned":[4,12,14,18,27,29,37,45,48],"ascension_level":15}