{"gold_per_floor":[116,126,140,154,174,208,208,222,222,256,272,292,304,146,146,241,291,309,309,293,310,326,355,355,355,355,389,389,399,179,191,191,191],"floor_reached":33,"playtime":9543,"items_purged":["Strike_R","Strike_R+1"],"score":330,"play_id":"b294160c-55ae-48d3-b298-10f3f0173392","local_time":"20190720223200","is_ascension_mode":false,"campfire_choices":[{"data":"Hemokinesis","floor":7,"key":"SMITH"},{"data":"Iron Wave","floor":15,"key":"SMITH"},{"floor":24,"key":"REST"},{"floor":28,"key":"REST"},{"floor":32,"key":"REST"}],"neow_cost":"NONE","seed_source_timestamp":441686465638400,"circlet_count":0,"master_deck":["Strike_R","Strike_R","Strike_R","Defend_R","Defend_R","Defend_R","Defend_R","Bash+1","Hemokinesis+1","Wild Strike","Anger","Armaments","Shrug It Off","Iron Wave","Impervious","Wild Strike","Iron Wave+1","Shrug It Off","Thunderclap","Bandage Up","Impervious","Flame Barrier","Anger+1","RitualDagger","Hemokinesis","Dropkick+1","Inflame","Anger","Seeing Red","Blood for Blood","Shrug It Off","Enlightenment","Rage"],"relics":["Burning Blood","Vajra","Gambling Chip","Question Card","Tiny House","Pear","Gremlin Horn","Charon\u0027s Ashes"],"potions_floor_usage":[2,4,16,16,20,22,23,29,33],"damage_taken":[{"damage":5,"enemies":"2 Louse","floor":1,"turns":3},{"damage":6,"enemies":"Jaw Worm","floor":2,"turns":2},{"damage":4,"enemies":"Cultist","floor":3,"turns":3},{"damage":19,"enemies":"Gremlin Gang","floor":4,"turns":5},{"damage":4,"enemies":"3 Louse","floor":5,"turns":3},{"damage":11,"enemies":"Gremlin Nob","floor":6,"turns":3},{"damage":2,"enemies":"Looter","floor":8,"turns":2},{"damage":13,"enemies":"Lagavulin","floor":10,"turns":6},{"damage":9,"enemies":"Gremlin Gang","floor":11,"turns":4},{"damage":2,"enemies":"Red Slaver","floor":12,"turns":4},{"damage":2,"enemies":"Blue Slaver","floor":13,"turns":2},{"damage":49,"enemies":"The Guardian","floor":16,"turns":13},{"damage":8,"enemies":"3 Byrds","floor":18,"turns":5},{"damage":10,"enemies":"2 Thieves","floor":20,"turns":4},{"damage":7,"enemies":"Centurion and Healer","floor":21,"turns":7},{"damage":14,"enemies":"Snecko","floor":22,"turns":6},{"damage":68,"enemies":"Book of Stabbing","floor":23,"turns":7},{"damage":83,"enemies":"Slavers","floor":27,"turns":8},{"damage":6,"enemies":"Snake Plant","floor":29,"turns":4},{"damage":6,"enemies":"Cultist and Chosen","floor":31,"turns":4},{"damage":89,"enemies":"Automaton","floor":33,"turns":10}],"seed_played":"-6787007771715265126","potions_obtained":[{"floor":1,"key":"Weak Potion"},{"floor":3,"key":"AttackPotion"},{"floor":6,"key":"Regen Potion"},{"floor":8,"key":"Dexterity Potion"},{"floor":16,"key":"SpeedPotion"},{"floor":17,"key":"GamblersBrew"},{"floor":20,"key":"Block Potion"},{"floor":21,"key":"SpeedPotion"},{"floor":23,"key":"EssenceOfSteel"},{"floor":29,"key":"FearPotion"}],"is_trial":false,"path_per_floor":["?","?"],"character_chosen":"IRONCLAD","items_purchased":["Bandage Up","Shrug It Off","Enlightenment"],"campfire_rested":3,"item_purchase_floors":[14,30,30],"current_hp_per_floor":[80,80,80,67,69,64,64,68,68,61,58,62,66,66,66,42,85,85,79,79,82,74,26,54,85,85,12,40,44,44,50,78,0],"gold":191,"neow_bonus":"UPGRADE_CARD","is_prod":false,"is_daily":false,"chose_seed":false,"campfire_upgraded":2,"win_rate":0.0,"timestamp":1563676320,"path_taken":["M","M","M","M","M","E","R","M","T","E","M","M","M","$","R","BOSS","M","?","M","M","M","E","R","?","T","E","R","M","$","M","R","BOSS"],"build_version":"2019-01-23","purchased_purges":2,"victory":false,"max_hp_per_floor":[80,80,80,80,80,80,80,80,80,80,80,80,80,80,80,80,85,85,85,85,85,85,95,95,95,95,95,95,95,95,95,95,95],"card_choices":[{"not_picked":["Entrench","Anger"],"picked":"Hemokinesis","floor":1},{"not_picked":["Body Slam","True Grit"],"picked":"Wild Strike","floor":2},{"not_picked":["Twin Strike","Inflame"],"picked":"Anger","floor":3},{"not_picked":["Warcry","Heavy Blade"],"picked":"Armaments","floor":4},{"not_picked":["Entrench","Whirlwind"],"picked":"Shrug It Off","floor":5},{"not_picked":["Warcry","Ghostly Armor"],"picked":"Iron Wave","floor":6},{"not_picked":["Sword Boomerang","Pommel Strike"],"picked":"Impervious","floor":8},{"not_picked":["Rampage","Headbutt"],"picked":"Wild Strike","floor":10},{"not_picked":["Pommel Strike","True Grit","Fiend Fire"],"picked":"Iron Wave","floor":11},{"not_picked":["Warcry","Clash","Entrench"],"picked":"Shrug It Off","floor":12},{"not_picked":["Sword Boomerang","Corruption","Intimidate"],"picked":"Thunderclap","floor":13},{"not_picked":["Berserk","Juggernaut","Demon Form"],"picked":"Impervious","floor":16},{"not_picked":["Body Slam","Clash","Armaments"],"picked":"Flame Barrier","floor":17},{"not_picked":["Heavy Blade","Headbutt","Perfected Strike"],"picked":"Anger+1","floor":18},{"not_picked":["Heavy Blade+1","Shrug It Off","Twin Strike+1"],"picked":"Hemokinesis","floor":20},{"not_picked":["Hemokinesis","True Grit","Armaments+1"],"picked":"Dropkick+1","floor":21},{"not_picked":["Clothesline","Fire Breathing","Combust"],"picked":"Inflame","floor":22},{"not_picked":["Burning Pact","Bloodletting+1","Cleave"],"picked":"Anger","floor":23},{"not_picked":["Body Slam+1","Power Through+1","Wild Strike+1"],"picked":"Seeing Red","floor":27},{"not_picked":["Carnage","Perfected Strike","Immolate"],"picked":"Blood for Blood","floor":29},{"not_picked":["Intimidate","Combust","Wild Strike"],"picked":"Rage","floor":31}],"player_experience":38741,"relics_obtained":[{"floor":6,"key":"Vajra"},{"floor":9,"key":"Gambling Chip"},{"floor":10,"key":"Question Card"},{"floor":23,"key":"Pear"},{"floor":26,"key":"Gremlin Horn"},{"floor":27,"key":"Charon\u0027s Ashes"}],"event_choices":[{"damage_healed":0,"gold_gain":0,"player_choice":"Joined the Cult","damage_taken":6,"max_hp_gain":0,"max_hp_loss":0,"event_name":"Nest","floor":19,"gold_loss":0,"cards_obtained":["RitualDagger"]},{"damage_healed":31,"gold_gain":0,"player_choice":"Heal","damage_taken":0,"max_hp_gain":0,"max_hp_loss":0,"event_name":"The Library","floor":25,"gold_loss":0}],"is_beta":false,"boss_relics":[{"not_picked":["Calling Bell","Runic Dome"],"picked":"Tiny House"}],"items_purged_floors":[14,30],"is_endless":false,"potions_floor_spawned":[1,3,6,8,16,20,21,23,29],"killed_by":"Automaton","ascension_level":0}