{"gold_per_floor":[13,23,42,62,76,76,90,102,102,113,113,113,127,145,145,249,249,268,285,295,13,13],"floor_reached":22,"playtime":861,"items_purged":["Defend_B"],"score":186,"play_id":"d0f918bd-2784-4781-af14-717ddd462e91","local_time":"20190721224002","is_ascension_mode":false,"campfire_choices":[{"floor":6,"key":"REST"},{"data":"Zap","floor":11,"key":"SMITH"},{"data":"Hologram","floor":15,"key":"SMITH"}],"neow_cost":"NO_GOLD","seed_source_timestamp":598798837902721,"circlet_count":0,"master_deck":["Strike_B+1","Strike_B","Strike_B","Defend_B","Defend_B","Defend_B","Zap+1","Steam","Hologram+1","Streamline","Turbo+1","Conserve Battery","Leap","FTL","Streamline","Hologram","Leap+1","Go for the Eyes+1"],"relics":["Cracked Core","Sundial","Orrery","MealTicket"],"potions_floor_usage":[7,7,16],"damage_taken":[{"damage":2,"enemies":"Cultist","floor":1,"turns":5},{"damage":2,"enemies":"2 Louse","floor":2,"turns":4},{"damage":7,"enemies":"Jaw Worm","floor":3,"turns":4},{"damage":17,"enemies":"Exordium Thugs","floor":4,"turns":4},{"damage":0,"enemies":"Blue Slaver","floor":5,"turns":3},{"damage":6,"enemies":"Large Slime","floor":7,"turns":4},{"damage":2,"enemies":"Looter","floor":8,"turns":4},{"damage":0,"enemies":"Exordium Wildlife","floor":10,"turns":3},{"damage":0,"enemies":"Blue Slaver","floor":13,"turns":3},{"damage":5,"enemies":"3 Louse","floor":14,"turns":3},{"damage":18,"enemies":"The Guardian","floor":16,"turns":11},{"damage":27,"enemies":"Chosen","floor":18,"turns":5},{"damage":13,"enemies":"Spheric Guardian","floor":19,"turns":4},{"damage":24,"enemies":"Snecko","floor":20,"turns":8},{"damage":43,"enemies":"Cultist and Chosen","floor":22,"turns":7}],"seed_played":"-67109676836524810","potions_obtained":[{"floor":1,"key":"FairyPotion"},{"floor":2,"key":"FocusPotion"},{"floor":5,"key":"AttackPotion"},{"floor":7,"key":"Explosive Potion"},{"floor":8,"key":"Energy Potion"},{"floor":13,"key":"FairyPotion"}],"is_trial":false,"path_per_floor":["M","M","M","M","M","R","M","M","T","M","R","?","M","M","R","B",null,"M","M","M","$","M"],"character_chosen":"DEFECT","items_purchased":["MealTicket"],"campfire_rested":1,"item_purchase_floors":[21],"current_hp_per_floor":[73,71,64,47,47,69,63,61,61,61,61,46,46,41,41,23,75,48,35,11,11,0],"gold":13,"neow_bonus":"REMOVE_TWO","is_prod":false,"is_daily":false,"chose_seed":false,"campfire_upgraded":2,"win_rate":0.0,"timestamp":1563763202,"path_taken":["M","?","M","M","M","R","M","M","T","M","R","?","M","M","R","BOSS","M","M","M","$","M"],"build_version":"2019-07-17","purchased_purges":1,"victory":false,"max_hp_per_floor":[75,75,75,75,75,75,75,75,75,75,75,75,75,75,75,75,75,75,75,75,75,75],"card_choices":[{"not_picked":["Melter","Recycle"],"picked":"Steam","floor":1},{"not_picked":["Chaos","Defragment"],"picked":"Hologram","floor":2},{"not_picked":["Storm","Barrage"],"picked":"Streamline","floor":3},{"not_picked":["Stack","Compile Driver"],"picked":"Turbo","floor":4},{"not_picked":["Chill","Compile Driver"],"picked":"Conserve Battery","floor":5},{"not_picked":["Stack","Genetic Algorithm"],"picked":"Leap","floor":7},{"not_picked":["Doom and Gloom","Stack","Chill"],"picked":"SKIP","floor":8},{"not_picked":["Beam Cell","Leap"],"picked":"FTL","floor":10},{"not_picked":["Barrage","Cold Snap"],"picked":"Streamline","floor":13},{"not_picked":["Reinforced Body","Loop","Ball Lightning"],"picked":"SKIP","floor":14},{"not_picked":["Genetic Algorithm","Leap"],"picked":"Hologram","floor":17},{"not_picked":["Redo","Compile Driver","Stack"],"picked":"SKIP","floor":18},{"not_picked":["Darkness","Coolheaded"],"picked":"Leap+1","floor":19},{"not_picked":["Multi-Cast","Barrage"],"picked":"Go for the Eyes+1","floor":20}],"player_experience":95019,"relics_obtained":[{"floor":9,"key":"Sundial"}],"event_choices":[{"damage_healed":0,"gold_gain":0,"player_choice":"Entered Light","damage_taken":15,"max_hp_gain":0,"max_hp_loss":0,"event_name":"Shining Light","floor":12,"gold_loss":0,"cards_upgraded":["Turbo","Strike_B"]}],"is_beta":false,"boss_relics":[{"not_picked":["Inserter","Velvet Choker"],"picked":"Orrery"}],"items_purged_floors":[21],"is_endless":false,"potions_floor_spawned":[1,2,5,7,8,13],"killed_by":"Cultist and Chosen","ascension_level":0}