{"gold_per_floor":[109,109,109,38,56,56,56,81,81,99,99,117,117,140,140,266,266,286,299,299,318,12,47,47,62,87,100,100,50,71,89,89,89],"floor_reached":33,"playtime":1316,"items_purged":["Parasite","Strike_G"],"score":294,"play_id":"cef6f177-4d1c-4304-b39b-8386ff4bd912","local_time":"20190721105222","is_ascension_mode":false,"campfire_choices":[{"data":"Bouncing Flask","floor":6,"key":"SMITH"},{"floor":13,"key":"REST"},{"data":"Noxious Fumes","floor":15,"key":"SMITH"},{"floor":24,"key":"REST"},{"floor":32,"key":"REST"}],"neow_cost":"NONE","seed_source_timestamp":555884569457873,"circlet_count":0,"master_deck":["Strike_G","Strike_G","Strike_G","Defend_G","Defend_G","Defend_G","Defend_G","Defend_G","Survivor","Neutralize","Deadly Poison","Bouncing Flask+1","Crippling Poison","Escape Plan","Noxious Fumes+1","Backflip","Adrenaline","Backflip","Acrobatics","Necronomicurse","Noxious Fumes"],"relics":["Ring of the Snake","NeowsBlessing","Regal Pillow","Bag of Preparation","Gremlin Horn","Golden Idol","White Beast Statue","Smiling Mask","Lee\u0027s Waffle","Lantern","Potion Belt","Necronomicon"],"potions_floor_usage":[16,21,23,23,27,30,31,31,33,33],"damage_taken":[{"damage":0,"enemies":"Small Slimes","floor":1,"turns":1},{"damage":0,"enemies":"Jaw Worm","floor":5,"turns":1},{"damage":0,"enemies":"Lagavulin","floor":8,"turns":1},{"damage":0,"enemies":"Cultist","floor":10,"turns":3},{"damage":5,"enemies":"Large Slime","floor":12,"turns":6},{"damage":5,"enemies":"3 Louse","floor":14,"turns":3},{"damage":25,"enemies":"Hexaghost","floor":16,"turns":7},{"damage":9,"enemies":"Chosen","floor":18,"turns":5},{"damage":7,"enemies":"Shell Parasite","floor":19,"turns":4},{"damage":6,"enemies":"Snecko","floor":21,"turns":5},{"damage":57,"enemies":"Slavers","floor":23,"turns":5},{"damage":12,"enemies":"Snake Plant","floor":25,"turns":4},{"damage":10,"enemies":"3 Cultists","floor":27,"turns":5},{"damage":4,"enemies":"Centurion and Healer","floor":30,"turns":5},{"damage":8,"enemies":"Snecko","floor":31,"turns":4},{"damage":78,"enemies":"Champ","floor":33,"turns":9}],"seed_played":"-1425094856570699012","potions_obtained":[{"floor":8,"key":"Poison Potion"},{"floor":16,"key":"SpeedPotion"},{"floor":18,"key":"FearPotion"},{"floor":19,"key":"Strength Potion"},{"floor":21,"key":"Block Potion"},{"floor":23,"key":"Poison Potion"},{"floor":25,"key":"Block Potion"},{"floor":27,"key":"FearPotion"},{"floor":30,"key":"Regen Potion"},{"floor":31,"key":"FearPotion"}],"is_trial":false,"path_per_floor":["M","?","?","$","M","R","?","E","T","M","?","M","R","M","R","B",null,"M","M","?","M","$","E","R","M","T","M","?","$","M","M","R","B"],"character_chosen":"THE_SILENT","items_purchased":["Bouncing Flask","Lee\u0027s Waffle","Acrobatics"],"campfire_rested":3,"item_purchase_floors":[4,22,22],"current_hp_per_floor":[70,63,63,63,63,63,70,70,70,70,53,48,70,65,65,40,70,61,54,54,48,74,17,54,42,42,32,16,16,12,18,55,0],"gold":89,"neow_bonus":"THREE_ENEMY_KILL","is_prod":false,"is_daily":false,"chose_seed":false,"campfire_upgraded":2,"win_rate":0.0,"timestamp":1563720742,"path_taken":["M","?","?","$","?","R","?","E","T","M","?","M","R","M","R","BOSS","M","M","?","M","$","E","R","M","T","M","?","$","M","M","R","BOSS"],"build_version":"2019-07-17","purchased_purges":2,"victory":false,"max_hp_per_floor":[70,70,70,70,70,70,70,70,70,70,70,70,70,70,70,70,70,70,70,70,70,74,74,74,74,74,74,74,74,74,74,74,74],"card_choices":[{"not_picked":["Blade Dance","All Out Attack"],"picked":"Deadly Poison","floor":1},{"not_picked":["Finisher","Deadly Poison"],"picked":"Crippling Poison","floor":5},{"not_picked":["Caltrops","Reflex"],"picked":"Escape Plan","floor":8},{"not_picked":["Terror","Blade Dance","Outmaneuver"],"picked":"SKIP","floor":10},{"not_picked":["Outmaneuver","Poisoned Stab"],"picked":"Noxious Fumes","floor":12},{"not_picked":["Flying Knee","Infinite Blades"],"picked":"Backflip","floor":14},{"not_picked":["Doppelganger","Die Die Die"],"picked":"Adrenaline","floor":16},{"not_picked":["Slice+1","Choke","Outmaneuver"],"picked":"SKIP","floor":18},{"not_picked":["Cloak And Dagger","Bane"],"picked":"Backflip","floor":19},{"not_picked":["Deflect","Phantasmal Killer","Acrobatics"],"picked":"SKIP","floor":21},{"not_picked":["Flying Knee","Dodge and Roll","Cloak And Dagger"],"picked":"SKIP","floor":23},{"not_picked":["Slice+1","Dagger Spray","Flying Knee"],"picked":"SKIP","floor":25},{"not_picked":["Outmaneuver","Dagger Throw","Deflect"],"picked":"SKIP","floor":27},{"not_picked":["All Out Attack+1","Choke","Backstab+1"],"picked":"SKIP","floor":30},{"not_picked":["Backflip","Acrobatics"],"picked":"Noxious Fumes","floor":31}],"player_experience":63159,"relics_obtained":[{"floor":8,"key":"Bag of Preparation"},{"floor":9,"key":"Gremlin Horn"},{"floor":23,"key":"Lantern"},{"floor":26,"key":"Potion Belt"},{"floor":28,"key":"Necronomicon"}],"event_choices":[{"damage_healed":0,"gold_gain":0,"player_choice":"Success","damage_taken":7,"relics_obtained":["Regal Pillow"],"max_hp_gain":0,"max_hp_loss":0,"event_name":"Scrap Ooze","floor":2,"gold_loss":0},{"cards_removed":["Strike_G"],"damage_healed":0,"gold_gain":0,"player_choice":"Purged","damage_taken":0,"max_hp_gain":0,"max_hp_loss":0,"event_name":"Purifier","floor":3,"gold_loss":0},{"damage_healed":17,"gold_gain":0,"player_choice":"Healed and dodged fight","damage_taken":0,"max_hp_gain":0,"max_hp_loss":0,"event_name":"Mushrooms","floor":7,"gold_loss":0,"cards_obtained":["Parasite"]},{"damage_healed":0,"gold_gain":0,"player_choice":"Take Damage","damage_taken":17,"relics_obtained":["Golden Idol"],"max_hp_gain":0,"max_hp_loss":0,"event_name":"Golden Idol","floor":11,"gold_loss":0},{"damage_healed":0,"gold_gain":0,"player_choice":"Opened","damage_taken":0,"relics_obtained":["Smiling Mask"],"max_hp_gain":0,"max_hp_loss":0,"event_name":"The Mausoleum","floor":20,"gold_loss":0},{"damage_healed":0,"gold_gain":0,"player_choice":"Obtained Book","damage_taken":16,"max_hp_gain":0,"max_hp_loss":0,"event_name":"Cursed Tome","floor":28,"gold_loss":0}],"is_beta":false,"boss_relics":[{"not_picked":["Runic Pyramid","Ectoplasm"],"picked":"White Beast Statue"}],"items_purged_floors":[22,29],"is_endless":false,"potions_floor_spawned":[8,16,18,19,21,23,25,27,30,31],"killed_by":"Champ","ascension_level":0}