{"gold_per_floor":[217,236,236,254,267,294,310,310,310,310,280,309,309,319,319,415,415,434,454,454],"floor_reached":20,"playtime":1114,"items_purged":[],"score":186,"play_id":"a6c8a5c6-df54-4e42-ae80-ee13886233af","local_time":"20190715192245","is_ascension_mode":false,"campfire_choices":[{"floor":8,"key":"RECALL"},{"data":"Neutralize","floor":10,"key":"SMITH"},{"floor":13,"key":"REST"},{"data":"Poisoned Stab","floor":15,"key":"SMITH"}],"neow_cost":"NONE","seed_source_timestamp":14285829745049,"circlet_count":0,"master_deck":["Strike_G","Strike_G","Strike_G","Defend_G","Defend_G","Defend_G","Defend_G","Survivor","Neutralize+1","Bane","Slice","Underhanded Strike","Bane","Poisoned Stab+1","Backflip","Bane","Deadly Poison","Burst","Flying Knee+1","Poisoned Stab+1","Skewer+1","Flying Knee","Deflect"],"relics":["Ring of the Snake","Singing Bowl","Ancient Tea Set","Astrolabe"],"potions_floor_usage":[2,6,12,12,12,12,12,12,12,12,12,16],"damage_taken":[{"damage":0,"enemies":"2 Louse","floor":1,"turns":4},{"damage":2,"enemies":"Small Slimes","floor":2,"turns":3},{"damage":0,"enemies":"Cultist","floor":4,"turns":4},{"damage":6,"enemies":"Large Slime","floor":5,"turns":5},{"damage":60,"enemies":"Gremlin Nob","floor":6,"turns":6},{"damage":10,"enemies":"Looter","floor":7,"turns":3},{"damage":14,"enemies":"3 Sentries","floor":12,"turns":6},{"damage":2,"enemies":"Blue Slaver","floor":14,"turns":3},{"damage":16,"enemies":"Slime Boss","floor":16,"turns":7},{"damage":21,"enemies":"Spheric Guardian","floor":18,"turns":5},{"damage":6,"enemies":"Chosen","floor":19,"turns":3},{"damage":0,"enemies":"Masked Bandits","floor":20,"turns":1}],"seed_played":"133344837240537254","potions_obtained":[{"floor":1,"key":"AttackPotion"},{"floor":2,"key":"Regen Potion"},{"floor":7,"key":"Weak Potion"},{"floor":11,"key":"Regen Potion"},{"floor":11,"key":"EntropicBrew"},{"floor":14,"key":"FearPotion"},{"floor":19,"key":"Energy Potion"}],"is_trial":false,"path_per_floor":["M","M","?","M","M","E","M","R","T","R","?","E","R","M","R","B",null,"M","M","?"],"character_chosen":"THE_SILENT","items_purchased":[],"campfire_rested":1,"item_purchase_floors":[],"current_hp_per_floor":[70,68,73,73,67,21,11,11,11,11,11,12,34,32,32,16,75,54,48,48],"gold":454,"neow_bonus":"HUNDRED_GOLD","is_prod":false,"is_daily":false,"chose_seed":false,"campfire_upgraded":2,"win_rate":0,"timestamp":1563236565,"path_taken":["M","M","?","M","M","E","M","R","T","R","?","E","R","M","R","BOSS","M","?","?"],"build_version":"2019-07-05","purchased_purges":0,"victory":false,"max_hp_per_floor":[70,70,75,75,75,75,75,75,75,75,75,75,75,75,75,75,75,75,75,75],"card_choices":[{"not_picked":["All Out Attack","Accuracy"],"picked":"Bane","floor":1},{"not_picked":["Dagger Spray","Dagger Throw"],"picked":"Slice","floor":2},{"not_picked":["Endless Agony","Escape Plan"],"picked":"Underhanded Strike","floor":4},{"not_picked":["Backstab","Phantasmal Killer"],"picked":"Bane","floor":5},{"not_picked":["Terror","Dagger Throw"],"picked":"Poisoned Stab","floor":6},{"not_picked":["PiercingWail","Backstab"],"picked":"Backflip","floor":7},{"not_picked":["Setup","PiercingWail"],"picked":"Bane","floor":12},{"not_picked":["Blur","Bane"],"picked":"Deadly Poison","floor":14},{"not_picked":["Grand Finale","Phantasmal Killer"],"picked":"Burst","floor":16},{"not_picked":["Dagger Throw","Reflex"],"picked":"Flying Knee","floor":18},{"not_picked":["Choke","Quick Slash"],"picked":"Deflect","floor":19}],"player_experience":165118,"relics_obtained":[{"floor":6,"key":"Singing Bowl"},{"floor":12,"key":"Ancient Tea Set"}],"event_choices":[{"damage_healed":0,"gold_gain":0,"player_choice":"Donut","damage_taken":0,"max_hp_gain":5,"max_hp_loss":0,"event_name":"Big Fish","floor":3,"gold_loss":0},{"damage_healed":0,"gold_gain":0,"player_choice":"Bought 2 Potions","damage_taken":0,"max_hp_gain":0,"max_hp_loss":0,"event_name":"The Woman in Blue","floor":11,"gold_loss":0},{"damage_healed":0,"gold_gain":0,"player_choice":"Fought Bandits","damage_taken":0,"max_hp_gain":0,"max_hp_loss":0,"event_name":"Masked Bandits","floor":20,"gold_loss":0}],"is_beta":false,"boss_relics":[{"not_picked":["Orrery","Ectoplasm"],"picked":"Astrolabe"}],"items_purged_floors":[],"is_endless":false,"potions_floor_spawned":[1,2,7,14,19],"killed_by":"Masked Bandits","ascension_level":0}