{"gold_per_floor":[119,137,15,15,15,42,42,60,60,34,34,51,68,87,87,183,183,195,195,58,74,74,74,93,103,103,120,45,45,80,99,99,99],"floor_reached":33,"playtime":2497,"items_purged":["Strike_B"],"score":269,"play_id":"a373dc05-812f-4e0b-ada3-0c73bd8e6a64","local_time":"20190712045303","is_ascension_mode":false,"campfire_choices":[{"data":"Loop","floor":11,"key":"SMITH"},{"floor":15,"key":"REST"},{"data":"Zap","floor":29,"key":"SMITH"},{"floor":32,"key":"REST"}],"neow_cost":"NONE","seed_source_timestamp":41097983349936,"circlet_count":0,"master_deck":["Strike_B","Strike_B","Defend_B","Defend_B","Zap+1","Dualcast","Streamline","Sweeping Beam","Beam Cell","Parasite","Zap+1","Ball Lightning","Loop+1","Ball Lightning","Barrage","FTL","Cold Snap","Seek","Buffer+1","Stack+1","Beam Cell","Glacier","Cold Snap","Finesse","Gash+1","Conserve Battery","Go for the Eyes+1","Glacier","Gash","Steam+1"],"relics":["Cracked Core","Dead Branch","StoneCalendar","Pantograph","Astrolabe","Question Card","Ginger"],"potions_floor_usage":[16,25,30],"damage_taken":[{"damage":5,"enemies":"Cultist","floor":1,"turns":4},{"damage":1,"enemies":"Jaw Worm","floor":2,"turns":4},{"damage":21,"enemies":"Lagavulin","floor":6,"turns":5},{"damage":12,"enemies":"Small Slimes","floor":8,"turns":3},{"damage":8,"enemies":"Red Slaver","floor":12,"turns":2},{"damage":4,"enemies":"Blue Slaver","floor":13,"turns":3},{"damage":0,"enemies":"Exordium Thugs","floor":14,"turns":2},{"damage":36,"enemies":"Hexaghost","floor":16,"turns":7},{"damage":10,"enemies":"Chosen","floor":18,"turns":3},{"damage":10,"enemies":"Shell Parasite","floor":21,"turns":7},{"damage":10,"enemies":"Sentry and Sphere","floor":24,"turns":6},{"damage":31,"enemies":"3 Cultists","floor":25,"turns":6},{"damage":14,"enemies":"Centurion and Healer","floor":27,"turns":6},{"damage":7,"enemies":"Book of Stabbing","floor":30,"turns":7},{"damage":0,"enemies":"Snecko","floor":31,"turns":6},{"damage":68,"enemies":"Collector","floor":33,"turns":10}],"seed_played":"4092793512055535327","potions_obtained":[{"floor":1,"key":"SteroidPotion"},{"floor":8,"key":"Poison Potion"},{"floor":12,"key":"AttackPotion"},{"floor":16,"key":"Swift Potion"},{"floor":18,"key":"Weak Potion"},{"floor":30,"key":"Energy Potion"}],"is_trial":false,"path_per_floor":["M","M","$","?","?","E","?","M","T","$","R","M","M","M","R","B",null,"M","?","$","M","?","?","M","M","T","M","?","R","E","M","R","B"],"character_chosen":"DEFECT","items_purchased":["Sweeping Beam","Ball Lightning","Cold Snap","Finesse"],"campfire_rested":2,"item_purchase_floors":[3,10,20,20],"current_hp_per_floor":[70,69,69,66,66,45,45,33,33,33,33,25,21,21,43,32,75,65,65,65,55,55,85,75,44,44,30,30,30,23,23,48,5],"gold":99,"neow_bonus":"RANDOM_COLORLESS","is_prod":false,"is_daily":false,"chose_seed":false,"campfire_upgraded":2,"win_rate":0.0,"timestamp":1562925183,"path_taken":["M","M","$","?","?","E","?","M","T","$","R","M","M","M","R","BOSS","M","?","$","M","?","?","M","?","T","M","?","R","E","M","R","BOSS"],"build_version":"2019-07-05","purchased_purges":1,"victory":false,"max_hp_per_floor":[75,75,75,75,75,75,75,75,75,75,75,75,75,75,75,75,75,75,75,75,75,75,85,85,85,85,85,85,85,85,85,85,85],"card_choices":[{"not_picked":["Turbo","Doom and Gloom","Compile Driver"],"picked":"SKIP","floor":1},{"not_picked":["Steam Power","Double Energy"],"picked":"Streamline","floor":2},{"not_picked":["Hologram","Consume"],"picked":"Beam Cell","floor":6},{"not_picked":["Rebound","Sweeping Beam"],"picked":"Loop","floor":8},{"not_picked":["Leap","Rebound"],"picked":"Barrage","floor":12},{"not_picked":["Compile Driver","Doom and Gloom"],"picked":"FTL","floor":13},{"not_picked":["Steam","Compile Driver"],"picked":"Cold Snap","floor":14},{"not_picked":["Biased Cognition","All For One"],"picked":"Seek","floor":16},{"not_picked":["Stack","Doom and Gloom"],"picked":"Beam Cell","floor":18},{"not_picked":["White Noise+1","Redo+1"],"picked":"Gash+1","floor":21},{"not_picked":["Coolheaded","Static Discharge+1"],"picked":"Conserve Battery","floor":24},{"not_picked":["Self Repair","Conserve Battery+1"],"picked":"Go for the Eyes+1","floor":25},{"not_picked":["Consume","Cold Snap","Blizzard"],"picked":"Glacier","floor":27},{"not_picked":["Thunder Strike","Sweeping Beam","Blizzard"],"picked":"Gash","floor":30},{"not_picked":["Reinforced Body","Chill","Skim"],"picked":"Steam+1","floor":31}],"player_experience":127209,"relics_obtained":[{"floor":6,"key":"StoneCalendar"},{"floor":9,"key":"Pantograph"},{"floor":26,"key":"Question Card"},{"floor":30,"key":"Ginger"}],"event_choices":[{"damage_healed":0,"gold_gain":0,"player_choice":"Success","damage_taken":3,"relics_obtained":["Dead Branch"],"max_hp_gain":0,"max_hp_loss":0,"event_name":"Scrap Ooze","floor":4,"gold_loss":0},{"damage_healed":0,"gold_gain":0,"player_choice":"Grow","damage_taken":0,"max_hp_gain":0,"max_hp_loss":0,"event_name":"Living Wall","floor":5,"gold_loss":0,"cards_upgraded":["Zap"]},{"damage_healed":0,"gold_gain":0,"player_choice":"3 cards matched","damage_taken":0,"max_hp_gain":0,"max_hp_loss":0,"event_name":"Match and Keep!","floor":7,"gold_loss":0,"cards_obtained":["Parasite","Zap","Ball Lightning"]},{"damage_healed":0,"gold_gain":0,"player_choice":"Read","damage_taken":0,"max_hp_gain":0,"max_hp_loss":0,"event_name":"The Library","floor":19,"gold_loss":0,"cards_obtained":["Glacier"]},{"damage_healed":0,"gold_gain":0,"player_choice":"Ignored","damage_taken":0,"max_hp_gain":0,"max_hp_loss":0,"event_name":"The Mausoleum","floor":22,"gold_loss":0},{"cards_removed":["Magnetism"],"damage_healed":20,"gold_gain":0,"player_choice":"Offered Rare","damage_taken":0,"max_hp_gain":10,"max_hp_loss":0,"event_name":"Bonfire Elementals","floor":23,"gold_loss":0},{"cards_removed":["Defend_B"],"damage_healed":0,"gold_gain":0,"player_choice":"Gave Gold","damage_taken":0,"max_hp_gain":0,"max_hp_loss":0,"event_name":"Beggar","floor":28,"gold_loss":75}],"is_beta":false,"boss_relics":[{"not_picked":["Busted Crown","Lizard Tail"],"picked":"Astrolabe"}],"items_purged_floors":[3],"is_endless":false,"potions_floor_spawned":[1,8,12,16,18,24,30],"killed_by":"Collector","ascension_level":0}