{"gold_per_floor":[119,44,44,44,44,44,44,54,79,25,35,65,65,79,79,181,181,192,38,38,35,45,45],"floor_reached":23,"playtime":1316,"items_purged":["Strike_G","Defend_G"],"score":189,"play_id":"2ef9355f-eefa-4f74-848b-4c0f1fdd0771","local_time":"20190710172940","is_ascension_mode":false,"campfire_choices":[{"data":"Caltrops","floor":7,"key":"SMITH"},{"data":"Neutralize","floor":13,"key":"SMITH"},{"data":"Quick Slash","floor":15,"key":"SMITH"}],"neow_cost":"NONE","seed_source_timestamp":6939883963906,"circlet_count":0,"master_deck":["Strike_G","Strike_G","Strike_G","Strike_G","Defend_G+1","Defend_G","Defend_G","Defend_G+1","Survivor","Neutralize+1","Caltrops+1","Slice","Quick Slash+1","Flying Knee","Slice","Sucker Punch","Deflect","Backflip","Quick Slash","Infinite Blades+1"],"relics":["Ring of the Snake","Blood Vial","Dream Catcher","Regal Pillow","War Paint","Omamori","Black Star"],"potions_floor_usage":[12,16,22,23,23],"damage_taken":[{"damage":3,"enemies":"Jaw Worm","floor":1,"turns":3},{"damage":2,"enemies":"Small Slimes","floor":8,"turns":3},{"damage":0,"enemies":"2 Louse","floor":11,"turns":2},{"damage":12,"enemies":"Lagavulin","floor":12,"turns":7},{"damage":0,"enemies":"Large Slime","floor":14,"turns":5},{"damage":40,"enemies":"Slime Boss","floor":16,"turns":12},{"damage":4,"enemies":"3 Byrds","floor":18,"turns":6},{"damage":13,"enemies":"2 Thieves","floor":21,"turns":4},{"damage":3,"enemies":"Chosen and Byrds","floor":22,"turns":5},{"damage":37,"enemies":"Gremlin Leader","floor":23,"turns":4}],"seed_played":"7857141657672031203","potions_obtained":[{"floor":8,"key":"Dexterity Potion"},{"floor":11,"key":"GamblersBrew"},{"floor":14,"key":"AttackPotion"},{"floor":16,"key":"AttackPotion"},{"floor":21,"key":"Poison Potion"}],"is_trial":false,"path_per_floor":["M","$","?","?","?","T","R","M","T","$","M","E","R","M","R","B",null,"M","$","?","M","M","E"],"character_chosen":"THE_SILENT","items_purchased":["Quick Slash","Deflect"],"campfire_rested":0,"item_purchase_floors":[10,19],"current_hp_per_floor":[67,67,72,69,69,69,69,69,69,69,71,61,61,63,63,25,75,71,71,71,60,59,24],"gold":45,"neow_bonus":"RANDOM_COMMON_RELIC","is_prod":false,"is_daily":false,"chose_seed":false,"campfire_upgraded":3,"win_rate":0.0,"timestamp":1562797780,"path_taken":["M","$","?","?","?","?","R","M","T","$","M","E","R","M","R","BOSS","M","$","?","M","M","E"],"build_version":"2019-07-05","purchased_purges":2,"victory":false,"max_hp_per_floor":[70,70,75,75,75,75,75,75,75,75,75,75,75,75,75,75,75,75,75,75,75,75,75],"card_choices":[{"not_picked":["Acrobatics","Dagger Throw"],"picked":"Caltrops","floor":1},{"not_picked":["Heel Hook","Poisoned Stab"],"picked":"Slice","floor":8},{"not_picked":["All Out Attack","Well Laid Plans"],"picked":"Flying Knee","floor":11},{"not_picked":["Masterful Stab","Noxious Fumes","Riddle With Holes"],"picked":"SKIP","floor":12},{"not_picked":["Dodge and Roll","Dagger Throw"],"picked":"Slice","floor":14},{"not_picked":["Choke","Tactician"],"picked":"Sucker Punch","floor":18},{"not_picked":["Eviscerate","Acrobatics"],"picked":"Quick Slash","floor":21},{"not_picked":["Distraction","Dagger Spray"],"picked":"Infinite Blades+1","floor":22}],"player_experience":81169,"relics_obtained":[{"floor":6,"key":"Regal Pillow"},{"floor":9,"key":"War Paint"},{"floor":12,"key":"Omamori"}],"event_choices":[{"damage_healed":0,"gold_gain":0,"player_choice":"Donut","damage_taken":0,"max_hp_gain":5,"max_hp_loss":0,"event_name":"Big Fish","floor":3,"gold_loss":0},{"damage_healed":0,"gold_gain":0,"player_choice":"Success","damage_taken":3,"relics_obtained":["Dream Catcher"],"max_hp_gain":0,"max_hp_loss":0,"event_name":"Scrap Ooze","floor":4,"gold_loss":0},{"damage_healed":0,"gold_gain":0,"player_choice":"Leave","damage_taken":0,"max_hp_gain":0,"max_hp_loss":0,"event_name":"The Cleric","floor":5,"gold_loss":0},{"damage_healed":0,"gold_gain":0,"player_choice":"Read","damage_taken":0,"max_hp_gain":0,"max_hp_loss":0,"event_name":"The Library","floor":20,"gold_loss":0,"cards_obtained":["Backflip"]}],"is_beta":false,"boss_relics":[{"not_picked":["Sozu","Ectoplasm"],"picked":"Black Star"}],"items_purged_floors":[2,19],"is_endless":false,"potions_floor_spawned":[8,11,14,16,21],"killed_by":"Gremlin Leader","ascension_level":0}