{"gold_per_floor":[115,115,127,8,18,18,38,57,57,117,129,129,140,140,140,240,240,254,7,18,29,29,29,0,20,99,99],"floor_reached":27,"playtime":1861,"items_purged":["Strike_R"],"score":207,"play_id":"7c0fca44-60b5-41e9-94b1-cf024f5207a6","local_time":"20190717181450","is_ascension_mode":false,"campfire_choices":[{"data":"Demon Form","floor":6,"key":"SMITH"},{"floor":12,"key":"REST"},{"data":"Whirlwind","floor":15,"key":"SMITH"},{"floor":23,"key":"REST"}],"neow_cost":"NONE","seed_source_timestamp":236285049751730,"circlet_count":0,"master_deck":["Strike_R","Strike_R","Defend_R","Defend_R","Defend_R","Defend_R","Bash","Demon Form+1","Dropkick","Warcry","Whirlwind+1","Twin Strike","Iron Wave","Demon Form+1","Heavy Blade","Demon Form","Headbutt+1","Master of Strategy","Iron Wave","Headbutt"],"relics":["Burning Blood","Kunai","Question Card","Lizard Tail","Dodecahedron"],"potions_floor_usage":[20,21,27],"damage_taken":[{"damage":6,"enemies":"2 Louse","floor":1,"turns":4},{"damage":0,"enemies":"Cultist","floor":3,"turns":4},{"damage":11,"enemies":"Jaw Worm","floor":5,"turns":3},{"damage":0,"enemies":"Large Slime","floor":7,"turns":4},{"damage":0,"enemies":"Lots of Slimes","floor":8,"turns":1},{"damage":42,"enemies":"Lagavulin Event","floor":10,"turns":6},{"damage":10,"enemies":"Exordium Wildlife","floor":11,"turns":4},{"damage":5,"enemies":"3 Louse","floor":13,"turns":2},{"damage":35,"enemies":"Slime Boss","floor":16,"turns":7},{"damage":46,"enemies":"Spheric Guardian","floor":18,"turns":6},{"damage":43,"enemies":"Shell Parasite","floor":20,"turns":6},{"damage":34,"enemies":"Chosen and Byrds","floor":21,"turns":8},{"damage":47,"enemies":"Shelled Parasite and Fungi","floor":25,"turns":6},{"damage":19,"enemies":"Centurion and Healer","floor":27,"turns":7}],"seed_played":"-4593025857687143443","potions_obtained":[{"floor":1,"key":"Poison Potion"},{"floor":8,"key":"Regen Potion"}],"is_trial":false,"path_per_floor":["M","?","M","$","M","R","M","M","T","?","M","R","M","?","R","B",null,"M","$","M","M","?","R","?","M","T","M"],"character_chosen":"IRONCLAD","items_purchased":["Whirlwind","PowerPotion","Master of Strategy"],"campfire_rested":2,"item_purchase_floors":[4,4,19],"current_hp_per_floor":[80,80,80,80,75,75,80,80,80,44,40,64,65,65,65,36,80,40,40,18,31,31,55,55,14,14,0],"gold":99,"neow_bonus":"ONE_RANDOM_RARE_CARD","is_prod":false,"is_daily":false,"chose_seed":false,"campfire_upgraded":2,"win_rate":0.0,"timestamp":1563401690,"path_taken":["M","?","M","$","M","R","?","?","T","?","M","R","M","?","R","BOSS","M","?","M","M","?","R","?","M","T","M"],"build_version":"2019-07-05","purchased_purges":1,"victory":false,"max_hp_per_floor":[80,80,80,80,80,80,80,80,80,80,80,80,80,80,80,80,80,80,80,80,80,80,80,80,80,80,80],"card_choices":[{"not_picked":["Ghostly Armor","Headbutt"],"picked":"Dropkick","floor":1},{"not_picked":["Disarm","True Grit"],"picked":"Warcry","floor":3},{"not_picked":["Combust","True Grit"],"picked":"Twin Strike","floor":5},{"not_picked":["Hemokinesis","Cleave","Flex"],"picked":"SKIP","floor":7},{"not_picked":["Clothesline","Shockwave"],"picked":"Iron Wave","floor":8},{"not_picked":["Thunderclap","Twin Strike"],"picked":"Demon Form","floor":10},{"not_picked":["Rage","Fire Breathing","Clash","Sever Soul"],"picked":"SKIP","floor":11},{"not_picked":["Thunderclap","True Grit","Clothesline"],"picked":"Heavy Blade","floor":13},{"not_picked":["Berserk","Juggernaut","Impervious"],"picked":"Demon Form","floor":16},{"not_picked":["Rupture+1","Searing Blow","Infernal Blade"],"picked":"Headbutt+1","floor":18},{"not_picked":["Whirlwind","Armaments","Cleave"],"picked":"Iron Wave","floor":20},{"not_picked":["Combust","Body Slam","Anger+1"],"picked":"Headbutt","floor":21},{"not_picked":["Dual Wield","Sword Boomerang+1","Thunderclap","Rupture+1"],"picked":"SKIP","floor":25}],"player_experience":3966,"relics_obtained":[{"floor":9,"key":"Kunai"},{"floor":10,"key":"Question Card"},{"floor":26,"key":"Dodecahedron"}],"event_choices":[{"cards_removed":["Strike_R"],"damage_healed":0,"gold_gain":0,"player_choice":"Purged","damage_taken":0,"max_hp_gain":0,"max_hp_loss":0,"event_name":"Purifier","floor":2,"gold_loss":0},{"damage_healed":0,"gold_gain":0,"player_choice":"Searched \u00271\u0027 times","damage_taken":0,"max_hp_gain":0,"max_hp_loss":0,"event_name":"Dead Adventurer","floor":10,"gold_loss":0},{"damage_healed":0,"gold_gain":0,"player_choice":"Forge","damage_taken":0,"max_hp_gain":0,"max_hp_loss":0,"event_name":"Accursed Blacksmith","floor":14,"gold_loss":0,"cards_upgraded":["Demon Form"]},{"cards_removed":["Strike_R"],"damage_healed":0,"gold_gain":0,"player_choice":"Elegance","damage_taken":0,"max_hp_gain":0,"max_hp_loss":0,"event_name":"Back to Basics","floor":22,"gold_loss":0},{"damage_healed":0,"gold_gain":0,"player_choice":"Paid Fearfully","damage_taken":0,"max_hp_gain":0,"max_hp_loss":0,"event_name":"Masked Bandits","floor":24,"gold_loss":29}],"is_beta":false,"boss_relics":[{"not_picked":["White Beast Statue","Fusion Hammer"],"picked":"Lizard Tail"}],"items_purged_floors":[19],"is_endless":false,"potions_floor_spawned":[1,8,10,13,16,18],"killed_by":"Centurion and Healer","ascension_level":0}