{"gold_per_floor":[113,11,11,25,49,49,87,87,87,130,130,95,20,33,33,161,161,186,186,186,207,225,225],"floor_reached":23,"playtime":824,"items_purged":["Injury"],"score":299,"play_id":"ad690d95-3640-4b01-b1e0-98e25b831e23","local_time":"20181107011140","is_ascension_mode":true,"campfire_choices":[{"data":"Beam Cell","floor":6.0,"key":"SMITH"},{"floor":8.0,"key":"REST"},{"floor":15.0,"key":"REST"}],"neow_cost":"TEN_PERCENT_HP_LOSS","seed_source_timestamp":2948215249466222,"circlet_count":0,"master_deck":["AscendersBane","Strike_B","Strike_B","Defend_B","Defend_B","Defend_B","Defend_B","Zap+1","Dualcast","Rebound","Conserve Battery","Beam Cell+1","Gash","Rebound","Ball Lightning","All For One","Gash","Seek","Steam Power","Self Repair+1"],"special_seed":0,"relics":["Cracked Core","Unceasing Top","Golden Idol","Dodecahedron","Omamori","Juzu Bracelet","Busted Crown"],"potions_floor_usage":[23],"damage_taken":[{"damage":0.0,"enemies":"Cultist","floor":1.0,"turns":3.0},{"damage":1.0,"enemies":"2 Louse","floor":4.0,"turns":3.0},{"damage":16.0,"enemies":"Jaw Worm","floor":5.0,"turns":4.0},{"damage":22.0,"enemies":"Gremlin Nob","floor":7.0,"turns":4.0},{"damage":35.0,"enemies":"3 Sentries","floor":10.0,"turns":7.0},{"damage":6.0,"enemies":"Exordium Wildlife","floor":14.0,"turns":2.0},{"damage":32.0,"enemies":"Hexaghost","floor":16.0,"turns":7.0},{"damage":7.0,"enemies":"Shell Parasite","floor":18.0,"turns":3.0},{"damage":0.0,"enemies":"Spheric Guardian","floor":21.0,"turns":2.0},{"damage":34.0,"enemies":"Shelled Parasite and Fungi","floor":22.0,"turns":5.0},{"damage":33,"enemies":"Book of Stabbing","floor":23,"turns":3}],"seed_played":"6221520947127857112","potions_obtained":[{"floor":4.0,"key":"EssenceOfSteel"},{"floor":10.0,"key":"Block Potion"},{"floor":14.0,"key":"Dexterity Potion"}],"is_trial":false,"path_per_floor":["M","$","?","M","M","R","E","R","T","E","?","?","$","M","R","B",null,"M","?","?","M","M","E"],"character_chosen":"DEFECT","items_purchased":["Conserve Battery","Beam Cell"],"campfire_rested":2,"item_purchase_floors":[2,2],"current_hp_per_floor":[68,68,68,67,51,51,29,49,49,14,14,31,31,25,45,13,54,47,47,47,47,23,0],"gold":225,"neow_bonus":"ONE_RARE_RELIC","is_prod":false,"is_daily":false,"chose_seed":false,"campfire_upgraded":1,"win_rate":0,"timestamp":1541578300,"path_taken":["M","$","?","M","M","R","E","R","T","E","?","?","$","M","R","BOSS","M","?","?","M","M","E"],"build_version":"2018-11-01","purchased_purges":1,"victory":false,"max_hp_per_floor":[68,68,68,68,68,68,68,68,68,68,68,68,68,68,68,68,68,68,68,68,68,68,68],"card_choices":[{"not_picked":["Barrage","Lockon"],"picked":"Rebound","floor":1.0},{"not_picked":["Genetic Algorithm","Compile Driver"],"picked":"Gash","floor":4.0},{"not_picked":["Sweeping Beam","Lockon"],"picked":"Rebound","floor":5.0},{"not_picked":["Loop","Darkness"],"picked":"Ball Lightning","floor":7.0},{"not_picked":["Rainbow","Conserve Battery"],"picked":"All For One","floor":10.0},{"not_picked":["Force Field","Conserve Battery"],"picked":"Gash","floor":14.0},{"not_picked":["Biased Cognition","Thunder Strike"],"picked":"Seek","floor":16.0},{"not_picked":[],"picked":"Steam Power","floor":18.0},{"not_picked":[],"picked":"Self Repair+1","floor":21.0},{"not_picked":["Streamline"],"picked":"SKIP","floor":22.0}],"player_experience":555334,"relics_obtained":[{"floor":7.0,"key":"Dodecahedron"},{"floor":9.0,"key":"Omamori"},{"floor":10.0,"key":"Juzu Bracelet"}],"event_choices":[{"damage_healed":0.0,"max_hp_gain":0.0,"max_hp_loss":0.0,"gold_gain":0.0,"event_name":"Golden Idol","player_choice":"Take Wound","floor":3.0,"gold_loss":0.0,"damage_taken":0.0,"relics_obtained":["Golden Idol"],"cards_obtained":["Injury"]},{"damage_healed":0.0,"max_hp_gain":0.0,"max_hp_loss":0.0,"gold_gain":0.0,"event_name":"Accursed Blacksmith","player_choice":"Forge","floor":11.0,"gold_loss":0.0,"damage_taken":0.0,"cards_upgraded":["Zap"]},{"damage_healed":17.0,"max_hp_gain":0.0,"max_hp_loss":0.0,"gold_gain":0.0,"event_name":"The Cleric","player_choice":"Healed","floor":12.0,"gold_loss":35.0,"damage_taken":0.0},{"cards_removed":["Strike_B"],"damage_healed":0.0,"max_hp_gain":0.0,"max_hp_loss":0.0,"gold_gain":0.0,"event_name":"Purifier","player_choice":"Purged","floor":19.0,"gold_loss":0.0,"damage_taken":0.0},{"cards_removed":["Strike_B"],"damage_healed":0.0,"max_hp_gain":0.0,"max_hp_loss":0.0,"gold_gain":0.0,"event_name":"Bonfire Elementals","player_choice":"Offered Basic","floor":20.0,"gold_loss":0.0,"damage_taken":0.0}],"is_beta":false,"boss_relics":[{"not_picked":["Inserter","Eternal Feather"],"picked":"Busted Crown"}],"items_purged_floors":[13],"is_endless":false,"potions_floor_spawned":[4,10,14],"killed_by":"Book of Stabbing","ascension_level":10}