{"gold_per_floor":[110,126,126,144,0,29,29,60,60,60,77,77,97,172,172,268,268,280,15,15,32,45,75,75,103,126,51,68,68,19,37,37,37],"floor_reached":33,"playtime":1371,"items_purged":[],"score":453,"play_id":"badc2f16-5ec2-4236-8081-c8cdc360dbf4","local_time":"20181108121757","is_ascension_mode":true,"campfire_choices":[{"data":"Whirlwind","floor":7.0,"key":"SMITH"},{"data":"Seeing Red","floor":10.0,"key":"SMITH"},{"data":"Twin Strike","floor":12.0,"key":"SMITH"},{"data":"Headbutt","floor":15.0,"key":"SMITH"},{"data":"Limit Break","floor":24,"key":"SMITH"},{"data":"Heavy Blade","floor":32,"key":"SMITH"}],"neow_cost":"NONE","seed_source_timestamp":3073971209960274,"circlet_count":0,"master_deck":["Defend_R","Defend_R","Defend_R","Bash+1","Headbutt+1","Shrug It Off+1","Whirlwind+1","Feed","Seeing Red+1","Twin Strike+1","Thunderclap","Limit Break+1","Flame Barrier+1","Shrug It Off","Whirlwind","Bite","Bite","Bite","Bite","Bite","Thunderclap","Flex","Dropkick","True Grit","Panacea","Heavy Blade+1"],"special_seed":0,"relics":["Burning Blood","Lantern","Self Forming Clay","Red Skull","Frozen Egg 2","Coffee Dripper","Membership Card","Dream Catcher","Omamori","Orichalcum"],"potions_floor_usage":[16,22,25,25,31,33],"damage_taken":[{"damage":7.0,"enemies":"Jaw Worm","floor":1.0,"turns":3.0},{"damage":0.0,"enemies":"Small Slimes","floor":2.0,"turns":3.0},{"damage":8.0,"enemies":"2 Louse","floor":4.0,"turns":3.0},{"damage":32.0,"enemies":"Gremlin Nob","floor":6.0,"turns":4.0},{"damage":11.0,"enemies":"3 Sentries","floor":8.0,"turns":6.0},{"damage":2.0,"enemies":"2 Fungi Beasts","floor":11.0,"turns":4.0},{"damage":8.0,"enemies":"Blue Slaver","floor":13.0,"turns":3.0},{"damage":25,"enemies":"The Guardian","floor":16,"turns":13},{"damage":12,"enemies":"Chosen","floor":18,"turns":4},{"damage":10,"enemies":"2 Thieves","floor":21,"turns":5},{"damage":16,"enemies":"Cultist and Chosen","floor":22,"turns":6},{"damage":39,"enemies":"Slavers","floor":23,"turns":4},{"damage":23,"enemies":"Book of Stabbing","floor":25,"turns":5},{"damage":26,"enemies":"Shelled Parasite and Fungi","floor":28,"turns":4},{"damage":12,"enemies":"Snake Plant","floor":31,"turns":2},{"damage":21,"enemies":"Champ","floor":33,"turns":3}],"seed_played":"-7192900582566204842","potions_obtained":[{"floor":6.0,"key":"Ancient Potion"},{"floor":8.0,"key":"FearPotion"},{"floor":11.0,"key":"Dexterity Potion"},{"floor":18,"key":"SpeedPotion"},{"floor":23,"key":"Fire Potion"},{"floor":25,"key":"Explosive Potion"},{"floor":28,"key":"Block Potion"}],"is_trial":false,"path_per_floor":["M","M","?","M","$","E","R","E","T","R","M","R","M","?","R","B",null,"M","$","?","M","M","E","R","E","T","?","M","?","$","M","R","B"],"character_chosen":"IRONCLAD","items_purchased":["Lantern","Membership Card","Shrug It Off","Whirlwind","Panacea"],"campfire_rested":0,"item_purchase_floors":[5,19,19,19,30],"current_hp_per_floor":[71,77,77,75,75,49,49,47,47,47,51,51,49,38,38,22,70,64,64,60,60,59,35,35,26,26,26,15,15,15,15,15,0],"gold":37,"neow_bonus":"UPGRADE_CARD","is_prod":false,"is_daily":false,"chose_seed":false,"campfire_upgraded":6,"win_rate":0,"timestamp":1541704677,"path_taken":["M","M","?","M","$","E","R","E","T","R","M","R","M","?","R","BOSS","M","$","?","M","M","E","R","E","T","?","M","?","?","?","R","BOSS"],"build_version":"2018-11-01","purchased_purges":0,"victory":false,"max_hp_per_floor":[80,80,80,80,80,80,80,83,83,83,83,83,83,83,83,86,86,86,86,60,60,63,66,66,66,66,66,69,69,69,69,69,69],"card_choices":[{"not_picked":["True Grit","Warcry"],"picked":"Headbutt","floor":1.0},{"not_picked":["Burning Pact","Second Wind"],"picked":"Shrug It Off","floor":2.0},{"not_picked":["Burning Pact","Rampage"],"picked":"Whirlwind","floor":4.0},{"not_picked":["Impervious","Intimidate"],"picked":"Feed","floor":6.0},{"not_picked":["Intimidate","Body Slam"],"picked":"Seeing Red","floor":8.0},{"not_picked":["Carnage","Perfected Strike"],"picked":"Twin Strike","floor":11.0},{"not_picked":["Warcry","Heavy Blade"],"picked":"Thunderclap","floor":13.0},{"not_picked":["Feed","Offering"],"picked":"Limit Break","floor":16},{"not_picked":["Entrench","Sentinel"],"picked":"Flame Barrier+1","floor":18},{"not_picked":["Evolve+1","Havoc"],"picked":"Thunderclap","floor":21},{"not_picked":["Rage+1","Flame Barrier"],"picked":"Flex","floor":22},{"not_picked":["Anger","Headbutt"],"picked":"Dropkick","floor":23},{"not_picked":["Bloodletting","Warcry"],"picked":"True Grit","floor":25},{"not_picked":["Pommel Strike","Second Wind","Whirlwind"],"picked":"SKIP","floor":28},{"not_picked":["Dual Wield","Hemokinesis"],"picked":"Heavy Blade","floor":31}],"player_experience":564033,"relics_obtained":[{"floor":6.0,"key":"Self Forming Clay"},{"floor":8.0,"key":"Red Skull"},{"floor":9.0,"key":"Frozen Egg 2"},{"floor":23,"key":"Dream Catcher"},{"floor":25,"key":"Omamori"},{"floor":26,"key":"Orichalcum"}],"event_choices":[{"damage_healed":0.0,"max_hp_gain":0.0,"max_hp_loss":0.0,"gold_gain":0.0,"event_name":"Living Wall","player_choice":"Grow","floor":3.0,"gold_loss":0.0,"damage_taken":0.0,"cards_upgraded":["Shrug It Off"]},{"damage_healed":0.0,"max_hp_gain":0.0,"max_hp_loss":0.0,"gold_gain":75.0,"event_name":"World of Goop","player_choice":"Gather Gold","floor":14.0,"gold_loss":0.0,"damage_taken":11.0},{"damage_healed":0,"gold_gain":0,"player_choice":"Became a vampire","damage_taken":0,"max_hp_gain":0,"max_hp_loss":26,"event_name":"Vampires","floor":20,"gold_loss":0,"cards_obtained":["Bite","Bite","Bite","Bite","Bite"]},{"cards_removed":["Defend_R"],"damage_healed":0,"gold_gain":0,"player_choice":"Gave Gold","damage_taken":0,"max_hp_gain":0,"max_hp_loss":0,"event_name":"Beggar","floor":27,"gold_loss":75},{"damage_healed":0,"gold_gain":0,"player_choice":"Smashed Altar","damage_taken":0,"max_hp_gain":0,"max_hp_loss":0,"event_name":"Forgotten Altar","floor":29,"gold_loss":0,"cards_obtained":["Decay"]}],"is_beta":false,"boss_relics":[{"not_picked":["Busted Crown","Tiny House"],"picked":"Coffee Dripper"}],"items_purged_floors":[],"is_endless":false,"potions_floor_spawned":[6,8,11,18,23,25,28],"killed_by":"Champ","ascension_level":9}