{"gold_per_floor":[114,114,129,140,158,158,158,191,217,233,252,269,344,354,354,457,457,476,128,163,71,71,99,110,110,135,168,168,168,181,194,194,292,292,310,310,532,542,118,118,149,149,172,172,186,186,206,56,56,56],"floor_reached":50,"playtime":1934,"items_purged":["Strike_R+1"],"score":742,"play_id":"79776d60-95e8-451f-b074-b1787891c159","local_time":"20181106144500","is_ascension_mode":true,"campfire_choices":[{"data":"Armaments","floor":6.0,"key":"SMITH"},{"floor":15.0,"key":"REST"},{"floor":25.0,"key":"REST"},{"floor":29.0,"key":"REST"},{"floor":32.0,"key":"REST"},{"data":"True Grit","floor":40,"key":"SMITH"},{"data":"Double Tap","floor":42,"key":"SMITH"},{"data":"Exhume","floor":44,"key":"SMITH"},{"data":"Dual Wield","floor":49,"key":"SMITH"}],"neow_cost":"NONE","seed_source_timestamp":0,"circlet_count":0,"master_deck":["Strike_R+1","Strike_R+1","Defend_R+1","Defend_R+1","Defend_R+1","Defend_R+1","Bash+1","Thunderclap","Sword Boomerang","Evolve","Armaments+1","Warcry","True Grit+1","Wild Strike","Uppercut","Wild Strike+1","Immolate","Thunderclap","Dropkick","Metallicize","Twin Strike+1","Panacea","Headbutt+1","Pummel","Berserk","Dropkick+1","Exhume+1","Wild Strike+1","Flex","Double Tap+1","Power Through","Whirlwind+1","Dual Wield+1","Disarm"],"special_seed":0,"relics":["Burning Blood","Turnip","Nunchaku","PreservedInsect","Empty Cage","OrangePellets","Red Mask","Vajra","Ancient Tea Set","Bag of Marbles","Philosopher\u0027s Stone","Red Skull","Pen Nib","Omamori","Whetstone"],"potions_floor_usage":[41,50],"damage_taken":[{"damage":1.0,"enemies":"Cultist","floor":1.0,"turns":4.0},{"damage":0.0,"enemies":"Jaw Worm","floor":3.0,"turns":4.0},{"damage":5.0,"enemies":"Small Slimes","floor":4.0,"turns":3.0},{"damage":7.0,"enemies":"Looter","floor":5.0,"turns":4.0},{"damage":45.0,"enemies":"Lagavulin","floor":8.0,"turns":7.0},{"damage":12.0,"enemies":"2 Fungi Beasts","floor":10.0,"turns":4.0},{"damage":15.0,"enemies":"3 Louse","floor":11.0,"turns":3.0},{"damage":3.0,"enemies":"Looter","floor":12.0,"turns":4.0},{"damage":0.0,"enemies":"Exordium Wildlife","floor":14.0,"turns":3.0},{"damage":41.0,"enemies":"The Guardian","floor":16.0,"turns":14.0},{"damage":11.0,"enemies":"Chosen","floor":18.0,"turns":4.0},{"damage":7.0,"enemies":"Masked Bandits","floor":20.0,"turns":2.0},{"damage":26.0,"enemies":"Book of Stabbing","floor":23.0,"turns":4.0},{"damage":16.0,"enemies":"Spheric Guardian","floor":24.0,"turns":4.0},{"damage":27.0,"enemies":"Slavers","floor":27.0,"turns":4.0},{"damage":22.0,"enemies":"Snake Plant","floor":30.0,"turns":3.0},{"damage":8.0,"enemies":"Chosen and Byrds","floor":31.0,"turns":3.0},{"damage":41.0,"enemies":"Collector","floor":33.0,"turns":9.0},{"damage":34.0,"enemies":"3 Darklings","floor":35.0,"turns":4.0},{"damage":9,"enemies":"Orb Walker","floor":38,"turns":2},{"damage":6,"enemies":"Giant Head","floor":41,"turns":5},{"damage":5,"enemies":"Sphere and 2 Shapes","floor":45,"turns":3},{"damage":0,"enemies":"3 Darklings","floor":47,"turns":2},{"damage":83,"enemies":"Time Eater","floor":50,"turns":5}],"seed_played":"2222068626602558167","potions_obtained":[{"floor":3.0,"key":"Regen Potion"},{"floor":4.0,"key":"Fruit Juice"},{"floor":8.0,"key":"FearPotion"},{"floor":14.0,"key":"Swift Potion"},{"floor":20.0,"key":"Strength Potion"},{"floor":23.0,"key":"FearPotion"},{"floor":31.0,"key":"Swift Potion"},{"floor":35.0,"key":"Swift Potion"},{"floor":47,"key":"Block Potion"}],"is_trial":false,"path_per_floor":["M","?","M","M","M","R","T","E","T","M","M","M","?","M","R","B",null,"M","$","?","$","?","E","M","R","T","E","?","R","M","M","R","B",null,"M","?","?","M","$","R","E","R","T","R","M","$","M","$","R","B"],"character_chosen":"IRONCLAD","items_purchased":["Dropkick","Metallicize","OrangePellets","Panacea","Red Skull","Pen Nib","Flex","Dual Wield","Disarm"],"campfire_rested":4,"item_purchase_floors":[19,19,19,21,39,39,39,48,48],"current_hp_per_floor":[77,61,67,68,72,72,72,33,33,27,27,30,19,25,50,15,68,63,63,62,62,62,42,32,57,57,36,20,47,31,29,56,21,73,45,79,79,76,76,76,76,76,76,76,77,77,79,79,79,0],"gold":56,"neow_bonus":"UPGRADE_CARD","is_prod":false,"is_daily":false,"chose_seed":false,"campfire_upgraded":5,"win_rate":0,"timestamp":1541540700,"path_taken":["M","?","M","M","M","R","?","E","T","M","M","M","?","M","R","BOSS","M","$","?","$","?","E","M","R","T","E","?","R","M","M","R","BOSS","M","?","?","M","$","R","E","R","T","R","M","?","M","$","R","BOSS"],"build_version":"2018-11-01","purchased_purges":1,"victory":false,"max_hp_per_floor":[80,80,80,80,85,85,85,85,85,85,85,85,85,85,85,85,85,85,85,85,85,85,85,85,85,85,85,90,90,90,90,90,90,90,90,79,79,79,79,79,79,79,79,79,79,79,79,79,79,79],"card_choices":[{"not_picked":["Armaments","Cleave"],"picked":"Thunderclap","floor":1.0},{"not_picked":["Shrug It Off","Rupture"],"picked":"Sword Boomerang","floor":3.0},{"not_picked":["Seeing Red","Blood for Blood"],"picked":"Evolve","floor":4.0},{"not_picked":["Iron Wave","Heavy Blade"],"picked":"Armaments","floor":5.0},{"not_picked":["Perfected Strike","Burning Pact"],"picked":"Warcry","floor":8.0},{"not_picked":["Hemokinesis","Feel No Pain"],"picked":"True Grit","floor":10.0},{"not_picked":["Dual Wield","Shockwave"],"picked":"Wild Strike","floor":11.0},{"not_picked":["Warcry","Rage"],"picked":"Uppercut","floor":12.0},{"not_picked":["Infernal Blade","Clothesline"],"picked":"Wild Strike","floor":14.0},{"not_picked":["Bludgeon","Feed"],"picked":"Immolate","floor":16.0},{"not_picked":["Havoc","Pommel Strike"],"picked":"Thunderclap","floor":18.0},{"not_picked":["Pommel Strike+1","Cleave"],"picked":"Twin Strike+1","floor":20.0},{"not_picked":["Intimidate","Pommel Strike"],"picked":"Headbutt+1","floor":23.0},{"not_picked":["Brutality","Armaments"],"picked":"Pummel","floor":24.0},{"not_picked":["Anger","Dual Wield+1"],"picked":"Berserk","floor":27.0},{"not_picked":["Warcry","Ghostly Armor"],"picked":"Dropkick","floor":30.0},{"not_picked":["Fire Breathing","Uppercut","Armaments"],"picked":"SKIP","floor":31.0},{"not_picked":["Impervious","Bludgeon"],"picked":"Exhume","floor":33.0},{"not_picked":["Heavy Blade+1","Perfected Strike","Clothesline"],"picked":"SKIP","floor":35.0},{"not_picked":["Second Wind+1","Sever Soul"],"picked":"Wild Strike+1","floor":38},{"not_picked":["Disarm","Entrench+1"],"picked":"Double Tap","floor":41},{"not_picked":["Blood for Blood","Clash"],"picked":"Power Through","floor":45},{"not_picked":["Iron Wave+1","Armaments+1"],"picked":"Whirlwind+1","floor":47}],"player_experience":547098,"relics_obtained":[{"floor":7.0,"key":"Turnip"},{"floor":8.0,"key":"Nunchaku"},{"floor":9.0,"key":"PreservedInsect"},{"floor":20.0,"key":"Red Mask"},{"floor":23.0,"key":"Vajra"},{"floor":26.0,"key":"Ancient Tea Set"},{"floor":27.0,"key":"Bag of Marbles"},{"floor":41,"key":"Omamori"},{"floor":43,"key":"Whetstone"}],"event_choices":[{"damage_healed":0.0,"max_hp_gain":0.0,"max_hp_loss":0.0,"gold_gain":0.0,"event_name":"Shining Light","player_choice":"Entered Light","floor":2.0,"gold_loss":0.0,"damage_taken":16.0,"cards_upgraded":["Defend_R","Defend_R"]},{"damage_healed":0.0,"max_hp_gain":0.0,"max_hp_loss":0.0,"gold_gain":75.0,"event_name":"World of Goop","player_choice":"Gather Gold","floor":13.0,"gold_loss":0.0,"damage_taken":11.0},{"damage_healed":0.0,"max_hp_gain":0.0,"max_hp_loss":0.0,"gold_gain":0.0,"event_name":"Masked Bandits","player_choice":"Fought Bandits","floor":20.0,"gold_loss":0.0,"damage_taken":0.0},{"damage_healed":0.0,"max_hp_gain":0.0,"max_hp_loss":0.0,"gold_gain":0.0,"event_name":"Back to Basics","player_choice":"Simplicity","floor":22.0,"gold_loss":0.0,"damage_taken":0.0,"cards_upgraded":["Strike_R","Strike_R","Strike_R","Defend_R","Defend_R"]},{"damage_healed":0.0,"max_hp_gain":5.0,"max_hp_loss":0.0,"gold_gain":0.0,"event_name":"Forgotten Altar","player_choice":"Shed Blood","floor":28.0,"gold_loss":0.0,"damage_taken":21.0},{"damage_healed":79.0,"max_hp_gain":0.0,"max_hp_loss":11.0,"gold_gain":0.0,"event_name":"The Moai Head","player_choice":"Heal","floor":36.0,"gold_loss":0.0,"damage_taken":0.0},{"damage_healed":0,"gold_gain":222,"player_choice":"Wore Mask","damage_taken":0,"max_hp_gain":0,"max_hp_loss":0,"event_name":"Tomb of Lord Red Mask","floor":37,"gold_loss":0}],"is_beta":false,"boss_relics":[{"not_picked":["Snecko Eye","Tiny House"],"picked":"Empty Cage"},{"not_picked":["Lizard Tail","Calling Bell"],"picked":"Philosopher\u0027s Stone"}],"items_purged_floors":[39],"is_endless":false,"potions_floor_spawned":[3,4,8,14,20,23,31,35,47],"killed_by":"Time Eater","ascension_level":8}