{"gold_per_floor":[113,124,124,134,144,163,177,192,192,208,133,149,3,3,3,3],"floor_reached":16,"playtime":1115,"items_purged":["Defend_G"],"score":103,"play_id":"b2c7e88c-37a8-4d36-91d6-7c045a00b11b","local_time":"20190221002631","is_ascension_mode":true,"campfire_choices":[{"data":"Crippling Poison","floor":15,"key":"SMITH"}],"neow_cost":"NONE","seed_source_timestamp":17666716701011,"circlet_count":0,"master_deck":["Defend_G","Defend_G","Defend_G","Defend_G","Strike_G","Strike_G","Strike_G","Strike_G","Strike_G","Survivor","Neutralize","Backstab","Cloak And Dagger","Adrenaline","Crippling Poison+1","Cloak And Dagger"],"relics":["Ring of the Snake","Orichalcum","Snake Skull","Ninja Scroll"],"potions_floor_usage":[7,16],"damage_taken":[{"damage":2,"enemies":"Jaw Worm","floor":1,"turns":6},{"damage":1,"enemies":"Cultist","floor":2,"turns":5},{"damage":0,"enemies":"Small Slimes","floor":4,"turns":2},{"damage":0,"enemies":"Exordium Wildlife","floor":5,"turns":3},{"damage":0,"enemies":"Exordium Thugs","floor":6,"turns":5},{"damage":0,"enemies":"Looter","floor":7,"turns":3},{"damage":0,"enemies":"3 Louse","floor":8,"turns":3},{"damage":0,"enemies":"Exordium Wildlife","floor":10,"turns":4},{"damage":8,"enemies":"Exordium Thugs","floor":12,"turns":6},{"damage":34,"enemies":"Slime Boss","floor":16,"turns":7}],"seed_played":"-1465353289870389875","potions_obtained":[{"floor":5,"key":"Block Potion"},{"floor":6,"key":"Strength Potion"},{"floor":7,"key":"Fruit Juice"},{"floor":12,"key":"GamblersBrew"}],"is_trial":false,"path_per_floor":["M","M","?","M","M","M","M","M","T","M","$","M","$","?","R","B"],"character_chosen":"THE_SILENT","items_purchased":["Snake Skull"],"campfire_rested":0,"item_purchase_floors":[13],"current_hp_per_floor":[75,74,74,74,74,74,79,79,79,79,79,71,71,64,64,30],"gold":3,"neow_bonus":"TEN_PERCENT_HP_BONUS","is_prod":false,"is_daily":false,"chose_seed":false,"campfire_upgraded":1,"win_rate":0,"timestamp":1550737591,"path_taken":["M","M","?","M","M","M","M","M","T","M","$","?","$","?","R","BOSS"],"build_version":"2019-01-23","purchased_purges":1,"victory":false,"max_hp_per_floor":[77,77,77,77,77,77,82,82,82,82,82,82,82,82,82,82],"card_choices":[{"not_picked":["Cloak And Dagger","Sucker Punch","Acrobatics"],"picked":"SKIP","floor":1},{"not_picked":["Dagger Throw","Finisher"],"picked":"Backstab","floor":2},{"not_picked":["Deflect","Poisoned Stab","Venomology"],"picked":"SKIP","floor":4},{"not_picked":["Underhanded Strike","Dagger Spray","Quick Slash"],"picked":"SKIP","floor":5},{"not_picked":["Underhanded Strike","Dagger Spray","Quick Slash"],"picked":"SKIP","floor":5},{"not_picked":["Heel Hook","Skewer"],"picked":"Crippling Poison","floor":6},{"not_picked":["Acrobatics","Bane","Masterful Stab"],"picked":"SKIP","floor":7},{"not_picked":["Skewer","Prepared"],"picked":"Cloak And Dagger","floor":8},{"not_picked":["Acrobatics","Finisher","Poisoned Stab"],"picked":"SKIP","floor":10},{"not_picked":["Expertise","Dodge and Roll","Endless Agony"],"picked":"SKIP","floor":12}],"player_experience":58016,"relics_obtained":[{"floor":9,"key":"Orichalcum"}],"event_choices":[{"damage_healed":0,"gold_gain":0,"player_choice":"2 cards matched","damage_taken":0,"max_hp_gain":0,"max_hp_loss":0,"event_name":"Match and Keep!","floor":3,"gold_loss":0,"cards_obtained":["Cloak And Dagger","Adrenaline"]},{"damage_healed":0,"gold_gain":0,"player_choice":"Success","damage_taken":7,"relics_obtained":["Ninja Scroll"],"max_hp_gain":0,"max_hp_loss":0,"event_name":"Scrap Ooze","floor":14,"gold_loss":0}],"is_beta":false,"boss_relics":[],"items_purged_floors":[11],"is_endless":false,"potions_floor_spawned":[5,6,7,12],"killed_by":"Slime Boss","ascension_level":1}