{"gold_per_floor":[109,109,128,128,140,175,175,202,202,213,42,42,62,75,75,178,178,197,197,197,213,230,258,276,276,302,302],"floor_reached":27,"playtime":1215,"items_purged":[],"score":270,"play_id":"b30e8064-dc84-4c3c-a503-68033d5d7295","local_time":"20180716115335","is_ascension_mode":true,"campfire_choices":[{"data":"Self Repair","floor":7,"key":"SMITH"},{"data":"Dualcast","floor":12,"key":"SMITH"},{"data":"Double Energy","floor":15,"key":"SMITH"},{"data":"Chaos","floor":25,"key":"SMITH"}],"neow_cost":"NONE","seed_source_timestamp":127142291641591,"circlet_count":0,"master_deck":["Strike_B+1","Defend_B","Defend_B","Defend_B","Defend_B","Zap+1","Dualcast+1","Ball Lightning+1","Coolheaded","Self Repair+1","Ball Lightning","Defragment+1","Capacitor+1","Ball Lightning","Conserve Battery","Double Energy+1","Chaos+1","Buffer+1","Beam Cell","Leap","Auto Shields","Leap"],"relics":["Cracked Core","Frozen Egg 2","Kunai","Shuriken","Ancient Tea Set","Black Star","Orichalcum","Pen Nib","Lantern"],"potions_floor_usage":[6,6,10,22,23,24,27],"damage_taken":[{"damage":7,"enemies":"Jaw Worm","floor":1,"turns":3},{"damage":0,"enemies":"Small Slimes","floor":3,"turns":2},{"damage":4,"enemies":"2 Louse","floor":5,"turns":2},{"damage":16,"enemies":"3 Sentries","floor":6,"turns":6},{"damage":14,"enemies":"Gremlin Nob","floor":8,"turns":3},{"damage":12,"enemies":"Exordium Thugs","floor":10,"turns":4},{"damage":11,"enemies":"3 Louse","floor":13,"turns":3},{"damage":12,"enemies":"Exordium Wildlife","floor":14,"turns":3},{"damage":11,"enemies":"Hexaghost","floor":16,"turns":8},{"damage":0,"enemies":"Chosen","floor":18,"turns":5},{"damage":0,"enemies":"Spheric Guardian","floor":21,"turns":5},{"damage":20,"enemies":"Centurion and Healer","floor":22,"turns":7},{"damage":47,"enemies":"Book of Stabbing","floor":23,"turns":6},{"damage":9,"enemies":"Chosen and Byrds","floor":24,"turns":6},{"damage":40,"enemies":"Gremlin Leader","floor":27,"turns":8}],"seed_played":"3383641603237229941","potions_obtained":[{"floor":1,"key":"Dexterity Potion"},{"floor":5,"key":"Regen Potion"},{"floor":8,"key":"Fruit Juice"},{"floor":14,"key":"AttackPotion"},{"floor":16,"key":"Ancient Potion"},{"floor":21,"key":"Explosive Potion"},{"floor":24,"key":"Swift Potion"}],"is_trial":false,"path_per_floor":["M","?","M","?","M","E","R","E","T","M","$","R","M","M","R","B",null,"M","?","?","M","M","E","M","R","T"],"character_chosen":"DEFECT","items_purchased":["Conserve Battery","Ancient Tea Set"],"campfire_rested":0,"item_purchase_floors":[11,11],"current_hp_per_floor":[68,53,53,53,49,49,49,45,45,48,48,48,47,45,45,44,80,80,80,80,80,70,33,34,34,34,0],"gold":302,"neow_bonus":"UPGRADE_CARD","is_prod":false,"is_daily":false,"chose_seed":false,"campfire_upgraded":4,"win_rate":0,"timestamp":1531763615,"path_taken":["M","?","M","?","M","E","R","E","T","M","?","R","M","M","R","BOSS","M","?","?","M","?","E","M","R","T","E"],"build_version":"2018-07-12","purchased_purges":0,"victory":false,"max_hp_per_floor":[75,75,75,75,75,75,75,75,75,80,80,80,80,80,80,80,80,80,80,80,80,80,80,80,80,80,80],"card_choices":[{"not_picked":["Consume","Chill"],"picked":"Ball Lightning","floor":1},{"not_picked":["Compile Driver","Ball Lightning"],"picked":"Coolheaded","floor":3},{"not_picked":["Steam Power","Steam"],"picked":"Ball Lightning","floor":5},{"not_picked":["Consume","FTL"],"picked":"Defragment","floor":6},{"not_picked":["Biased Cognition+1","Redo"],"picked":"Capacitor+1","floor":8},{"not_picked":["Streamline","Hologram"],"picked":"Ball Lightning","floor":10},{"not_picked":["Leap","Capacitor+1"],"picked":"Double Energy","floor":13},{"not_picked":["Compile Driver","Darkness"],"picked":"Chaos","floor":14},{"not_picked":["Fission","Thunder Strike"],"picked":"Buffer+1","floor":16},{"not_picked":["Leap","Turbo"],"picked":"Beam Cell","floor":18},{"not_picked":["Turbo","Compile Driver"],"picked":"Leap","floor":21},{"not_picked":["Hyperbeam","Go for the Eyes"],"picked":"Auto Shields","floor":22},{"not_picked":["Turbo","Double Energy"],"picked":"Leap","floor":23},{"not_picked":["Cold Snap+1","Hologram","Coolheaded"],"picked":"SKIP","floor":24}],"player_experience":213372,"relics_obtained":[{"floor":6,"key":"Frozen Egg 2"},{"floor":8,"key":"Kunai"},{"floor":9,"key":"Shuriken"},{"floor":23,"key":"Orichalcum"},{"floor":23,"key":"Pen Nib"},{"floor":26,"key":"Lantern"}],"event_choices":[{"event_name":"Shining Light","player_choice":"Entered Light","floor":2,"damage_taken":0},{"event_name":"Living Wall","player_choice":"Change","floor":4,"damage_taken":0},{"event_name":"Wheel of Change","player_choice":"Card Removal","floor":19,"damage_taken":0},{"event_name":"Back to Basics","player_choice":"Elegance","floor":20,"damage_taken":0}],"boss_relics":[{"not_picked":["Cursed Key","Coffee Dripper"],"picked":"Black Star"}],"items_purged_floors":[],"is_endless":false,"potions_floor_spawned":[1,5,8,14,16,21,24],"killed_by":"Gremlin Leader","ascension_level":2}