{"gold_per_floor":[116,116,134,149,160,160,187,187,187,215,215,215],"floor_reached":12,"playtime":316,"items_purged":[],"score":88,"play_id":"ed4a2608-45b8-49ce-ac51-3930b7d96b26","local_time":"20190320140234","is_ascension_mode":false,"campfire_choices":[{"data":"Consume","floor":6,"key":"SMITH"},{"floor":11,"key":"REST"}],"neow_cost":"NONE","seed_source_timestamp":650627326619615,"circlet_count":0,"master_deck":["Strike_B","Strike_B","Strike_B","Strike_B","Defend_B","Defend_B","Defend_B","Defend_B","Zap","Dualcast","Ball Lightning","Self Repair","Consume+1","Creative AI","Conserve Battery"],"relics":["Cracked Core","NeowsBlessing","Pantograph","Question Card","Mummified Hand","Regal Pillow"],"potions_floor_usage":[],"damage_taken":[{"damage":0,"enemies":"2 Louse","floor":1,"turns":1},{"damage":0,"enemies":"Jaw Worm","floor":3,"turns":1},{"damage":0,"enemies":"Cultist","floor":4,"turns":1},{"damage":15,"enemies":"Exordium Thugs","floor":5,"turns":4},{"damage":26,"enemies":"Lagavulin","floor":7,"turns":5},{"damage":34,"enemies":"Gremlin Nob","floor":10,"turns":4},{"damage":57,"enemies":"Gremlin Gang","floor":12,"turns":3}],"seed_played":"1046506623784484733","potions_obtained":[{"floor":4,"key":"SteroidPotion"},{"floor":5,"key":"AttackPotion"},{"floor":7,"key":"LiquidBronze"}],"is_trial":false,"path_per_floor":["M","?","M","M","M","R","E","?","T","E","R","M"],"character_chosen":"DEFECT","items_purchased":[],"campfire_rested":1,"item_purchase_floors":[],"current_hp_per_floor":[75,80,80,80,65,65,46,43,43,16,55,0],"gold":215,"neow_bonus":"THREE_ENEMY_KILL","is_prod":false,"is_daily":false,"chose_seed":false,"campfire_upgraded":1,"win_rate":0.0,"timestamp":1553104954,"path_taken":["M","?","M","M","M","R","E","?","T","E","R","M"],"build_version":"2019-01-23","purchased_purges":0,"victory":false,"max_hp_per_floor":[75,80,80,80,80,80,80,80,80,80,80,80],"card_choices":[{"not_picked":["Reinforced Body","Chill"],"picked":"Ball Lightning","floor":1},{"not_picked":["Beam Cell","Chill"],"picked":"Self Repair","floor":3},{"not_picked":["Beam Cell","Streamline"],"picked":"Consume","floor":4},{"not_picked":["Steam Power","Streamline","Compile Driver"],"picked":"SKIP","floor":5},{"not_picked":["Leap","Consume"],"picked":"Creative AI","floor":7},{"not_picked":["Steam Power","Skim","FTL"],"picked":"Conserve Battery","floor":10}],"player_experience":5885,"relics_obtained":[{"floor":7,"key":"Pantograph"},{"floor":9,"key":"Mummified Hand"},{"floor":10,"key":"Regal Pillow"}],"event_choices":[{"damage_healed":0,"gold_gain":0,"player_choice":"Donut","damage_taken":0,"max_hp_gain":5,"max_hp_loss":0,"event_name":"Big Fish","floor":2,"gold_loss":0},{"damage_healed":0,"gold_gain":0,"player_choice":"Success","damage_taken":3,"relics_obtained":["Question Card"],"max_hp_gain":0,"max_hp_loss":0,"event_name":"Scrap Ooze","floor":8,"gold_loss":0}],"is_beta":false,"boss_relics":[],"items_purged_floors":[],"is_endless":false,"potions_floor_spawned":[4,5,7,10],"killed_by":"Gremlin Gang","ascension_level":0}