{"gold_per_floor":[109,7,20,38,52,87,98,118,165,182,182,182,182,198,198,198],"floor_reached":16,"playtime":600,"items_purged":["Defend_B"],"score":106,"play_id":"cedc5a0c-2326-41c9-a5ff-7bed8bea440c","local_time":"20180904143233","is_ascension_mode":false,"campfire_choices":[{"floor":13,"key":"REST"},{"floor":15,"key":"REST"}],"neow_cost":"NONE","seed_source_timestamp":1395470394389874,"circlet_count":0,"master_deck":["Strike_B","Strike_B","Strike_B","Strike_B","Defend_B","Defend_B","Defend_B","Zap+1","Dualcast","Loop","Conserve Battery","Go for the Eyes","Capacitor","Fusion","Coolheaded","Cold Snap","Beam Cell","Fusion"],"relics":["Cracked Core","Ornamental Fan","Boot"],"potions_floor_usage":[6,12,14,16,16],"damage_taken":[{"damage":0,"enemies":"Cultist","floor":1,"turns":3},{"damage":4,"enemies":"Jaw Worm","floor":3,"turns":3},{"damage":0,"enemies":"Small Slimes","floor":4,"turns":2},{"damage":16,"enemies":"Gremlin Gang","floor":5,"turns":4},{"damage":29,"enemies":"Gremlin Nob","floor":6,"turns":4},{"damage":9,"enemies":"Large Slime","floor":7,"turns":6},{"damage":4,"enemies":"Red Slaver","floor":8,"turns":4},{"damage":6,"enemies":"Looter","floor":10,"turns":3},{"damage":0,"enemies":"The Mushroom Lair","floor":12,"turns":1},{"damage":11,"enemies":"Exordium Thugs","floor":14,"turns":4},{"damage":40,"enemies":"Slime Boss","floor":16,"turns":14}],"seed_played":"-2176854185938042322","potions_obtained":[{"floor":3,"key":"SmokeBomb"},{"floor":5,"key":"SteroidPotion"},{"floor":6,"key":"AttackPotion"},{"floor":7,"key":"GamblersBrew"},{"floor":14,"key":"Weak Potion"}],"is_trial":false,"path_per_floor":["M","$","M","M","M","E","M","M","T","M","?","?","R","M","R"],"character_chosen":"DEFECT","items_purchased":["Conserve Battery"],"campfire_rested":2,"item_purchase_floors":[2],"current_hp_per_floor":[75,75,71,71,55,26,17,13,13,7,7,7,29,18,40,0],"gold":198,"neow_bonus":"UPGRADE_CARD","is_prod":false,"is_daily":false,"chose_seed":false,"campfire_upgraded":0,"win_rate":0,"timestamp":1536093153,"path_taken":["M","?","M","M","M","E","M","M","T","M","?","?","R","M","R","BOSS"],"build_version":"2018-08-30","purchased_purges":1,"victory":false,"max_hp_per_floor":[75,75,75,75,75,75,75,75,75,75,75,75,75,75,75,75],"card_choices":[{"not_picked":["Sweeping Beam","Auto Shields"],"picked":"Loop","floor":1},{"not_picked":["Reinforced Body","Gash"],"picked":"Go for the Eyes","floor":3},{"not_picked":["Static Discharge","Coolheaded"],"picked":"Capacitor","floor":4},{"not_picked":["Gash","White Noise"],"picked":"Fusion","floor":5},{"not_picked":["Melter","Leap"],"picked":"Coolheaded","floor":6},{"not_picked":["Static Discharge","Stack","Compile Driver"],"picked":"SKIP","floor":7},{"not_picked":["Compile Driver","Skim"],"picked":"Cold Snap","floor":8},{"not_picked":["Ball Lightning","Leap"],"picked":"Beam Cell","floor":10},{"not_picked":["Go for the Eyes","Skim"],"picked":"Fusion","floor":14}],"player_experience":458648,"relics_obtained":[{"floor":6,"key":"Ornamental Fan"},{"floor":9,"key":"Boot"}],"event_choices":[{"event_name":"Golden Wing","player_choice":"Ignored","floor":11,"damage_taken":0},{"event_name":"Mushrooms","player_choice":"Fought Mushrooms","floor":12,"damage_taken":0}],"is_beta":false,"boss_relics":[],"items_purged_floors":[2],"is_endless":false,"potions_floor_spawned":[3,5,6,7,14],"killed_by":"Slime Boss","ascension_level":0}