{"path_per_floor":["M","?","$","M","?","R","M","E","T","$","T","R","M","M","R","B",null,"M","?","M","M","?","R","$","R","T","M","?","R","$","E","R"],"character_chosen":"DEFECT","items_purchased":["Oddly Smooth Stone","Leap","Fission"],"gold_per_floor":[119,119,44,57,57,57,71,102,181,38,38,38,56,71,71,168,168,178,178,198,212,212,212,162,162,162,175,175,175,99,127,127,127],"floor_reached":33,"campfire_rested":1,"playtime":1372,"current_hp_per_floor":[75,75,75,75,75,75,75,58,58,58,58,58,58,56,56,39,75,65,65,63,47,47,47,47,47,57,44,72,72,72,10,35,0],"items_purged":["Strike_B"],"gold":127,"score":263,"play_id":"cb9ecb94-a5b6-496b-9313-f2645af139b3","local_time":"20180428175035","is_prod":false,"is_daily":false,"chose_seed":false,"is_ascension_mode":false,"campfire_upgraded":6,"timestamp":1524955835,"path_taken":["M","?","$","?","?","R","?","E","T","$","?","R","M","M","R","BOSS","M","?","M","M","?","R","$","R","T","M","?","R","?","E","R","BOSS"],"build_version":"2018-04-27v3","seed_source_timestamp":1090538898255274,"purchased_purges":2,"victory":false,"master_deck":["Strike_B","Strike_B","Defend_B","Defend_B","Defend_B","Defend_B","Zap+1","Dualcast","Ball Lightning","Barrage","Mind Blast","Zap+1","Darkness+1","Streamline+1","Axe Kick","Creative AI+1","Impulse+1","Loop+1","Leap+1","Beam Cell+1","Fission","White Noise+1","Leap+1"],"max_hp_per_floor":[75,75,75,75,75,75,75,75,75,75,75,75,75,75,75,75,75,75,75,75,75,75,75,75,75,85,85,85,85,85,85,85,85],"relics":["Cracked Core","NeowsBlessing","Dream Catcher","Centennial Puzzle","Oddly Smooth Stone","Torii","Sozu","Pear","Toxic Egg 2"],"card_choices":[{"not_picked":["Capacitor","Blizzard"],"picked":"Ball Lightning","floor":1.0},{"not_picked":["Capacitor","Coolheaded"],"picked":"Barrage","floor":4.0},{"not_picked":["Coolheaded","Storm"],"picked":"Darkness","floor":7.0},{"not_picked":["Prime","Flux Capacitor"],"picked":"Streamline","floor":8.0},{"not_picked":["Barrage","Skim"],"picked":"Axe Kick","floor":13.0},{"not_picked":["Biased Cognition","Multi-Cast"],"picked":"Creative AI","floor":16.0},{"not_picked":["Cold Snap","Barrage"],"picked":"Impulse","floor":18.0},{"not_picked":["Streamline","Darkness"],"picked":"Loop","floor":20.0},{"not_picked":["Rebound","Skim"],"picked":"Beam Cell","floor":27},{"not_picked":["Go for the Eyes","Impulse"],"picked":"White Noise","floor":31},{"not_picked":["Stack","Cold Snap"],"picked":"Leap","floor":32}],"player_experience":3501,"potions_floor_usage":[31],"damage_taken":[{"damage":0.0,"enemies":"Jaw Worm","floor":1.0,"turns":1.0},{"damage":0.0,"enemies":"Small Slimes","floor":4.0,"turns":1.0},{"damage":0.0,"enemies":"Cultist","floor":7.0,"turns":1.0},{"damage":17.0,"enemies":"3 Sentries","floor":8.0,"turns":5.0},{"damage":0.0,"enemies":"Large Slime","floor":13.0,"turns":3.0},{"damage":2.0,"enemies":"Lots of Slimes","floor":14.0,"turns":3.0},{"damage":17.0,"enemies":"The Guardian","floor":16.0,"turns":8.0},{"damage":10.0,"enemies":"Chosen","floor":18.0,"turns":3.0},{"damage":2.0,"enemies":"Shell Parasite","floor":20.0,"turns":3.0},{"damage":16.0,"enemies":"Snecko","floor":21.0,"turns":5.0},{"damage":16.0,"enemies":"Snake Plant","floor":27.0,"turns":3.0},{"damage":62,"enemies":"Gremlin Leader","floor":31,"turns":10},{"damage":45,"enemies":"Automaton","floor":33,"turns":6}],"event_choices":[{"event_name":"Living Wall","player_choice":"Grow","floor":2.0,"damage_taken":0.0},{"event_name":"Match and Keep!","player_choice":"2 cards matched","floor":5.0,"damage_taken":0.0},{"event_name":"Purifier","player_choice":"One Purge","floor":19.0,"damage_taken":0.0},{"event_name":"Ghosts","player_choice":"Ignored","floor":22.0,"damage_taken":0.0},{"event_name":"The Library","player_choice":"Heal","floor":28,"damage_taken":0}],"boss_relics":[],"potions_floor_spawned":[1,13,14,18,27],"seed_played":"-4358723899286535728","killed_by":"Automaton","ascension_level":0,"is_trial":false}