{"gold_per_floor":[16,32,52,52,68,68,94,94,174,206,222,240,268,284,284,381,381,397,408,5,23,23,23,51,51,51,51,51,82,82,110,110,110],"floor_reached":33,"playtime":2314,"items_purged":["Strike_B"],"score":383,"play_id":"9a5f02b2-4f7e-49bd-b163-9e1b401c74e0","local_time":"20190319131524","is_ascension_mode":true,"campfire_choices":[{"floor":6,"key":"REST"},{"data":"Doom and Gloom","floor":8,"key":"SMITH"},{"data":"Defragment","floor":15,"key":"SMITH"},{"floor":23,"key":"REST"},{"floor":25,"key":"REST"},{"floor":27,"key":"REST"},{"floor":32,"key":"REST"}],"neow_cost":"NO_GOLD","seed_source_timestamp":69505123335093,"circlet_count":0,"master_deck":["Strike_B","Strike_B","Strike_B","Defend_B","Defend_B","Defend_B","Defend_B","Zap","Dualcast","Rip and Tear","Auto Shields","Sweeping Beam","Conserve Battery","Turbo","Rip and Tear","Rebound","Consume","Defragment+1","Buffer","Cold Snap","Leap","Hologram","Ball Lightning","Sunder","Core Surge","Cold Snap+1","Self Repair"],"relics":["Cracked Core","Torii","Pen Nib","Pantograph","Juzu Bracelet","Pear","Lizard Tail","Gremlin Horn","Boot","Ice Cream","Sundial","Darkstone Periapt"],"potions_floor_usage":[10,18,19,24,24],"damage_taken":[{"damage":18,"enemies":"Small Slimes","floor":1,"turns":3},{"damage":10,"enemies":"2 Louse","floor":2,"turns":3},{"damage":1,"enemies":"Cultist","floor":3,"turns":3},{"damage":8,"enemies":"Exordium Wildlife","floor":5,"turns":4},{"damage":2,"enemies":"Gremlin Nob","floor":7,"turns":4},{"damage":9,"enemies":"Lagavulin","floor":10,"turns":6},{"damage":0,"enemies":"Gremlin Gang","floor":11,"turns":1},{"damage":2,"enemies":"3 Louse","floor":12,"turns":3},{"damage":2,"enemies":"Gremlin Nob","floor":13,"turns":4},{"damage":1,"enemies":"Large Slime","floor":14,"turns":4},{"damage":13,"enemies":"Slime Boss","floor":16,"turns":6},{"damage":12,"enemies":"Chosen","floor":18,"turns":6},{"damage":23,"enemies":"2 Thieves","floor":19,"turns":4},{"damage":14,"enemies":"Snecko","floor":21,"turns":5},{"damage":102,"enemies":"Gremlin Leader","floor":24,"turns":9},{"damage":61,"enemies":"Book of Stabbing","floor":29,"turns":7},{"damage":81,"enemies":"Slavers","floor":31,"turns":8},{"damage":72,"enemies":"Champ","floor":33,"turns":11}],"seed_played":"-4900923173603641075","potions_obtained":[{"floor":3,"key":"Fire Potion"},{"floor":5,"key":"Poison Potion"},{"floor":7,"key":"EssenceOfSteel"},{"floor":10,"key":"Swift Potion"},{"floor":16,"key":"Fire Potion"},{"floor":18,"key":"FocusPotion"}],"is_trial":false,"path_per_floor":["M","M","M","?","M","R","E","R","T","E","M","M","E","M","R","B",null,"M","M","$","M","?","R","E","R","T","R","?","E","?","E","R","B"],"character_chosen":"DEFECT","items_purchased":["Leap","Gremlin Horn","Hologram"],"campfire_rested":5,"item_purchase_floors":[20,20,20],"current_hp_per_floor":[71,61,60,53,45,71,69,69,69,60,60,58,66,65,65,77,99,87,64,64,50,50,79,34,63,63,92,92,31,99,18,47,0],"gold":110,"neow_bonus":"TWENTY_PERCENT_HP_BONUS","is_prod":false,"is_daily":false,"chose_seed":false,"campfire_upgraded":2,"win_rate":0,"timestamp":1553012124,"path_taken":["M","M","M","?","M","R","E","R","T","E","M","M","E","M","R","BOSS","M","M","$","M","?","R","E","R","T","R","?","E","?","E","R","BOSS"],"build_version":"2019-01-23","purchased_purges":1,"victory":false,"max_hp_per_floor":[89,89,89,89,89,89,89,89,89,89,89,89,99,99,99,99,99,99,99,99,99,99,99,99,99,99,99,99,99,99,99,99,99],"card_choices":[{"not_picked":["Rebound","Leap"],"picked":"Doom and Gloom","floor":1},{"not_picked":["Gash","Fusion"],"picked":"Rip and Tear","floor":2},{"not_picked":["Beam Cell","Ball Lightning"],"picked":"Auto Shields","floor":3},{"not_picked":["Streamline","Cold Snap"],"picked":"Sweeping Beam","floor":5},{"not_picked":["Double Energy","BootSequence"],"picked":"Conserve Battery","floor":7},{"not_picked":["Barrage","Gash"],"picked":"Turbo","floor":10},{"not_picked":["Compile Driver","Skim"],"picked":"Rip and Tear","floor":11},{"not_picked":["Redo","Recycle"],"picked":"Rebound","floor":12},{"not_picked":["Beam Cell","Go for the Eyes"],"picked":"Consume","floor":13},{"not_picked":["Reboot","Leap"],"picked":"Defragment","floor":14},{"not_picked":["Core Surge","Fission"],"picked":"Buffer","floor":16},{"not_picked":["Streamline","Chill","Compile Driver+1"],"picked":"SKIP","floor":18},{"not_picked":["Chill","Compile Driver"],"picked":"Cold Snap","floor":19},{"not_picked":["Streamline","Barrage"],"picked":"Ball Lightning","floor":21},{"not_picked":["Beam Cell","Coolheaded"],"picked":"Sunder","floor":24},{"not_picked":["All For One","Beam Cell+1"],"picked":"Cold Snap+1","floor":29},{"not_picked":["Turbo","Sweeping Beam"],"picked":"Self Repair","floor":31}],"player_experience":103693,"relics_obtained":[{"floor":7,"key":"Pen Nib"},{"floor":9,"key":"Pantograph"},{"floor":10,"key":"Juzu Bracelet"},{"floor":13,"key":"Pear"},{"floor":24,"key":"Boot"},{"floor":26,"key":"Ice Cream"},{"floor":29,"key":"Sundial"},{"floor":31,"key":"Darkstone Periapt"}],"event_choices":[{"damage_healed":0,"gold_gain":0,"player_choice":"Success","damage_taken":7,"relics_obtained":["Torii"],"max_hp_gain":0,"max_hp_loss":0,"event_name":"Scrap Ooze","floor":4,"gold_loss":0},{"damage_healed":0,"gold_gain":0,"player_choice":"Ignored","damage_taken":0,"max_hp_gain":0,"max_hp_loss":0,"event_name":"Beggar","floor":22,"gold_loss":0},{"damage_healed":0,"gold_gain":0,"player_choice":"Read","damage_taken":0,"max_hp_gain":0,"max_hp_loss":0,"event_name":"The Library","floor":28,"gold_loss":0,"cards_obtained":["Core Surge"]},{"cards_removed":["Doom and Gloom"],"damage_healed":68,"gold_gain":0,"player_choice":"Offered Uncommon","damage_taken":0,"max_hp_gain":0,"max_hp_loss":0,"event_name":"Bonfire Elementals","floor":30,"gold_loss":0}],"is_beta":false,"boss_relics":[{"not_picked":["Velvet Choker","Snecko Eye"],"picked":"Lizard Tail"}],"items_purged_floors":[20],"is_endless":false,"potions_floor_spawned":[3,5,7,10,16,18],"killed_by":"Champ","ascension_level":2}