{"gold_per_floor":[116,129,129,139,19,19,19,31,113,113,123,136,36,46,46,143,143,160,178,193,193,209,209,1,12,12,29,29],"floor_reached":28,"playtime":1011,"items_purged":["Strike_G","Strike_G"],"score":216,"play_id":"a4d6b8ee-5dc3-4adb-9ab4-4db412eb6647","local_time":"20180805015815","is_ascension_mode":false,"campfire_choices":[{"data":"Sucker Punch","floor":6,"key":"SMITH"},{"data":"Skewer","floor":10,"key":"SMITH"},{"data":"Tools of the Trade","floor":15,"key":"SMITH"},{"floor":23,"key":"REST"}],"neow_cost":"NONE","seed_source_timestamp":1819397081605408,"circlet_count":0,"master_deck":["Defend_G","Defend_G","Defend_G","Defend_G","Defend_G","Strike_G","Strike_G","Survivor","Neutralize","Dagger Throw","Acrobatics","Sucker Punch+1","Flying Knee","Skewer+1","Doubt","Dagger Spray","Slice","Tools of the Trade+1","Envenom","Flying Knee","Heel Hook","Sucker Punch+1","Tactician","Panache","Quick Slash+1","Pain","Glass Knife"],"relics":["Cursed Key"],"potions_floor_usage":[16,25,27,27],"damage_taken":[{"damage":1,"enemies":"Cultist","floor":1,"turns":4},{"damage":0,"enemies":"Jaw Worm","floor":2,"turns":3},{"damage":3,"enemies":"Small Slimes","floor":4,"turns":3},{"damage":0,"enemies":"3 Louse","floor":8,"turns":3},{"damage":0,"enemies":"Looter","floor":11,"turns":3},{"damage":0,"enemies":"2 Fungi Beasts","floor":12,"turns":2},{"damage":3,"enemies":"Red Slaver","floor":14,"turns":2},{"damage":29,"enemies":"The Guardian","floor":16,"turns":11},{"damage":17,"enemies":"Chosen","floor":18,"turns":6},{"damage":7,"enemies":"Shell Parasite","floor":19,"turns":4},{"damage":29,"enemies":"Snecko","floor":20,"turns":6},{"damage":9,"enemies":"Chosen and Byrds","floor":22,"turns":4},{"damage":0,"enemies":"Centurion and Healer","floor":25,"turns":6},{"damage":35,"enemies":"Snecko","floor":27,"turns":6},{"damage":8,"enemies":"Snake Plant","floor":28,"turns":2}],"seed_played":"-5219417927237498279","potions_obtained":[{"floor":4,"key":"Poison Potion"},{"floor":8,"key":"Explosive Potion"},{"floor":16,"key":"Block Potion"},{"floor":25,"key":"Regen Potion"}],"is_trial":false,"path_per_floor":["M","M","?","M","$","R","?","M","T","R","M","M","$","M","R","B",null,"M","M","M","?","M","R","$","M","T","M"],"character_chosen":"THE_SILENT","items_purchased":["Flying Knee","Panache"],"campfire_rested":1,"item_purchase_floors":[5,24],"current_hp_per_floor":[69,69,69,66,66,66,59,59,59,59,59,59,59,56,56,27,70,53,46,17,17,8,29,29,29,29,6,0],"gold":29,"neow_bonus":"BOSS_RELIC","is_prod":false,"is_daily":false,"chose_seed":false,"campfire_upgraded":3,"win_rate":0,"timestamp":1533455895,"path_taken":["M","?","?","M","$","R","?","M","T","R","M","M","?","M","R","BOSS","M","M","M","?","M","R","$","M","T","M","M"],"build_version":"2018-08-02","purchased_purges":2,"victory":false,"max_hp_per_floor":[70,70,70,70,70,70,70,70,70,70,70,70,70,70,70,70,70,70,70,70,70,70,70,70,70,70,70,70],"card_choices":[{"not_picked":["Escape Plan","Dodge and Roll"],"picked":"Dagger Throw","floor":1},{"not_picked":["Deadly Poison","Choke"],"picked":"Acrobatics","floor":2},{"not_picked":["Catalyst","Backflip"],"picked":"Sucker Punch","floor":4},{"not_picked":["PiercingWail","Caltrops"],"picked":"Skewer","floor":8},{"not_picked":["Flying Knee","Cloak And Dagger"],"picked":"Dagger Spray","floor":11},{"not_picked":["Poisoned Stab","Crippling Poison"],"picked":"Slice","floor":12},{"not_picked":["Bane","Well Laid Plans"],"picked":"Tools of the Trade","floor":14},{"not_picked":["Storm of Steel","Venomology"],"picked":"Envenom","floor":16},{"not_picked":["Poisoned Stab","Leg Sweep"],"picked":"Flying Knee","floor":18},{"not_picked":["Cloak And Dagger+1","Dash"],"picked":"Heel Hook","floor":19},{"not_picked":["Acrobatics","PiercingWail"],"picked":"Sucker Punch+1","floor":20},{"not_picked":["Prepared","Deflect+1"],"picked":"Tactician","floor":22},{"not_picked":["Dodge and Roll+1","Poisoned Stab"],"picked":"Quick Slash+1","floor":25},{"not_picked":["Dagger Throw","Tactician"],"picked":"Glass Knife","floor":27}],"player_experience":338678,"relics_obtained":[],"event_choices":[{"event_name":"WeMeetAgain","player_choice":"Attack","floor":3,"damage_taken":0},{"event_name":"Golden Wing","player_choice":"Card Removal","floor":7,"damage_taken":0},{"event_name":"FaceTrader","player_choice":"Leave","floor":21,"damage_taken":0}],"is_beta":false,"boss_relics":[{"not_picked":["Coffee Dripper","HoveringKite","Astrolabe"]}],"items_purged_floors":[5,13],"is_endless":false,"potions_floor_spawned":[4,8,16,25],"killed_by":"Snake Plant","ascension_level":0}