{"gold_per_floor":[114,124,124,135,59,59,29,57,82,82,96,61,61,76,76,173,173,183,25,38,38,38,38,83,83],"floor_reached":25,"playtime":1419,"items_purged":[],"score":261,"play_id":"114153a8-34b5-48b7-b4bb-2a8c276cbf6c","local_time":"20190305104412","is_ascension_mode":true,"campfire_choices":[{"data":"Entrench","floor":6,"key":"SMITH"},{"floor":15,"key":"REST"},{"floor":23,"key":"REST"}],"neow_cost":"NONE","seed_source_timestamp":684130516748659,"circlet_count":0,"master_deck":["Strike_R","Strike_R","Strike_R","Strike_R","Defend_R","Defend_R","Defend_R","Defend_R","Bash","Flame Barrier","Shrug It Off","Entrench+1","Shrug It Off","Impervious","Shrug It Off","Power Through","Feel No Pain","Shrug It Off"],"relics":["Burning Blood","NeowsBlessing","Odd Mushroom","Orichalcum","Eternal Feather","MutagenicStrength","Art of War"],"potions_floor_usage":[11,16],"damage_taken":[{"damage":0,"enemies":"2 Louse","floor":1,"turns":1},{"damage":0,"enemies":"Cultist","floor":2,"turns":1},{"damage":0,"enemies":"Jaw Worm","floor":4,"turns":1},{"damage":1,"enemies":"Looter","floor":7,"turns":4},{"damage":63,"enemies":"The Mushroom Lair","floor":8,"turns":9},{"damage":6,"enemies":"Exordium Wildlife","floor":11,"turns":7},{"damage":0,"enemies":"Blue Slaver","floor":14,"turns":8},{"damage":71,"enemies":"The Guardian","floor":16,"turns":30},{"damage":19,"enemies":"3 Byrds","floor":18,"turns":5},{"damage":31,"enemies":"Chosen","floor":20,"turns":14},{"damage":7,"enemies":"Centurion and Healer","floor":25,"turns":6}],"seed_played":"3956062960266656685","potions_obtained":[{"floor":1,"key":"Energy Potion"},{"floor":2,"key":"Strength Potion"},{"floor":8,"key":"Block Potion"},{"floor":11,"key":"AttackPotion"}],"is_trial":false,"path_per_floor":["?","M","?","?","M","?","?","?","T"],"character_chosen":"IRONCLAD","items_purchased":["Entrench","Power Through","Feel No Pain"],"campfire_rested":2,"item_purchase_floors":[5,19,19],"current_hp_per_floor":[80,80,80,80,80,80,80,23,23,23,23,43,43,49,73,8,62,49,49,24,24,24,57,57,50],"gold":83,"neow_bonus":"THREE_ENEMY_KILL","is_prod":false,"is_daily":false,"chose_seed":false,"campfire_upgraded":1,"win_rate":0,"timestamp":1551779052,"path_taken":["M","M","?","M","$","R","?","?","T","?","?","?","$","M","R","BOSS","M","$","M","?","?","R","?","M"],"build_version":"2019-01-23","purchased_purges":0,"victory":false,"max_hp_per_floor":[80,80,80,80,80,80,80,80,80,80,80,80,80,80,80,80,80,80,80,80,80,80,80,80,80],"card_choices":[{"not_picked":["Twin Strike","Whirlwind"],"picked":"Flame Barrier","floor":1},{"not_picked":["Perfected Strike","Whirlwind","Thunderclap"],"picked":"SKIP","floor":2},{"not_picked":["Hemokinesis","Rampage"],"picked":"Shrug It Off","floor":4},{"not_picked":["True Grit","Pommel Strike","Rupture"],"picked":"SKIP","floor":7},{"not_picked":["True Grit","Heavy Blade"],"picked":"Shrug It Off","floor":8},{"not_picked":["Seeing Red","Evolve","Rage"],"picked":"SKIP","floor":11},{"not_picked":["Inflame","Sword Boomerang","Cleave"],"picked":"SKIP","floor":14},{"not_picked":["Bludgeon","Limit Break"],"picked":"Impervious","floor":16},{"not_picked":["Dual Wield","True Grit"],"picked":"Shrug It Off","floor":18},{"not_picked":["Power Through","Bloodletting"],"picked":"Shrug It Off","floor":20}],"player_experience":145365,"relics_obtained":[{"floor":8,"key":"Odd Mushroom"},{"floor":9,"key":"Orichalcum"},{"floor":24,"key":"Art of War"}],"event_choices":[{"damage_healed":0,"gold_gain":0,"player_choice":"Bought 0 Potions","damage_taken":0,"max_hp_gain":0,"max_hp_loss":0,"event_name":"The Woman in Blue","floor":3,"gold_loss":0},{"damage_healed":0,"gold_gain":0,"player_choice":"Fought Mushrooms","damage_taken":0,"max_hp_gain":0,"max_hp_loss":0,"event_name":"Mushrooms","floor":8,"gold_loss":0},{"cards_removed":["Strike_R"],"damage_healed":0,"gold_gain":0,"player_choice":"Forget","damage_taken":0,"max_hp_gain":0,"max_hp_loss":0,"event_name":"Living Wall","floor":10,"gold_loss":0},{"damage_healed":20,"gold_gain":0,"player_choice":"Healed","damage_taken":0,"max_hp_gain":0,"max_hp_loss":0,"event_name":"The Cleric","floor":12,"gold_loss":35},{"damage_healed":0,"gold_gain":0,"player_choice":"Inject Mutagens","damage_taken":0,"relics_obtained":["MutagenicStrength"],"max_hp_gain":0,"max_hp_loss":0,"event_name":"Drug Dealer","floor":21,"gold_loss":0},{"damage_healed":0,"gold_gain":0,"player_choice":"Ignored","damage_taken":0,"max_hp_gain":0,"max_hp_loss":0,"event_name":"Ghosts","floor":22,"gold_loss":0}],"is_beta":false,"boss_relics":[{"not_picked":["Calling Bell","Cursed Key"],"picked":"Eternal Feather"}],"items_purged_floors":[],"is_endless":false,"potions_floor_spawned":[1,2,8,11],"killed_by":"Centurion and Healer","ascension_level":5}