{"gold_per_floor":[114,131,131,145,155,155,0,11,57,87,87,97,107,126,126,223,223,240,259,12,27,47,47,47,47,47,47,47,47,47,63,63,63],"floor_reached":33,"playtime":1348,"items_purged":["Strike_B","Defend_B"],"score":241,"play_id":"a95ec207-d015-477c-8738-fff493ad815e","local_time":"20180730175544","is_ascension_mode":false,"campfire_choices":[{"data":"Chaos","floor":6,"key":"SMITH"},{"data":"Streamline","floor":11,"key":"SMITH"},{"floor":15,"key":"REST"},{"floor":23,"key":"REST"},{"data":"Zap","floor":27,"key":"SMITH"},{"data":"Loop","floor":29,"key":"SMITH"},{"data":"Storm","floor":32,"key":"SMITH"}],"neow_cost":"NONE","seed_source_timestamp":1358176000129312,"circlet_count":0,"master_deck":["Strike_B","Strike_B","Defend_B","Defend_B","Zap+1","Dualcast","Auto Shields","Hologram","Conserve Battery","Chaos+1","Go for the Eyes","Hologram","Capacitor","Streamline+1","Rebound","Leap","Core Surge","Storm+1","Multi-Cast","Loop+1","Defragment+1","Defragment+1"],"relics":["White Beast Statue"],"potions_floor_usage":[5,8,8,10,13,14,16,18,21,22,22,22,22,22,22,22,31,33,33],"damage_taken":[{"damage":12,"enemies":"Small Slimes","floor":1,"turns":3},{"damage":0,"enemies":"Cultist","floor":2,"turns":3},{"damage":7,"enemies":"Jaw Worm","floor":4,"turns":4},{"damage":6,"enemies":"3 Louse","floor":5,"turns":2},{"damage":10,"enemies":"Lots of Slimes","floor":8,"turns":3},{"damage":16,"floor":10,"turns":5},{"damage":16,"enemies":"Gremlin Gang","floor":12,"turns":5},{"damage":0,"enemies":"Exordium Thugs","floor":13,"turns":4},{"damage":0,"enemies":"3 Louse","floor":14,"turns":3},{"damage":13,"enemies":"The Guardian","floor":16,"turns":10},{"damage":13,"enemies":"Chosen","floor":18,"turns":6},{"damage":17,"enemies":"3 Byrds","floor":19,"turns":8},{"damage":23,"enemies":"Snecko","floor":21,"turns":8},{"damage":7,"enemies":"Cultist and Chosen","floor":22,"turns":5},{"damage":17,"enemies":"3 Cultists","floor":31,"turns":7},{"damage":34,"enemies":"Automaton","floor":33,"turns":6}],"seed_played":"7003360263914380786","potions_obtained":[{"floor":1,"key":"PowerPotion"},{"floor":2,"key":"LiquidBronze"},{"floor":4,"key":"SkillPotion"},{"floor":5,"key":"Explosive Potion"},{"floor":8,"key":"Poison Potion"},{"floor":10,"key":"Strength Potion"},{"floor":12,"key":"Regen Potion"},{"floor":13,"key":"Explosive Potion"},{"floor":14,"key":"Block Potion"},{"floor":16,"key":"Poison Potion"},{"floor":18,"key":"Swift Potion"},{"floor":19,"key":"Dexterity Potion"},{"floor":21,"key":"EntropicBrew"},{"floor":22,"key":"Explosive Potion"},{"floor":31,"key":"Fire Potion"}],"is_trial":false,"path_per_floor":["M","M","?","M","M","R","$","M","T","?","R","M","M","M","R","B",null,"M","M","$","M","M","R","?","?","T","R","T","R","?","M","R"],"character_chosen":"DEFECT","items_purchased":["Go for the Eyes","Hologram","Multi-Cast","Loop"],"campfire_rested":2,"item_purchase_floors":[7,7,20,20],"current_hp_per_floor":[63,63,63,56,50,50,50,40,40,24,24,8,20,20,42,29,75,62,45,45,22,15,37,37,37,37,37,37,37,37,20,20,0],"gold":63,"neow_bonus":"BOSS_RELIC","is_prod":false,"is_daily":false,"chose_seed":false,"campfire_upgraded":5,"win_rate":0,"timestamp":1532994944,"path_taken":["M","M","?","M","M","R","?","M","T","?","R","M","M","M","R","BOSS","M","M","$","?","M","R","?","?","T","R","?","R","?","M","R","BOSS"],"build_version":"2018-07-26","purchased_purges":2,"victory":false,"max_hp_per_floor":[75,75,75,75,75,75,75,75,75,75,75,75,75,75,75,75,75,75,75,75,75,75,75,75,75,75,75,75,75,75,75,75,75],"card_choices":[{"not_picked":["Capacitor","Coolheaded"],"picked":"Auto Shields","floor":1},{"not_picked":["Compile Driver","Reinforced Body"],"picked":"Hologram","floor":2},{"not_picked":["Rebound","Leap"],"picked":"Conserve Battery","floor":4},{"not_picked":["Darkness","Ball Lightning"],"picked":"Chaos","floor":5},{"not_picked":["Sweeping Beam","Reinforced Body"],"picked":"Capacitor","floor":8},{"not_picked":["Rebound","Amplify"],"picked":"Streamline","floor":10},{"not_picked":["Hologram","Turbo"],"picked":"Rebound","floor":12},{"not_picked":["Streamline","Capacitor","Undo"],"picked":"SKIP","floor":13},{"not_picked":["Streamline","Coolheaded"],"picked":"Leap","floor":14},{"not_picked":["Seek","Multi-Cast"],"picked":"Core Surge","floor":16},{"not_picked":["Heatsinks","Leap+1","Rebound"],"picked":"SKIP","floor":18},{"not_picked":["Doom and Gloom","Compile Driver"],"picked":"Storm","floor":19},{"not_picked":["Turbo+1","Go for the Eyes+1","Leap"],"picked":"SKIP","floor":21},{"not_picked":["Coolheaded","Cold Snap+1"],"picked":"Defragment+1","floor":22},{"not_picked":["Reinforced Body","Hello World"],"picked":"Defragment+1","floor":31}],"player_experience":307887,"relics_obtained":[],"event_choices":[{"event_name":"Bonfire Elementals","player_choice":"BASIC","floor":3,"damage_taken":0},{"event_name":"Mushrooms","player_choice":"Fought Mushrooms","floor":10,"damage_taken":0},{"event_name":"Beggar","player_choice":"Ignored","floor":24,"damage_taken":0},{"event_name":"Vampires","player_choice":"Ignored","floor":25,"damage_taken":0},{"event_name":"Back to Basics","player_choice":"Elegance","floor":30,"damage_taken":0}],"is_beta":false,"boss_relics":[{"not_picked":["Tiny House","Inserter","Empty Cage"]}],"items_purged_floors":[7,20],"is_endless":false,"potions_floor_spawned":[1,2,4,5,8,10,12,13,14,16,18,19,21,22,31],"killed_by":"Automaton","ascension_level":0}