{"gold_per_floor":[111,128,53,72,72,99,99,118,144,144,158,518,518,537,537,642,642,631,631,452,463,463],"floor_reached":22,"playtime":2247,"items_purged":["Strike_G","Strike_G"],"score":211,"play_id":"ebd1efb9-00f3-46b4-b9b7-e4bdd68a97a2","local_time":"20190216014633","is_ascension_mode":false,"campfire_choices":[{"data":"Deadly Poison","floor":10.0,"key":"SMITH"},{"floor":15.0,"key":"REST"}],"neow_cost":"NONE","seed_source_timestamp":0,"circlet_count":0,"master_deck":["Defend_G","Defend_G","Defend_G","Defend_G","Strike_G","Survivor","Neutralize","Deadly Poison+1","PiercingWail","Prepared","PiercingWail","Ghostly","Ghostly","Ghostly","Ghostly","Ghostly","Catalyst"],"special_seed":0,"relics":["Ring of the Snake","StoneCalendar","Kunai","Boot","Old Coin","Empty Cage"],"potions_floor_usage":[],"damage_taken":[{"damage":0.0,"enemies":"Cultist","floor":1.0,"turns":4.0},{"damage":0.0,"enemies":"Small Slimes","floor":2.0,"turns":6.0},{"damage":0.0,"enemies":"2 Louse","floor":4.0,"turns":3.0},{"damage":42.0,"enemies":"3 Sentries","floor":6.0,"turns":16.0},{"damage":0.0,"enemies":"Blue Slaver","floor":8.0,"turns":6.0},{"damage":1.0,"enemies":"2 Fungi Beasts","floor":11.0,"turns":4.0},{"damage":17.0,"enemies":"Lagavulin Event","floor":12.0,"turns":7.0},{"damage":7.0,"enemies":"Large Slime","floor":14.0,"turns":7.0},{"damage":18.0,"enemies":"The Guardian","floor":16.0,"turns":10.0},{"damage":14.0,"enemies":"2 Thieves","floor":18.0,"turns":4.0},{"damage":6.0,"enemies":"Chosen","floor":21.0,"turns":7.0},{"damage":45,"enemies":"3 Cultists","floor":22,"turns":6}],"seed_played":"3454840504784733298","potions_obtained":[{"floor":2.0,"key":"Regen Potion"},{"floor":4.0,"key":"Swift Potion"},{"floor":8.0,"key":"SpeedPotion"},{"floor":12.0,"key":"EssenceOfSteel"}],"is_trial":false,"path_per_floor":["M","M","$","M","$","E","T","M","T","R","M","?","?","M","R","B",null,"M","?","$","M","M"],"character_chosen":"THE_SILENT","items_purchased":["Catalyst"],"campfire_rested":1,"item_purchase_floors":[20],"current_hp_per_floor":[77,77,77,77,77,35,35,35,35,35,34,22,15,8,31,13,77,63,38,38,32,0],"gold":463,"neow_bonus":"TEN_PERCENT_HP_BONUS","is_prod":false,"is_daily":false,"chose_seed":false,"campfire_upgraded":1,"win_rate":0.0,"timestamp":1550310393,"path_taken":["M","M","$","M","$","E","?","M","T","R","M","?","?","M","R","BOSS","M","?","$","M","M"],"build_version":"2019-01-23","purchased_purges":2,"victory":false,"max_hp_per_floor":[77,77,77,77,77,77,77,77,77,77,77,77,77,77,77,77,77,77,38,38,38,38],"card_choices":[{"not_picked":["Backflip","Acrobatics","Expertise"],"picked":"SKIP","floor":1.0},{"not_picked":["Terror","Caltrops","Skewer"],"picked":"SKIP","floor":2.0},{"not_picked":["Terror","Blade Dance"],"picked":"Deadly Poison","floor":4.0},{"not_picked":["After Image","Underhanded Strike","Predator"],"picked":"SKIP","floor":6.0},{"not_picked":["Cloak And Dagger","Tactician"],"picked":"PiercingWail","floor":8.0},{"not_picked":["Eviscerate","Footwork","Backflip"],"picked":"SKIP","floor":11.0},{"not_picked":["Blade Dance","Acrobatics"],"picked":"Prepared","floor":12.0},{"not_picked":["Flying Knee","Expertise"],"picked":"PiercingWail","floor":14.0},{"not_picked":["Dodge and Roll+1","PiercingWail","Masterful Stab"],"picked":"SKIP","floor":18.0},{"not_picked":["Backflip","Slice","A Thousand Cuts"],"picked":"SKIP","floor":21.0}],"player_experience":41702,"relics_obtained":[{"floor":6.0,"key":"StoneCalendar"},{"floor":7.0,"key":"Kunai"},{"floor":9.0,"key":"Boot"},{"floor":12.0,"key":"Old Coin"}],"event_choices":[{"damage_healed":0.0,"max_hp_gain":0.0,"max_hp_loss":0.0,"gold_gain":0.0,"event_name":"Dead Adventurer","player_choice":"Searched \u00271\u0027 times","floor":12.0,"gold_loss":0.0,"damage_taken":0.0},{"cards_removed":["Strike_G"],"damage_healed":0.0,"max_hp_gain":0.0,"max_hp_loss":0.0,"gold_gain":0.0,"event_name":"Golden Wing","player_choice":"Card Removal","floor":13.0,"gold_loss":0.0,"damage_taken":7.0},{"damage_healed":0.0,"max_hp_gain":0.0,"max_hp_loss":39.0,"gold_gain":0.0,"event_name":"Ghosts","player_choice":"Became a Ghost","floor":19.0,"gold_loss":0.0,"damage_taken":0.0,"cards_obtained":["Ghostly","Ghostly","Ghostly","Ghostly","Ghostly"]}],"is_beta":false,"boss_relics":[{"not_picked":["Snecko Eye","Cursed Key"],"picked":"Empty Cage"}],"items_purged_floors":[3,20],"is_endless":false,"potions_floor_spawned":[2,4,8,12],"killed_by":"3 Cultists","ascension_level":0}