{"gold_per_floor":[112,112,125,141,141,176,176,41,41,41,60,71,99,117,117,212,212,224,243,115,128,128],"floor_reached":22,"playtime":1609,"items_purged":["Strike_B"],"score":218,"play_id":"447a822a-8318-496b-af63-2c76784b0d8e","local_time":"20190318135403","is_ascension_mode":true,"campfire_choices":[{"floor":7,"key":"REST"},{"data":"Rip and Tear","floor":10,"key":"SMITH"},{"floor":15,"key":"REST"}],"neow_cost":"CURSE","seed_source_timestamp":1856278470945578,"circlet_count":0,"master_deck":["Strike_B","Strike_B","Strike_B","Defend_B","Defend_B","Defend_B","Defend_B","Zap","Dualcast","Gash","Rip and Tear","Ball Lightning","Rip and Tear+1","Multi-Cast","Barrage","Undo","Rip and Tear","BootSequence","Biased Cognition","Go for the Eyes","Consume","Redo","Conserve Battery+1"],"relics":["Cracked Core","GremlinMask","Thread and Needle","Torii","Pantograph","Inserter"],"potions_floor_usage":[16,21],"damage_taken":[{"damage":3,"enemies":"2 Louse","floor":1,"turns":2},{"damage":6,"enemies":"Cultist","floor":3,"turns":4},{"damage":7,"enemies":"Jaw Worm","floor":4,"turns":3},{"damage":24,"enemies":"Gremlin Nob","floor":6,"turns":4},{"damage":1,"enemies":"Blue Slaver","floor":11,"turns":2},{"damage":9,"enemies":"Large Slime","floor":12,"turns":3},{"damage":11,"enemies":"3 Sentries","floor":13,"turns":6},{"damage":1,"enemies":"3 Louse","floor":14,"turns":3},{"damage":25,"enemies":"The Guardian","floor":16,"turns":11},{"damage":14,"enemies":"3 Byrds","floor":18,"turns":5},{"damage":20,"enemies":"Shell Parasite","floor":19,"turns":6},{"damage":33,"enemies":"Centurion and Healer","floor":21,"turns":8},{"damage":23,"enemies":"Colosseum Slavers","floor":22,"turns":4}],"seed_played":"-6838544341216786705","potions_obtained":[{"floor":1,"key":"Poison Potion"},{"floor":11,"key":"SkillPotion"},{"floor":13,"key":"AttackPotion"},{"floor":16,"key":"Poison Potion"},{"floor":19,"key":"Dexterity Potion"},{"floor":21,"key":"Fire Potion"}],"is_trial":false,"path_per_floor":["M","?","M","M","?","E","R","$","T","R","M","M","E","M","R","B",null,"M","M","$","M","?"],"character_chosen":"DEFECT","items_purchased":["Multi-Cast","Redo"],"campfire_rested":2,"item_purchase_floors":[8,20],"current_hp_per_floor":[86,86,80,73,73,49,75,75,75,75,74,65,54,53,79,64,89,75,55,55,22,0],"gold":128,"neow_bonus":"TWENTY_PERCENT_HP_BONUS","is_prod":false,"is_daily":false,"chose_seed":false,"campfire_upgraded":1,"win_rate":0,"timestamp":1552928043,"path_taken":["M","?","M","?","?","E","R","$","T","R","M","?","E","M","R","BOSS","M","?","$","?","?"],"build_version":"2019-01-23","purchased_purges":1,"victory":false,"max_hp_per_floor":[89,89,89,89,89,89,89,89,89,89,89,89,89,89,89,89,89,89,89,89,89,89],"card_choices":[{"not_picked":["Beam Cell","Cold Snap"],"picked":"Gash","floor":1},{"not_picked":["Rebound","Beam Cell"],"picked":"Rip and Tear","floor":3},{"not_picked":["Stack","Loop"],"picked":"Ball Lightning","floor":4},{"not_picked":["Force Field","Barrage"],"picked":"Rip and Tear","floor":6},{"not_picked":["Multi-Cast","Streamline"],"picked":"Barrage","floor":11},{"not_picked":["Barrage","Cold Snap"],"picked":"Undo","floor":12},{"not_picked":["Lockon","Scrape"],"picked":"Rip and Tear","floor":13},{"not_picked":["Genetic Algorithm","Sweeping Beam"],"picked":"BootSequence","floor":14},{"not_picked":["Rainbow","Core Surge"],"picked":"Biased Cognition","floor":16},{"not_picked":["Stack","Coolheaded+1"],"picked":"Go for the Eyes","floor":18},{"not_picked":["Ball Lightning","Chaos"],"picked":"Consume","floor":19},{"not_picked":["Doom and Gloom","Hologram"],"picked":"Conserve Battery+1","floor":21}],"player_experience":93220,"relics_obtained":[{"floor":6,"key":"Thread and Needle"},{"floor":9,"key":"Torii"},{"floor":13,"key":"Pantograph"}],"event_choices":[{"damage_healed":0,"gold_gain":0,"player_choice":"Trade","damage_taken":0,"relics_obtained":["GremlinMask"],"max_hp_gain":0,"max_hp_loss":0,"event_name":"FaceTrader","floor":2,"gold_loss":0},{"cards_removed":["Injury"],"damage_healed":0,"gold_gain":0,"player_choice":"Removed Curses","damage_taken":0,"max_hp_gain":0,"max_hp_loss":0,"event_name":"Fountain of Cleansing","floor":5,"gold_loss":0},{"damage_healed":0,"gold_gain":0,"player_choice":"Fight","damage_taken":0,"max_hp_gain":0,"max_hp_loss":0,"event_name":"Colosseum","floor":22,"gold_loss":0}],"is_beta":false,"boss_relics":[{"not_picked":["White Beast Statue","Nuclear Battery"],"picked":"Inserter"}],"items_purged_floors":[20],"is_endless":false,"potions_floor_spawned":[1,11,13,16,19,21],"killed_by":"Colosseum Slavers","ascension_level":2}