{"gold_per_floor":[210,97,108,126,145,145,158,158,213,242,255,8,18,51,51,149,149,161,161,76,50,63,63,63,76,121,150,150,150,150,169,169,271,271,290,165,165,165,178,191,191,219,219,69,89,89,135,151,151,151],"floor_reached":51,"playtime":1900,"items_purged":["Strike_R","Strike_R","Defend_R","Defend_R"],"score":972,"play_id":"7dbaeeee-3d00-44aa-91d6-514cf8c893d5","local_time":"20180713134209","is_ascension_mode":false,"campfire_choices":[{"data":"Body Slam","floor":6,"key":"SMITH"},{"data":"Body Slam","floor":8,"key":"SMITH"},{"data":"Shrug It Off","floor":15,"key":"SMITH"},{"data":"Defend_R","floor":28,"key":"SMITH"},{"floor":32,"key":"REST"},{"data":"Bash","floor":41,"key":"SMITH"},{"floor":49,"key":"REST"}],"neow_cost":"NONE","seed_source_timestamp":42480274305515,"circlet_count":0,"master_deck":["Defend_R+1","Bash+1","Body Slam+1","Body Slam+1","Shrug It Off+1","Shrug It Off+1"],"relics":["Burning Blood","Juzu Bracelet","Odd Mushroom","Bag of Marbles","Toxic Egg 2","Velvet Choker","Vajra","Boot","Pantograph","Empty Cage","Ginger","Dodecahedron","Mummified Hand","Charon\u0027s Ashes"],"potions_floor_usage":[10,31,42],"damage_taken":[{"damage":2,"enemies":"Small Slimes","floor":1,"turns":3},{"damage":8,"enemies":"2 Louse","floor":3,"turns":4},{"damage":10,"enemies":"Jaw Worm","floor":4,"turns":4},{"damage":7,"enemies":"Looter","floor":5,"turns":4},{"damage":4,"enemies":"Exordium Wildlife","floor":7,"turns":4},{"damage":22,"floor":10,"turns":5},{"damage":9,"enemies":"Blue Slaver","floor":11,"turns":3},{"damage":5,"enemies":"Exordium Thugs","floor":13,"turns":2},{"damage":3,"enemies":"3 Sentries","floor":14,"turns":7},{"damage":38,"enemies":"The Guardian","floor":16,"turns":11},{"damage":2,"enemies":"Shell Parasite","floor":18,"turns":3},{"damage":15,"enemies":"3 Byrds","floor":22,"turns":6},{"damage":5,"enemies":"Snecko","floor":25,"turns":4},{"damage":27,"enemies":"Book of Stabbing","floor":27,"turns":6},{"damage":19,"enemies":"Cultist and Chosen","floor":31,"turns":10},{"damage":57,"enemies":"Champ","floor":33,"turns":10},{"damage":25,"enemies":"Orb Walker","floor":35,"turns":4},{"damage":13,"floor":38,"turns":3},{"damage":0,"enemies":"3 Darklings","floor":39,"turns":2},{"damage":0,"enemies":"Transient","floor":40,"turns":5},{"damage":0,"enemies":"Giant Head","floor":42,"turns":4},{"damage":0,"enemies":"4 Shapes","floor":45,"turns":3},{"damage":29,"floor":47,"turns":4},{"damage":0,"enemies":"Maw","floor":48,"turns":4},{"damage":34,"enemies":"Time Eater","floor":50,"turns":7}],"seed_played":"-7010786262117732407","potions_obtained":[{"floor":3,"key":"Strength Potion"},{"floor":4,"key":"Block Potion"},{"floor":11,"key":"FairyPotion"},{"floor":13,"key":"Weak Potion"},{"floor":31,"key":"LiquidBronze"},{"floor":42,"key":"Energy Potion"}],"is_trial":false,"path_per_floor":["M","$","M","M","M","R","M","R","T","?","M","$","M","E","R","B",null,"M","?","?","$","M","?","?","M","T","E","R","?","?","M","R","B",null,"M","$","?","?","M","M","R","E","T","$","M","?","?","M","R","B"],"character_chosen":"IRONCLAD","items_purchased":["Spot Weakness","Bag of Marbles","Shrug It Off+1"],"campfire_rested":2,"item_purchase_floors":[2,12,21],"current_hp_per_floor":[80,80,78,74,73,73,75,75,75,59,56,56,57,60,60,28,80,80,65,65,65,56,48,48,49,49,28,28,28,28,15,40,14,85,66,66,66,78,84,85,85,85,85,85,85,85,62,68,85,57],"gold":151,"neow_bonus":"HUNDRED_GOLD","is_prod":false,"is_daily":false,"chose_seed":false,"campfire_upgraded":5,"win_rate":0,"timestamp":1531510929,"path_taken":["M","$","M","M","M","R","M","R","T","?","M","$","M","E","R","BOSS","M","?","?","$","M","?","?","M","T","E","R","?","?","M","R","BOSS","M","$","?","?","M","M","R","E","T","$","M","?","?","M","R","BOSS"],"build_version":"2018-07-12","purchased_purges":4,"victory":true,"max_hp_per_floor":[80,80,80,80,80,80,80,80,80,80,80,80,80,80,80,80,80,80,85,85,85,85,85,85,85,85,85,85,85,85,85,85,85,85,85,85,85,85,85,85,85,85,85,85,85,85,85,85,85,85],"card_choices":[{"not_picked":["Iron Wave","Wild Strike"],"picked":"Body Slam","floor":1},{"not_picked":["Sword Boomerang","Clash","Clothesline"],"picked":"SKIP","floor":3},{"not_picked":["Perfected Strike","Cleave","Fire Breathing"],"picked":"SKIP","floor":4},{"not_picked":["Cleave","Metallicize","Headbutt"],"picked":"SKIP","floor":5},{"not_picked":["Impervious","Cleave"],"picked":"Body Slam","floor":7},{"not_picked":["Wild Strike","Clash"],"picked":"Shrug It Off","floor":11},{"not_picked":["Iron Wave","Clothesline","Blood for Blood"],"picked":"SKIP","floor":13},{"not_picked":["Double Tap","Heavy Blade","Infernal Blade"],"picked":"SKIP","floor":14},{"not_picked":["Clothesline","True Grit+1","Seeing Red+1"],"picked":"SKIP","floor":18},{"not_picked":["Battle Trance+1","Clash","Twin Strike"],"picked":"SKIP","floor":22},{"not_picked":["Wild Strike","Twin Strike","Pommel Strike"],"picked":"SKIP","floor":25},{"not_picked":["Reaper","Searing Blow","Wild Strike"],"picked":"SKIP","floor":27},{"not_picked":["Sword Boomerang","Clash+1","Warcry+1"],"picked":"SKIP","floor":31},{"not_picked":["Headbutt+1","Clash+1","True Grit+1"],"picked":"SKIP","floor":35},{"not_picked":["Wild Strike+1","Warcry+1","Offering+1"],"picked":"SKIP","floor":39},{"not_picked":["Clothesline+1","Wild Strike","Reckless Charge+1"],"picked":"SKIP","floor":40},{"not_picked":["Inflame","Shrug It Off+1","Sever Soul+1"],"picked":"SKIP","floor":42},{"not_picked":["Sentinel+1","Shockwave+1","Hemokinesis"],"picked":"SKIP","floor":45},{"not_picked":["Pummel+1","Dual Wield+1","Spot Weakness+1"],"picked":"SKIP","floor":48}],"player_experience":192664,"relics_obtained":[{"floor":9,"key":"Juzu Bracelet"},{"floor":10,"key":"Odd Mushroom"},{"floor":14,"key":"Toxic Egg 2"},{"floor":26,"key":"Boot"},{"floor":27,"key":"Pantograph"},{"floor":38,"key":"Ginger"},{"floor":42,"key":"Dodecahedron"},{"floor":43,"key":"Mummified Hand"},{"floor":47,"key":"Charon\u0027s Ashes"}],"event_choices":[{"event_name":"Mushrooms","player_choice":"Fought Mushrooms","floor":10,"damage_taken":0},{"event_name":"Forgotten Altar","player_choice":"Shed Blood","floor":19,"damage_taken":0},{"event_name":"Addict","player_choice":"Obtained Relic","floor":20,"damage_taken":0},{"event_name":"Knowing Skull","player_choice":"","floor":23,"damage_taken":0},{"event_name":"Wheel of Change","player_choice":"Card Removal","floor":24,"damage_taken":0},{"event_name":"Vampires","player_choice":"Ignored","floor":29,"damage_taken":0},{"event_name":"Back to Basics","player_choice":"Elegance","floor":30,"damage_taken":0},{"event_name":"Falling","player_choice":"Removed Skill","floor":37,"damage_taken":0},{"event_name":"MindBloom","player_choice":"Fight","floor":38,"damage_taken":0},{"event_name":"Duplicator","player_choice":"Ignored","floor":46,"damage_taken":0},{"event_name":"Mysterious Sphere","player_choice":"Fight","floor":47,"damage_taken":0}],"boss_relics":[{"not_picked":["Orrery","Runic Dome"],"picked":"Velvet Choker"},{"not_picked":["Busted Crown","Black Blood"],"picked":"Empty Cage"}],"items_purged_floors":[2,12,36,44],"is_endless":false,"potions_floor_spawned":[3,4,11,13,18,27,31,40,42,47,48],"ascension_level":0}