{"gold_per_floor":[118,135,135,135,6,6,6,23,74,74,102,52,52,52,52,156,156,171,182,10,85,102,102,113,113,113,113,129,129,129,129,129,226,226,237,237,255,273,54,54,74,74,99,119,119,131,0,0,0,0],"floor_reached":51,"playtime":3442,"items_purged":["Strike_R","Defend_R"],"score":755,"play_id":"5a24c128-8ff9-42cc-b3ca-b7d103c58c95","local_time":"20190206175247","is_ascension_mode":true,"campfire_choices":[{"floor":6.0,"key":"REST"},{"data":"Armaments","floor":10.0,"key":"SMITH"},{"floor":15.0,"key":"REST"},{"floor":23.0,"key":"REST"},{"data":"Metallicize","floor":25.0,"key":"SMITH"},{"data":"Heavy Blade","floor":27.0,"key":"SMITH"},{"floor":32.0,"key":"REST"},{"floor":40.0,"key":"REST"},{"floor":42.0,"key":"REST"},{"data":"Limit Break","floor":49,"key":"SMITH"}],"neow_cost":"NONE","seed_source_timestamp":0,"circlet_count":0,"master_deck":["Bash","Spot Weakness","Iron Wave+1","Armaments+1","Flex","Heavy Blade+1","Limit Break+1","Flame Barrier","Shrug It Off+1","Metallicize+1","Flame Barrier","Necronomicurse","Sword Boomerang+1","Inflame+1","Iron Wave+1","Shrug It Off+1","Metallicize+1"],"special_seed":0,"relics":["Burning Blood","Question Card","Boot","Strawberry","Busted Crown","Incense Burner","Necronomicon","MutagenicStrength","Empty Cage","TheAbacus","Whetstone","Red Mask","Shuriken"],"potions_floor_usage":[50,50,50],"damage_taken":[{"damage":7.0,"enemies":"2 Louse","floor":1.0,"turns":4.0},{"damage":11.0,"enemies":"Small Slimes","floor":2.0,"turns":4.0},{"damage":0.0,"enemies":"Cultist","floor":8.0,"turns":4.0},{"damage":23.0,"enemies":"Lagavulin","floor":11.0,"turns":7.0},{"damage":49.0,"enemies":"The Guardian","floor":16.0,"turns":9.0},{"damage":22.0,"enemies":"2 Thieves","floor":18.0,"turns":4.0},{"damage":10.0,"enemies":"Spheric Guardian","floor":19.0,"turns":4.0},{"damage":3.0,"enemies":"Centurion and Healer","floor":22.0,"turns":9.0},{"damage":15.0,"enemies":"Shelled Parasite and Fungi","floor":24.0,"turns":7.0},{"damage":21.0,"enemies":"Snake Plant","floor":28.0,"turns":5.0},{"damage":57.0,"enemies":"Automaton","floor":33.0,"turns":8.0},{"damage":41.0,"enemies":"3 Darklings","floor":35.0,"turns":6.0},{"damage":20.0,"enemies":"3 Shapes","floor":37.0,"turns":4.0},{"damage":20.0,"enemies":"Jaw Worm Horde","floor":38.0,"turns":4.0},{"damage":9.0,"enemies":"3 Darklings","floor":41.0,"turns":6.0},{"damage":0,"enemies":"Transient","floor":44,"turns":5},{"damage":18,"enemies":"Jaw Worm Horde","floor":46,"turns":5},{"damage":39,"enemies":"Awakened One","floor":50,"turns":7}],"seed_played":"8897520441217301437","potions_obtained":[{"floor":1.0,"key":"PowerPotion"},{"floor":24.0,"key":"Strength Potion"},{"floor":28.0,"key":"LiquidBronze"},{"floor":35.0,"key":"AttackPotion"},{"floor":36.0,"key":"Fruit Juice"},{"floor":37.0,"key":"PowerPotion"}],"is_trial":false,"path_per_floor":["?","?","?","M","?","?","?","?","M","M","?","?","?","?","M","?","?","T"],"character_chosen":"IRONCLAD","items_purchased":["Armaments","Metallicize","Iron Wave","TheAbacus"],"campfire_rested":6,"item_purchase_floors":[5,20,39,39],"current_hp_per_floor":[79,74,67,60,60,80,80,80,80,80,70,70,75,75,92,49,92,76,72,72,63,66,92,83,83,83,83,68,52,52,52,79,28,92,57,57,48,34,34,63,60,89,89,95,95,83,83,83,83,50],"gold":0,"neow_bonus":"REMOVE_CARD","is_prod":false,"is_daily":false,"chose_seed":false,"campfire_upgraded":4,"win_rate":0,"timestamp":1549471967,"path_taken":["M","M","?","?","$","R","?","?","T","R","E","?","?","?","R","BOSS","M","M","$","?","?","R","M","R","T","R","?","?","?","?","R","BOSS","M","?","M","?","$","R","M","R","T","M","?","M","?","?","R","BOSS"],"build_version":"2019-01-23","purchased_purges":2,"victory":true,"max_hp_per_floor":[80,80,80,80,80,80,80,80,80,80,87,87,92,92,92,92,92,92,92,92,92,92,92,92,92,92,92,92,92,92,92,92,92,92,92,92,97,97,97,97,97,97,97,97,97,97,97,97,97,97],"card_choices":[{"not_picked":["Searing Blow","Flex"],"picked":"Spot Weakness","floor":1.0},{"not_picked":["Corruption","Wild Strike"],"picked":"Iron Wave","floor":2.0},{"not_picked":["Thunderclap","Perfected Strike","Anger"],"picked":"Flex","floor":8.0},{"not_picked":["Combust","Burning Pact","Havoc"],"picked":"Heavy Blade","floor":11.0},{"not_picked":["Brutality","Immolate","Offering"],"picked":"Limit Break","floor":16.0},{"not_picked":["Warcry"],"picked":"Flame Barrier","floor":18.0},{"not_picked":["Flex"],"picked":"Shrug It Off+1","floor":19.0},{"not_picked":["Perfected Strike","Blood for Blood"],"picked":"SKIP","floor":22.0},{"not_picked":["Infernal Blade"],"picked":"Flame Barrier","floor":24.0},{"not_picked":["Shockwave","Evolve"],"picked":"SKIP","floor":28.0},{"not_picked":["Body Slam"],"picked":"Sword Boomerang+1","floor":35.0},{"not_picked":["Perfected Strike"],"picked":"Inflame+1","floor":37.0},{"not_picked":["Anger+1","Infernal Blade"],"picked":"SKIP","floor":38.0},{"not_picked":["Pummel"],"picked":"Shrug It Off+1","floor":41.0},{"not_picked":["Feed","Anger"],"picked":"SKIP","floor":44},{"not_picked":["Bloodletting"],"picked":"Metallicize+1","floor":46}],"player_experience":109278,"relics_obtained":[{"floor":9.0,"key":"Boot"},{"floor":11.0,"key":"Strawberry"},{"floor":26.0,"key":"Incense Burner"},{"floor":29.0,"key":"Necronomicon"},{"floor":43.0,"key":"Whetstone"},{"floor":48,"key":"Shuriken"}],"event_choices":[{"damage_healed":0.0,"max_hp_gain":0.0,"max_hp_loss":0.0,"gold_gain":0.0,"event_name":"Scrap Ooze","player_choice":"Success","floor":3.0,"gold_loss":0.0,"damage_taken":7.0,"relics_obtained":["Question Card"]},{"cards_removed":["Strike_R"],"damage_healed":0.0,"max_hp_gain":0.0,"max_hp_loss":0.0,"gold_gain":0.0,"event_name":"Golden Wing","player_choice":"Card Removal","floor":4.0,"gold_loss":0.0,"damage_taken":7.0},{"cards_removed":["Defend_R"],"damage_healed":0.0,"max_hp_gain":0.0,"max_hp_loss":0.0,"gold_gain":0.0,"event_name":"Purifier","player_choice":"Purged","floor":7.0,"gold_loss":0.0,"damage_taken":0.0},{"cards_removed":["Strike_R"],"damage_healed":0.0,"max_hp_gain":0.0,"max_hp_loss":0.0,"gold_gain":0.0,"event_name":"The Cleric","player_choice":"Card Removal","floor":12.0,"gold_loss":50.0,"damage_taken":0.0},{"damage_healed":0.0,"max_hp_gain":5.0,"max_hp_loss":0.0,"gold_gain":0.0,"event_name":"Big Fish","player_choice":"Donut","floor":13.0,"gold_loss":0.0,"damage_taken":0.0},{"damage_healed":0.0,"max_hp_gain":0.0,"max_hp_loss":0.0,"gold_gain":0.0,"event_name":"Liars Game","player_choice":"Ignored","floor":14.0,"gold_loss":0.0,"damage_taken":0.0},{"damage_healed":0.0,"max_hp_gain":0.0,"max_hp_loss":0.0,"gold_gain":75.0,"event_name":"FaceTrader","player_choice":"Touch","floor":21.0,"gold_loss":0.0,"damage_taken":9.0},{"damage_healed":0.0,"max_hp_gain":0.0,"max_hp_loss":0.0,"gold_gain":0.0,"event_name":"Cursed Tome","player_choice":"Obtained Book","floor":29.0,"gold_loss":0.0,"damage_taken":16.0},{"damage_healed":0.0,"max_hp_gain":0.0,"max_hp_loss":0.0,"gold_gain":0.0,"event_name":"Drug Dealer","player_choice":"Inject Mutagens","floor":30.0,"gold_loss":0.0,"damage_taken":0.0,"relics_obtained":["MutagenicStrength"]},{"cards_removed":["Defend_R"],"damage_healed":0.0,"max_hp_gain":0.0,"max_hp_loss":0.0,"gold_gain":0.0,"event_name":"Back to Basics","player_choice":"Elegance","floor":31.0,"gold_loss":0.0,"damage_taken":0.0},{"damage_healed":0.0,"max_hp_gain":0.0,"max_hp_loss":0.0,"gold_gain":0.0,"event_name":"Lab","player_choice":"Got Potions","floor":36.0,"gold_loss":0.0,"damage_taken":0.0},{"damage_healed":0,"gold_gain":0,"player_choice":"Ignored","damage_taken":0,"max_hp_gain":0,"max_hp_loss":0,"event_name":"Mysterious Sphere","floor":45,"gold_loss":0},{"damage_healed":0,"gold_gain":0,"player_choice":"Paid","damage_taken":0,"relics_obtained":["Red Mask"],"max_hp_gain":0,"max_hp_loss":0,"event_name":"Tomb of Lord Red Mask","floor":47,"gold_loss":131}],"is_beta":false,"boss_relics":[{"not_picked":["Velvet Choker","Ectoplasm"],"picked":"Busted Crown"},{"not_picked":["Coffee Dripper","Tiny House"],"picked":"Empty Cage"}],"items_purged_floors":[5,20],"is_endless":false,"potions_floor_spawned":[1,24,28,35,37,38,46],"ascension_level":2}