{"gold_per_floor":[112,128,148,323,335,366,366,366,366,382,402,402,419,439,439,544,544,557,557,291,291,308,327,345,355,355,355,389,405,438,451,451,553,603,613,628,638,654,700,700,711,711,711,611,629,647,663,663,663,663],"floor_reached":51,"playtime":5491,"items_purged":["Doubt","Coolheaded+1"],"score":681,"play_id":"ac8f476b-c837-4328-8291-0268b2f19563","local_time":"20190302002433","is_ascension_mode":false,"campfire_choices":[{"data":"Chill","floor":7.0,"key":"SMITH"},{"data":"Glacier","floor":12.0,"key":"SMITH"},{"data":"Cold Snap","floor":15.0,"key":"SMITH"},{"data":"Apotheosis","floor":27.0,"key":"SMITH"},{"data":"Consume","floor":32.0,"key":"SMITH"},{"floor":40,"key":"REST"},{"data":"Zap","floor":42,"key":"SMITH"},{"floor":49,"key":"REST"}],"neow_cost":"NONE","seed_source_timestamp":0,"circlet_count":0,"master_deck":["Zap+1","Dualcast+1","Sweeping Beam","Rip and Tear","Sunder+1","Conserve Battery","Storm","Ball Lightning","Glacier+1","Conserve Battery","FTL","Cold Snap+1","Chill+1","BootSequence","Seek","Apotheosis+1","Chill+1","Ball Lightning+1","Ball Lightning","Consume+1","Echo Form+1","Coolheaded+1","Loop+1"],"special_seed":0,"relics":["Pandora\u0027s Box","Meat on the Bone","Frozen Egg 2","Sozu","Incense Burner","Red Mask","Bottled Tornado","Tiny House","WingedGreaves","Shuriken"],"potions_floor_usage":[39,50],"damage_taken":[{"damage":0.0,"enemies":"Small Slimes","floor":1.0,"turns":2.0},{"damage":0.0,"enemies":"Jaw Worm","floor":2.0,"turns":3.0},{"damage":0.0,"enemies":"Cultist","floor":3.0,"turns":3.0},{"damage":11.0,"enemies":"Exordium Wildlife","floor":5.0,"turns":4.0},{"damage":10.0,"enemies":"Lagavulin","floor":6.0,"turns":7.0},{"damage":3.0,"enemies":"Looter","floor":10.0,"turns":4.0},{"damage":0.0,"enemies":"3 Louse","floor":11.0,"turns":2.0},{"damage":0.0,"enemies":"2 Fungi Beasts","floor":13.0,"turns":3.0},{"damage":0.0,"enemies":"Exordium Thugs","floor":14.0,"turns":4.0},{"damage":45.0,"enemies":"Slime Boss","floor":16.0,"turns":11.0},{"damage":0.0,"enemies":"Shell Parasite","floor":18.0,"turns":7.0},{"damage":0.0,"enemies":"Spheric Guardian","floor":22.0,"turns":4.0},{"damage":0.0,"enemies":"Snake Plant","floor":23.0,"turns":4.0},{"damage":8.0,"enemies":"Shelled Parasite and Fungi","floor":24.0,"turns":4.0},{"damage":0.0,"enemies":"Centurion and Healer","floor":25.0,"turns":5.0},{"damage":0.0,"enemies":"Masked Bandits","floor":28.0,"turns":5.0},{"damage":0.0,"enemies":"Snake Plant","floor":29.0,"turns":4.0},{"damage":20.0,"enemies":"Gremlin Leader","floor":30.0,"turns":7.0},{"damage":0.0,"enemies":"Shelled Parasite and Fungi","floor":31.0,"turns":5.0},{"damage":40.0,"enemies":"Automaton","floor":33.0,"turns":10.0},{"damage":12.0,"enemies":"Orb Walker","floor":35.0,"turns":4.0},{"damage":0.0,"enemies":"3 Shapes","floor":36.0,"turns":5.0},{"damage":4.0,"enemies":"Spire Growth","floor":37.0,"turns":5.0},{"damage":3,"enemies":"Jaw Worm Horde","floor":38,"turns":5},{"damage":46,"enemies":"2 Orb Walkers","floor":39,"turns":6},{"damage":2,"enemies":"Transient","floor":41,"turns":5},{"damage":12,"enemies":"Sphere and 2 Shapes","floor":45,"turns":7},{"damage":6,"enemies":"Jaw Worm Horde","floor":46,"turns":5},{"damage":6,"enemies":"Spire Growth","floor":47,"turns":5},{"damage":39,"enemies":"Time Eater","floor":50,"turns":12}],"seed_played":"-6491206123104499707","potions_obtained":[{"floor":1.0,"key":"Swift Potion"},{"floor":6.0,"key":"LiquidBronze"},{"floor":13.0,"key":"Fire Potion"},{"floor":16.0,"key":"SpeedPotion"}],"is_trial":false,"path_per_floor":["M","M","M","?","M","E","R","?","T","M","M","R","M","M","R","B",null,"M","?","$","?","M","M","M","M","T","R","?","M","E","M","R","B",null,"M","M","M","M","?","R","M","R","T","$","M","M","M","?","R","B",null],"character_chosen":"DEFECT","items_purchased":["Apotheosis"],"campfire_rested":2,"item_purchase_floors":[20],"current_hp_per_floor":[75,75,75,75,64,54,54,85,85,82,82,82,82,82,82,49,85,85,69,69,69,69,69,61,61,61,61,61,61,53,53,53,25,95,83,83,79,76,42,70,68,68,68,68,56,50,56,56,84,57],"gold":663,"neow_bonus":"BOSS_RELIC","is_prod":false,"is_daily":false,"chose_seed":false,"campfire_upgraded":6,"win_rate":0.0,"timestamp":1551515073,"path_taken":["M","M","M","?","M","E","R","?","T","M","?","R","M","M","R","BOSS","M","?","$","?","M","M","M","M","T","R","?","M","E","M","R","BOSS","M","M","M","M","?","R","M","R","T","$","M","M","M","?","R","BOSS"],"build_version":"2019-01-23","purchased_purges":2,"victory":true,"max_hp_per_floor":[75,75,75,75,75,75,75,85,85,85,85,85,85,85,85,85,85,85,90,90,90,90,90,90,90,90,90,90,90,90,90,90,90,95,95,95,95,95,95,95,95,95,95,95,95,95,95,95,95,95],"card_choices":[{"not_picked":["Stack","Coolheaded"],"picked":"Conserve Battery","floor":1.0},{"not_picked":["Go for the Eyes","Rebound","Ball Lightning"],"picked":"SKIP","floor":2.0},{"not_picked":["Ball Lightning","Sweeping Beam"],"picked":"FTL","floor":3.0},{"not_picked":["Darkness","Conserve Battery"],"picked":"Cold Snap","floor":5.0},{"not_picked":["Rainbow","White Noise"],"picked":"Chill","floor":6.0},{"not_picked":["Steam","Chaos","Stack"],"picked":"SKIP","floor":10.0},{"not_picked":["Hologram","Leap"],"picked":"BootSequence","floor":11.0},{"not_picked":["Leap","Reboot","Hologram"],"picked":"SKIP","floor":13.0},{"not_picked":["Melter","Streamline","Redo"],"picked":"SKIP","floor":14.0},{"not_picked":["Amplify","Fission"],"picked":"Seek","floor":16.0},{"not_picked":["Streamline","Sunder","Static Discharge+1"],"picked":"SKIP","floor":18.0},{"not_picked":["Compile Driver","Beam Cell+1","Coolheaded"],"picked":"SKIP","floor":22.0},{"not_picked":["Static Discharge+1","Redo"],"picked":"Chill+1","floor":23.0},{"not_picked":["Beam Cell","Static Discharge+1"],"picked":"Ball Lightning+1","floor":24.0},{"not_picked":["Chaos","Undo","Skim"],"picked":"SKIP","floor":25.0},{"not_picked":["Leap","Sunder"],"picked":"Ball Lightning","floor":28.0},{"not_picked":["Barrage","Lockon","Steam"],"picked":"SKIP","floor":29.0},{"not_picked":["Loop+1","Cold Snap"],"picked":"Consume","floor":30.0},{"not_picked":["Cold Snap","Conserve Battery","Thunder Strike"],"picked":"SKIP","floor":31.0},{"not_picked":["Meteor Strike","Electrodynamics+1"],"picked":"Echo Form+1","floor":33.0},{"not_picked":["Compile Driver+1","Steam"],"picked":"Coolheaded+1","floor":34.0},{"not_picked":["Go for the Eyes","Rebound+1","Steam"],"picked":"SKIP","floor":35.0},{"not_picked":["Reprogram","Stack+1","Hologram+1"],"picked":"SKIP","floor":36.0},{"not_picked":["Sweeping Beam","Double Energy+1","Rebound+1"],"picked":"SKIP","floor":37.0},{"not_picked":["Fusion+1","Compile Driver+1","Turbo+1"],"picked":"SKIP","floor":38},{"not_picked":["Melter","Self Repair+1","Reboot"],"picked":"SKIP","floor":41},{"not_picked":["Ball Lightning","Go for the Eyes","Beam Cell"],"picked":"SKIP","floor":45},{"not_picked":["Redo+1","Rebound+1"],"picked":"Coolheaded+1","floor":46},{"not_picked":["Gash+1","Hello World+1"],"picked":"Loop+1","floor":47}],"player_experience":70952,"relics_obtained":[{"floor":6.0,"key":"Meat on the Bone"},{"floor":9.0,"key":"Frozen Egg 2"},{"floor":26.0,"key":"Incense Burner"},{"floor":28.0,"key":"Red Mask"},{"floor":30.0,"key":"Bottled Tornado"},{"floor":39,"key":"WingedGreaves"},{"floor":43,"key":"Shuriken"}],"event_choices":[{"damage_healed":0.0,"max_hp_gain":0.0,"max_hp_loss":0.0,"gold_gain":175.0,"event_name":"Liars Game","player_choice":"AGREE","floor":4.0,"gold_loss":0.0,"damage_taken":0.0,"cards_obtained":["Doubt"]},{"cards_removed":["All For One"],"damage_healed":21.0,"max_hp_gain":10.0,"max_hp_loss":0.0,"gold_gain":0.0,"event_name":"Bonfire Elementals","player_choice":"Offered Rare","floor":8.0,"gold_loss":0.0,"damage_taken":0.0},{"damage_healed":0.0,"max_hp_gain":5.0,"max_hp_loss":0.0,"gold_gain":0.0,"event_name":"Forgotten Altar","player_choice":"Shed Blood","floor":19.0,"gold_loss":0.0,"damage_taken":21.0},{"damage_healed":0.0,"max_hp_gain":0.0,"max_hp_loss":0.0,"gold_gain":0.0,"event_name":"Ghosts","player_choice":"Ignored","floor":21.0,"gold_loss":0.0,"damage_taken":0.0},{"damage_healed":0.0,"max_hp_gain":0.0,"max_hp_loss":0.0,"gold_gain":0.0,"event_name":"Masked Bandits","player_choice":"Fought Bandits","floor":28.0,"gold_loss":0.0,"damage_taken":0.0},{"damage_healed":0,"gold_gain":0,"player_choice":"Fight","damage_taken":0,"max_hp_gain":0,"max_hp_loss":0,"event_name":"Mysterious Sphere","floor":39,"gold_loss":0},{"damage_healed":0,"gold_gain":0,"player_choice":"Upgraded","damage_taken":0,"max_hp_gain":0,"max_hp_loss":0,"event_name":"Upgrade Shrine","floor":48,"gold_loss":0,"cards_upgraded":["Sunder"]}],"is_beta":false,"boss_relics":[{"not_picked":["Snecko Eye","White Beast Statue"],"picked":"Sozu"},{"not_picked":["Busted Crown","Calling Bell"],"picked":"Tiny House"}],"items_purged_floors":[20,44],"is_endless":false,"potions_floor_spawned":[1,6,13,16,18,25,29,31,33,35,38,45,46],"ascension_level":0}