{"gold_per_floor":[119,119,69,69,80,115,115,126,177,177,187,187,35,53,53,158,158,170,170,180,196,196,196],"floor_reached":23,"playtime":1957,"items_purged":["Regret"],"score":191,"play_id":"7b2c185b-0d6d-4c3b-ad00-10b6c778a787","local_time":"20190204190456","is_ascension_mode":false,"campfire_choices":[{"floor":7,"key":"REST"},{"floor":12,"key":"REST"},{"floor":15,"key":"REST"}],"neow_cost":"NONE","seed_source_timestamp":30519184017859,"circlet_count":0,"master_deck":["Strike_R","Strike_R","Strike_R","Defend_R","Defend_R","Defend_R","Defend_R","Purity","Metallicize","Impervious","Shrug It Off","Feel No Pain","Armaments","Juggernaut","Armaments","True Grit","Body Slam","Metallicize"],"relics":["Burning Blood","Bronze Scales","Ornamental Fan","Pen Nib","Orrery"],"potions_floor_usage":[16,23,23,23],"damage_taken":[{"damage":2,"enemies":"Small Slimes","floor":1,"turns":4},{"damage":0,"enemies":"2 Louse","floor":5,"turns":3},{"damage":49,"enemies":"Lagavulin","floor":6,"turns":9},{"damage":7,"enemies":"Jaw Worm","floor":8,"turns":4},{"damage":29,"enemies":"Large Slime","floor":11,"turns":11},{"damage":10,"enemies":"Lots of Slimes","floor":14,"turns":5},{"damage":68,"enemies":"Slime Boss","floor":16,"turns":26},{"damage":25,"enemies":"Chosen","floor":18,"turns":6},{"damage":0,"enemies":"Shell Parasite","floor":20,"turns":8},{"damage":29,"enemies":"Snake Plant","floor":21,"turns":5},{"damage":48,"enemies":"Gremlin Leader","floor":23,"turns":6}],"seed_played":"2041457432490923650","potions_obtained":[{"floor":8,"key":"Dexterity Potion"},{"floor":14,"key":"Dexterity Potion"},{"floor":16,"key":"Weak Potion"},{"floor":18,"key":"GamblersBrew"},{"floor":21,"key":"Explosive Potion"}],"is_trial":false,"path_per_floor":["?","?","?","M","?","M","?","M","M","?"],"character_chosen":"IRONCLAD","items_purchased":["Feel No Pain"],"campfire_rested":3,"item_purchase_floors":[13],"current_hp_per_floor":[80,80,80,80,80,37,61,60,60,60,37,61,61,57,80,18,80,61,61,67,44,44,0],"gold":196,"neow_bonus":"RANDOM_COLORLESS","is_prod":false,"is_daily":false,"chose_seed":false,"campfire_upgraded":0,"win_rate":0,"timestamp":1549303496,"path_taken":["M","?","?","?","M","E","R","?","T","?","M","R","$","?","R","BOSS","M","?","?","?","?","E"],"build_version":"2019-01-23","purchased_purges":1,"victory":false,"max_hp_per_floor":[80,80,80,80,80,80,80,80,80,80,80,80,80,80,80,80,80,80,80,80,80,80,80],"card_choices":[{"not_picked":["Clothesline","Blood for Blood"],"picked":"Metallicize","floor":1},{"not_picked":["Corruption","Headbutt","Perfected Strike"],"picked":"SKIP","floor":5},{"not_picked":["Rupture","Bludgeon","Uppercut"],"picked":"SKIP","floor":6},{"not_picked":["Intimidate","Sword Boomerang","Wild Strike"],"picked":"SKIP","floor":8},{"not_picked":["Clothesline","Warcry"],"picked":"Shrug It Off","floor":11},{"not_picked":["Hemokinesis","Sword Boomerang"],"picked":"Armaments","floor":14},{"not_picked":["Demon Form","Limit Break"],"picked":"Juggernaut","floor":16},{"not_picked":["Reckless Charge","Sword Boomerang"],"picked":"Armaments","floor":17},{"not_picked":["Power Through","Clothesline"],"picked":"True Grit","floor":17},{"not_picked":["Perfected Strike","Reckless Charge+1"],"picked":"Body Slam","floor":18},{"not_picked":["Sentinel","Spot Weakness+1"],"picked":"Metallicize","floor":20},{"not_picked":["Perfected Strike","Heavy Blade","Berserk"],"picked":"SKIP","floor":21}],"player_experience":93236,"relics_obtained":[{"floor":6,"key":"Ornamental Fan"},{"floor":9,"key":"Pen Nib"}],"event_choices":[{"cards_removed":["Strike_R"],"damage_healed":0,"gold_gain":0,"player_choice":"Forget","damage_taken":0,"max_hp_gain":0,"max_hp_loss":0,"event_name":"Living Wall","floor":2,"gold_loss":0},{"cards_removed":["Strike_R"],"damage_healed":0,"gold_gain":0,"player_choice":"Card Removal","damage_taken":0,"max_hp_gain":0,"max_hp_loss":0,"event_name":"The Cleric","floor":3,"gold_loss":50},{"damage_healed":0,"gold_gain":0,"player_choice":"Box","damage_taken":0,"relics_obtained":["Bronze Scales"],"max_hp_gain":0,"max_hp_loss":0,"event_name":"Big Fish","floor":4,"gold_loss":0,"cards_obtained":["Regret"]},{"damage_healed":0,"gold_gain":0,"player_choice":"1 cards matched","damage_taken":0,"max_hp_gain":0,"max_hp_loss":0,"event_name":"Match and Keep!","floor":10,"gold_loss":0,"cards_obtained":["Impervious"]},{"cards_removed":["Bash"],"damage_healed":0,"gold_gain":0,"player_choice":"Offered Basic","damage_taken":0,"max_hp_gain":0,"max_hp_loss":0,"event_name":"Bonfire Elementals","floor":19,"gold_loss":0},{"damage_healed":0,"gold_gain":0,"player_choice":"Ignored","damage_taken":0,"max_hp_gain":0,"max_hp_loss":0,"event_name":"Transmorgrifier","floor":22,"gold_loss":0}],"is_beta":false,"boss_relics":[{"not_picked":["Runic Pyramid","Velvet Choker"],"picked":"Orrery"}],"items_purged_floors":[13],"is_endless":false,"potions_floor_spawned":[8,14,16,18,21],"killed_by":"Gremlin Leader","ascension_level":0}