{"gold_per_floor":[413,429,443,53,68,68,68,93,93,112,126,141,141,106,106,202,202,217,217,235,255,32,32],"floor_reached":23,"playtime":2633,"items_purged":[],"score":222,"play_id":"6fdc511c-bca6-45e6-8b64-242e834a1195","local_time":"20180627233345","is_ascension_mode":false,"campfire_choices":[{"data":"Enlightenment","floor":6.0,"key":"SMITH"},{"floor":13.0,"key":"REST"},{"floor":15.0,"key":"REST"}],"neow_cost":"","seed_source_timestamp":0,"circlet_count":0,"master_deck":["Defend_G","Defend_G","Defend_G","Defend_G","Defend_G","Survivor","Neutralize","Poisoned Stab","Corpse Explosion","Deflect","Footwork","Enlightenment+1","Bane","Crippling Poison","Poisoned Stab","Bane","Burst","Terror","Sucker Punch","Expertise+1","Distraction+1","After Image","Backflip+1","Bite","Bite","Bite","Bite","Bite","Bane+1","Dodge and Roll+1","Backstab"],"special_seed":0,"relics":["Ring of the Snake","Old Coin","Du-Vu Doll","Toxic Egg 2","Black Star","Snake Skull"],"potions_floor_usage":[21,23,23],"damage_taken":[{"damage":7.0,"enemies":"Cultist","floor":1.0,"turns":5.0},{"damage":1.0,"enemies":"Jaw Worm","floor":2.0,"turns":5.0},{"damage":3.0,"enemies":"Small Slimes","floor":3.0,"turns":4.0},{"damage":2.0,"enemies":"Blue Slaver","floor":5.0,"turns":5.0},{"damage":17.0,"enemies":"Exordium Thugs","floor":7.0,"turns":6.0},{"damage":7.0,"enemies":"Lagavulin","floor":8.0,"turns":8.0},{"damage":0.0,"enemies":"Looter","floor":10.0,"turns":4.0},{"damage":3.0,"enemies":"2 Fungi Beasts","floor":11.0,"turns":4.0},{"damage":0.0,"enemies":"Large Slime","floor":12.0,"turns":5.0},{"damage":45.0,"enemies":"The Guardian","floor":16.0,"turns":14.0},{"damage":26.0,"enemies":"Chosen","floor":18.0,"turns":8.0},{"damage":16,"enemies":"Shell Parasite","floor":20,"turns":10},{"damage":21,"enemies":"Snecko","floor":21,"turns":7},{"damage":30,"enemies":"Book of Stabbing","floor":23,"turns":5}],"seed_played":"1780659934261102279","potions_obtained":[{"floor":2.0,"key":"EntropicBrew"},{"floor":7.0,"key":"SteroidPotion"},{"floor":10.0,"key":"Ancient Potion"},{"floor":11.0,"key":"PowerPotion"},{"floor":16.0,"key":"Strength Potion"},{"floor":20,"key":"GamblersBrew"},{"floor":21,"key":"Swift Potion"}],"is_trial":false,"path_per_floor":["M","M","M","$","M","R","M","E","T","M","M","M","R","?","R","B",null,"M","?","M","M","$"],"character_chosen":"THE_SILENT","items_purchased":["Footwork","Enlightenment","Bane","Crippling Poison","Poisoned Stab","Snake Skull","Backstab"],"campfire_rested":2,"item_purchase_floors":[],"current_hp_per_floor":[28,27,24,24,22,22,17,10,10,10,7,7,28,28,49,4,70,44,44,40,25,25,0],"gold":32,"neow_bonus":"","is_prod":false,"is_daily":false,"chose_seed":false,"campfire_upgraded":1,"win_rate":0.0,"timestamp":1530164025,"path_taken":["M","M","M","$","M","R","?","E","T","M","M","M","R","?","R","BOSS","M","?","M","M","$","E"],"build_version":"2018-06-21v2","purchased_purges":0,"victory":false,"max_hp_per_floor":[70,70,70,70,70,70,70,70,70,70,70,70,70,70,70,70,70,70,49,49,49,49,49],"card_choices":[{"not_picked":["Prepared","Expertise"],"picked":"Poisoned Stab","floor":1.0},{"not_picked":["Deadly Poison","Dagger Throw"],"picked":"Corpse Explosion","floor":2.0},{"not_picked":["Deadly Poison","Dagger Spray"],"picked":"Deflect","floor":3.0},{"not_picked":["Masterful Stab","Quick Slash"],"picked":"Bane","floor":5.0},{"not_picked":["Endless Agony","Backstab"],"picked":"Burst","floor":7.0},{"not_picked":["Choke","Flying Knee"],"picked":"Terror","floor":8.0},{"not_picked":["Dagger Throw","Acrobatics+1"],"picked":"Sucker Punch","floor":10.0},{"not_picked":["Well Laid Plans","Sucker Punch"],"picked":"Expertise+1","floor":11.0},{"not_picked":["Poisoned Stab","Backflip+1"],"picked":"Distraction+1","floor":12.0},{"not_picked":["Tools of the Trade","Bullet Time+1"],"picked":"After Image","floor":16.0},{"not_picked":["Prepared+1","Dagger Spray"],"picked":"Backflip+1","floor":18.0},{"not_picked":["Backflip+1","Poisoned Stab+1"],"picked":"Bane+1","floor":20},{"not_picked":["After Image","Deadly Poison+1"],"picked":"Dodge and Roll+1","floor":21}],"player_experience":28695,"relics_obtained":[{"floor":8.0,"key":"Du-Vu Doll"},{"floor":9.0,"key":"Toxic Egg 2"}],"event_choices":[{"event_name":"World of Goop","player_choice":"Left","floor":14.0,"damage_taken":0.0},{"event_name":"Vampires","player_choice":"Became a vampire","floor":19.0,"damage_taken":0.0}],"boss_relics":[{"not_picked":["Runic Pyramid","Calling Bell"],"picked":"Black Star"}],"items_purged_floors":[],"is_endless":false,"potions_floor_spawned":[2,7,10,11,16,20,21],"killed_by":"Book of Stabbing","ascension_level":0}