{"gold_per_floor":[112,127,127,48,63,63,46,60,60,78,78,78,97],"floor_reached":13,"playtime":872,"items_purged":[],"score":79,"play_id":"b130fbfb-2e5b-40f3-82a1-483d8786b3e5","local_time":"20190218003536","is_ascension_mode":false,"campfire_choices":[{"data":"Pommel Strike","floor":12,"key":"SMITH"}],"neow_cost":"NONE","seed_source_timestamp":0,"circlet_count":0,"master_deck":["Strike_R","Strike_R","Strike_R","Strike_R","Defend_R","Defend_R","Defend_R","Defend_R","Bash","Headbutt","Ghostly Armor","Shockwave+1","Pommel Strike+1","Ghostly Armor","Inflame"],"special_seed":0,"relics":["Burning Blood","Letter Opener","Nunchaku"],"potions_floor_usage":[],"damage_taken":[{"damage":1,"enemies":"Small Slimes","floor":1,"turns":3},{"damage":1,"enemies":"Cultist","floor":2,"turns":3},{"damage":2,"enemies":"2 Louse","floor":5,"turns":3},{"damage":15,"enemies":"Exordium Thugs","floor":7,"turns":4},{"damage":39,"enemies":"Large Slime","floor":8,"turns":7},{"damage":0,"enemies":"Looter","floor":10,"turns":4},{"damage":4,"enemies":"2 Fungi Beasts","floor":13,"turns":4}],"seed_played":"-1972637440310655889","potions_obtained":[{"floor":1,"key":"AttackPotion"},{"floor":5,"key":"AttackPotion"},{"floor":10,"key":"Energy Potion"},{"floor":13,"key":"GamblersBrew"}],"is_trial":false,"path_per_floor":["M","M","?","$","M","?","M","M","T","M","?","R","M"],"character_chosen":"IRONCLAD","items_purchased":["Shockwave"],"campfire_rested":0,"item_purchase_floors":[4],"current_hp_per_floor":[88,88,81,81,85,78,69,36,36,42,42,42,44],"gold":97,"neow_bonus":"TEN_PERCENT_HP_BONUS","is_prod":false,"is_daily":false,"chose_seed":false,"campfire_upgraded":1,"win_rate":0.0,"timestamp":1550478936,"path_taken":["M","M","?","$","M","?","M","M","T","M","?","R","M"],"build_version":"2019-01-23","purchased_purges":0,"victory":false,"max_hp_per_floor":[88,88,88,88,88,88,88,88,88,88,88,88,88],"card_choices":[{"not_picked":["Power Through","Clash"],"picked":"Headbutt","floor":1},{"not_picked":["Sword Boomerang","Twin Strike"],"picked":"Ghostly Armor","floor":2},{"not_picked":["Fire Breathing","Reckless Charge"],"picked":"Pommel Strike","floor":5},{"not_picked":["Pummel","Warcry"],"picked":"Ghostly Armor","floor":7},{"not_picked":["Perfected Strike","Armaments"],"picked":"Inflame","floor":8},{"not_picked":["Evolve","Flex","Twin Strike"],"picked":"SKIP","floor":10},{"not_picked":["Disarm","Heavy Blade","Sword Boomerang"],"picked":"SKIP","floor":13}],"player_experience":45651,"relics_obtained":[{"floor":9,"key":"Nunchaku"}],"event_choices":[{"cards_removed":["Strike_R"],"damage_healed":0,"gold_gain":0,"player_choice":"Card Removal","damage_taken":7,"max_hp_gain":0,"max_hp_loss":0,"event_name":"Golden Wing","floor":3,"gold_loss":0},{"damage_healed":0,"gold_gain":0,"player_choice":"Success","damage_taken":7,"relics_obtained":["Letter Opener"],"max_hp_gain":0,"max_hp_loss":0,"event_name":"Scrap Ooze","floor":6,"gold_loss":0},{"damage_healed":0,"gold_gain":0,"player_choice":"Forge","damage_taken":0,"max_hp_gain":0,"max_hp_loss":0,"event_name":"Accursed Blacksmith","floor":11,"gold_loss":0,"cards_upgraded":["Shockwave"]}],"is_beta":false,"boss_relics":[],"items_purged_floors":[],"is_endless":false,"potions_floor_spawned":[1,5,10,13],"killed_by":"2 Fungi Beasts","ascension_level":0}