{"path_per_floor":["M","M","M","?","M","R","M","?","T","M","$","M","$","?","R","B",null,"M","?","?","?","M","E","M","R","T","R","M","$","M","?","R","B",null,"M","?","?","M","?","?","R","M","T","R","M","T"],"character_chosen":"DEFECT","items_purchased":["DataDisk","Thread and Needle"],"gold_per_floor":[117,137,149,324,338,338,351,351,351,367,217,233,158,158,158,260,260,276,276,191,191,209,243,258,258,306,306,321,14,31,31,31,132,132,147,194,194,210,210,210,210,221,247,247,260,560,560],"floor_reached":47,"campfire_rested":4,"playtime":2127,"current_hp_per_floor":[75,75,75,75,59,59,55,55,55,42,42,42,42,42,42,40,75,75,75,75,75,75,42,35,35,35,57,49,49,49,49,71,71,75,66,34,34,26,26,26,48,20,27,53,23,23,0],"items_purged":["Doubt"],"gold":560,"score":585,"play_id":"0cf35784-9568-466e-a74a-93ea54cdb691","local_time":"20180511194252","is_prod":false,"is_daily":false,"chose_seed":false,"is_ascension_mode":true,"campfire_upgraded":3,"timestamp":1526085772,"path_taken":["M","M","M","?","M","R","M","?","T","M","$","?","$","?","R","BOSS","M","?","?","?","M","E","M","R","T","R","M","$","M","?","R","BOSS","M","?","?","M","?","?","R","M","T","R","M","?","E"],"build_version":"2018-05-10","seed_source_timestamp":244536671345725,"purchased_purges":1,"victory":false,"master_deck":["Strike_B","Strike_B+1","Strike_B+1","Defend_B","Defend_B","Defend_B","Zap","Dualcast","Barrage","Glacier","White Noise+1","Storm+1","Go for the Eyes","Trip","Doom and Gloom","Melter","Biased Cognition","Consume","Cold Snap+1","Creative AI+1","Leap+1","FTL","Seek","Ball Lightning+1","Force Field+1","Jack Of All Trades","Capacitor+1","Storm+1"],"max_hp_per_floor":[75,75,75,75,75,75,75,75,75,75,75,75,75,75,75,75,75,75,75,75,75,75,75,75,75,75,75,75,75,75,75,75,75,75,75,75,75,75,75,75,75,80,87,87,87,87,87],"relics":["Cracked Core","NeowsBlessing","Oddly Smooth Stone","DataDisk","Inserter","Juzu Bracelet","Mummified Hand","Whetstone","Bronze Scales","Thread and Needle","Runic Pyramid","Ginger","Strawberry","Old Coin"],"card_choices":[{"not_picked":["Steam","Streamline"],"picked":"Barrage","floor":1.0},{"not_picked":["Recycle","Auto Shields"],"picked":"Glacier","floor":3.0},{"not_picked":["Chill","Coolheaded"],"picked":"White Noise","floor":5.0},{"not_picked":["Barrage","Hologram"],"picked":"Storm","floor":7.0},{"not_picked":["Streamline","Hologram"],"picked":"Doom and Gloom","floor":10.0},{"not_picked":["Ball Lightning","Coolheaded"],"picked":"Melter","floor":12.0},{"not_picked":["Meteor Strike","Rainbow"],"picked":"Biased Cognition","floor":16.0},{"not_picked":["Chaos","Leap"],"picked":"Consume","floor":18.0},{"not_picked":["BootSequence","Stack"],"picked":"Cold Snap","floor":22.0},{"not_picked":["Tempest","Cold Snap"],"picked":"Creative AI","floor":23.0},{"not_picked":["Sweeping Beam","Beam Cell"],"picked":"Leap","floor":24.0},{"not_picked":["Biased Cognition","BootSequence"],"picked":"FTL","floor":30.0},{"not_picked":["Biased Cognition","Fission"],"picked":"Seek","floor":33.0},{"not_picked":["Skim","Beam Cell"],"picked":"Ball Lightning","floor":35.0},{"not_picked":["Streamline","Reinforced Body"],"picked":"Force Field","floor":36.0},{"not_picked":["Panacea","Flash of Steel"],"picked":"Jack Of All Trades","floor":37.0},{"not_picked":["Steam","Reprogram"],"picked":"Capacitor","floor":38.0},{"not_picked":["Hologram","Barrage"],"picked":"Storm","floor":42}],"player_experience":87444,"potions_floor_usage":[42,47,47],"damage_taken":[{"damage":0.0,"enemies":"Small Slimes","floor":1.0,"turns":1.0},{"damage":0.0,"enemies":"2 Louse","floor":2.0,"turns":1.0},{"damage":0.0,"enemies":"Jaw Worm","floor":3.0,"turns":1.0},{"damage":16.0,"enemies":"Exordium Thugs","floor":5.0,"turns":8.0},{"damage":4.0,"enemies":"Blue Slaver","floor":7.0,"turns":4.0},{"damage":13.0,"enemies":"Exordium Wildlife","floor":10.0,"turns":3.0},{"damage":7.0,"enemies":"Large Slime","floor":12.0,"turns":6.0},{"damage":2.0,"enemies":"The Guardian","floor":16.0,"turns":9.0},{"damage":0.0,"enemies":"Spheric Guardian","floor":18.0,"turns":3.0},{"damage":0.0,"enemies":"3 Byrds","floor":22.0,"turns":4.0},{"damage":33.0,"enemies":"Gremlin Leader","floor":23.0,"turns":13.0},{"damage":19.0,"enemies":"Centurion and Healer","floor":24.0,"turns":5.0},{"damage":8.0,"enemies":"Snake Plant","floor":28.0,"turns":3.0},{"damage":0.0,"enemies":"Sentry and Sphere","floor":30.0,"turns":4.0},{"damage":0.0,"enemies":"Automaton","floor":33.0,"turns":6.0},{"damage":9.0,"enemies":"3 Shapes","floor":35.0,"turns":5.0},{"damage":32.0,"enemies":"Mysterious Sphere","floor":36.0,"turns":3.0},{"damage":8.0,"enemies":"Orb Walker","floor":38.0,"turns":3.0},{"damage":33,"enemies":"3 Darklings","floor":42,"turns":4},{"damage":30,"enemies":"4 Shapes","floor":45,"turns":4},{"damage":35,"enemies":"2 Orb Walkers","floor":47,"turns":3}],"event_choices":[{"event_name":"Liars Game","player_choice":"agreed","floor":4.0,"damage_taken":0.0},{"event_name":"Match and Keep!","player_choice":"2 cards matched","floor":8.0,"damage_taken":0.0},{"event_name":"Purifier","player_choice":"One Purge","floor":14.0,"damage_taken":0.0},{"event_name":"The Mausoleum","player_choice":"Yes","floor":19.0,"damage_taken":0.0},{"event_name":"Addict","player_choice":"Obtained Relic","floor":20.0,"damage_taken":0.0},{"event_name":"Back to Basics","player_choice":"Elegance","floor":21.0,"damage_taken":0.0},{"event_name":"Cursed Tome","player_choice":"Ignored","floor":31.0,"damage_taken":0.0},{"event_name":"Mysterious Sphere","player_choice":"Fight","floor":36.0,"damage_taken":0.0},{"event_name":"SensoryStone","player_choice":"Memory 1","floor":37.0,"damage_taken":0.0},{"event_name":"Tomb of Lord Red Mask","player_choice":"Ignored","floor":40.0,"damage_taken":0.0}],"boss_relics":[],"potions_floor_spawned":[2,3,5,7,23,24,28,33,36,42],"seed_played":"3738015623888772269","killed_by":"2 Orb Walkers","ascension_level":3,"is_trial":false}