{"gold_per_floor":[99,99,99,99,99,99,99,99,99,99,99],"floor_reached":11,"playtime":1069,"items_purged":[],"score":75,"play_id":"262959f0-9448-4aec-aabe-1bba64cf6770","local_time":"20190218121329","is_ascension_mode":false,"campfire_choices":[{"floor":7,"key":"REST"},{"floor":10,"key":"REST"}],"neow_cost":"NONE","seed_source_timestamp":53922570621839,"circlet_count":0,"master_deck":["Defend_G","Defend_G","Defend_G","Defend_G","Defend_G","Strike_G","Strike_G","Strike_G","Strike_G","Strike_G","Survivor","Neutralize","Regret"],"relics":["Ectoplasm","Question Card","Gremlin Horn"],"potions_floor_usage":[],"damage_taken":[{"damage":2,"enemies":"Jaw Worm","floor":1,"turns":4},{"damage":0,"enemies":"Cultist","floor":2,"turns":4},{"damage":0,"enemies":"Small Slimes","floor":3,"turns":3},{"damage":0,"enemies":"Exordium Wildlife","floor":4,"turns":5},{"damage":19,"enemies":"Large Slime","floor":5,"turns":10},{"damage":47,"enemies":"3 Sentries","floor":6,"turns":14}],"seed_played":"7409484815796159113","potions_obtained":[{"floor":1,"key":"SteroidPotion"},{"floor":5,"key":"Ancient Potion"}],"is_trial":false,"path_per_floor":["M","M","M","M","M","E","R","?","T","R","$"],"character_chosen":"THE_SILENT","items_purchased":[],"campfire_rested":2,"item_purchase_floors":[],"current_hp_per_floor":[68,68,68,68,49,2,23,23,23,44,44],"gold":99,"neow_bonus":"BOSS_RELIC","is_prod":false,"is_daily":false,"chose_seed":false,"campfire_upgraded":0,"win_rate":0.0,"timestamp":1550520809,"path_taken":["M","M","M","M","M","E","R","?","T","R","$"],"build_version":"2019-01-23","purchased_purges":0,"victory":false,"max_hp_per_floor":[70,70,70,70,70,70,70,70,70,70,70],"card_choices":[{"not_picked":["Escape Plan","Deflect","Bane"],"picked":"SKIP","floor":1},{"not_picked":["Underhanded Strike","Skewer","Acrobatics"],"picked":"SKIP","floor":2},{"not_picked":["Dagger Throw","Backstab","Dodge and Roll"],"picked":"SKIP","floor":3},{"not_picked":["Tactician","Slice","Flechettes"],"picked":"SKIP","floor":4},{"not_picked":["Riddle With Holes","Poisoned Stab","Tactician"],"picked":"SKIP","floor":5},{"not_picked":["Terror","Escape Plan","A Thousand Cuts"],"picked":"SKIP","floor":6}],"player_experience":48444,"relics_obtained":[{"floor":6,"key":"Question Card"},{"floor":9,"key":"Gremlin Horn"}],"event_choices":[{"damage_healed":0,"gold_gain":275,"player_choice":"Desecrate","damage_taken":0,"max_hp_gain":0,"max_hp_loss":0,"event_name":"Golden Shrine","floor":8,"gold_loss":0,"cards_obtained":["Regret"]}],"is_beta":false,"boss_relics":[],"items_purged_floors":[],"is_endless":false,"potions_floor_spawned":[1,5],"ascension_level":0}