{"gold_per_floor":[109,128,138,138,148,165,9,9,9,25,25,35,35,35,35,134,134,150,150,249,267,267,267,267,112,112,125,135,135,145,156,156,156],"floor_reached":33,"playtime":1406,"items_purged":["Strike_G"],"score":241,"play_id":"3bcc4046-8376-4534-af11-08313b1624fd","local_time":"20180807152424","is_ascension_mode":false,"campfire_choices":[{"data":"Catalyst","floor":8,"key":"SMITH"},{"floor":11,"key":"REST"},{"data":"Bouncing Flask","floor":13,"key":"SMITH"},{"data":"After Image","floor":15,"key":"SMITH"},{"data":"Footwork","floor":23,"key":"SMITH"},{"data":"Backflip","floor":29,"key":"SMITH"},{"floor":32,"key":"REST"}],"neow_cost":"NONE","seed_source_timestamp":2040141932548730,"circlet_count":0,"master_deck":["Defend_G","Defend_G","Defend_G","Defend_G","Defend_G","Strike_G","Strike_G","Survivor","Neutralize","Flying Knee","Prepared","Catalyst+1","Reflex","Endless Agony","Finisher","Bouncing Flask+1","Footwork+1","Poisoned Stab","Noxious Fumes+1","After Image+1","Die Die Die","Poisoned Stab","Flying Knee","Backflip+1","Deflect","Sucker Punch","Flying Knee","Crippling Poison+1","Bane"],"relics":["White Beast Statue"],"potions_floor_usage":[5,6,6,16,16,18,30,30,31,33],"damage_taken":[{"damage":0,"enemies":"Small Slimes","floor":1,"turns":3},{"damage":2,"enemies":"2 Louse","floor":2,"turns":3},{"damage":1,"enemies":"Cultist","floor":3,"turns":4},{"damage":20,"enemies":"Large Slime","floor":5,"turns":12},{"damage":21,"enemies":"Gremlin Gang","floor":6,"turns":4},{"damage":4,"enemies":"2 Fungi Beasts","floor":10,"turns":3},{"damage":11,"enemies":"Large Slime","floor":12,"turns":6},{"damage":2,"enemies":"Slime Boss","floor":16,"turns":10},{"damage":8,"enemies":"Spheric Guardian","floor":18,"turns":5},{"damage":25,"enemies":"3 Byrds","floor":21,"turns":4},{"damage":0,"enemies":"Centurion and Healer","floor":27,"turns":7},{"damage":12,"enemies":"Snake Plant","floor":28,"turns":5},{"damage":11,"enemies":"Snecko","floor":30,"turns":5},{"damage":7,"enemies":"3 Cultists","floor":31,"turns":6},{"damage":58,"enemies":"Collector","floor":33,"turns":5}],"seed_played":"-1572998661152007741","potions_obtained":[{"floor":1,"key":"SteroidPotion"},{"floor":2,"key":"Dexterity Potion"},{"floor":3,"key":"Fruit Juice"},{"floor":5,"key":"LiquidBronze"},{"floor":6,"key":"LiquidBronze"},{"floor":10,"key":"EssenceOfSteel"},{"floor":12,"key":"Swift Potion"},{"floor":16,"key":"Weak Potion"},{"floor":18,"key":"FearPotion"},{"floor":21,"key":"Fire Potion"},{"floor":27,"key":"PowerPotion"},{"floor":28,"key":"Regen Potion"},{"floor":30,"key":"Poison Potion"},{"floor":31,"key":"Energy Potion"}],"is_trial":false,"path_per_floor":["M","M","M","?","M","M","$","R","T","M","R","M","R","?","R","B",null,"M","?","?","M","T","R","?","$","T","M","M","R","M","M","R"],"character_chosen":"THE_SILENT","items_purchased":["Bouncing Flask","Footwork","Poisoned Stab","Backflip","Deflect"],"campfire_rested":2,"item_purchase_floors":[7,7,7,25,25],"current_hp_per_floor":[70,68,67,67,52,31,31,31,31,27,49,38,38,38,38,36,75,67,67,67,42,42,42,42,42,42,42,30,30,34,27,49,0],"gold":156,"neow_bonus":"BOSS_RELIC","is_prod":false,"is_daily":false,"chose_seed":false,"campfire_upgraded":5,"win_rate":0,"timestamp":1533677064,"path_taken":["M","M","M","?","M","M","$","R","T","M","R","M","R","?","R","BOSS","M","?","?","M","?","R","?","$","T","M","M","R","M","M","R","BOSS"],"build_version":"2018-08-02","purchased_purges":1,"victory":false,"max_hp_per_floor":[70,70,70,70,75,75,75,75,75,75,75,75,75,75,75,75,75,75,75,75,75,75,75,75,75,75,75,75,75,75,75,75,75],"card_choices":[{"not_picked":["Deadly Poison","Blade Dance"],"picked":"Flying Knee","floor":1},{"not_picked":["Setup","Distraction"],"picked":"Prepared","floor":2},{"not_picked":["Poisoned Stab","Cloak And Dagger"],"picked":"Catalyst","floor":3},{"not_picked":["Outmaneuver","Bullet Time"],"picked":"Endless Agony","floor":5},{"not_picked":["Deflect","Dagger Spray"],"picked":"Finisher","floor":6},{"not_picked":["Dagger Throw","Quick Slash"],"picked":"Noxious Fumes","floor":10},{"not_picked":["Backflip","Outmaneuver"],"picked":"After Image","floor":12},{"not_picked":["Bullet Time","Venomology"],"picked":"Die Die Die","floor":16},{"not_picked":["Blade Dance","Dagger Spray+1"],"picked":"Poisoned Stab","floor":18},{"not_picked":["Flechettes","Predator"],"picked":"Flying Knee","floor":21},{"not_picked":["Backflip","Bane"],"picked":"Sucker Punch","floor":27},{"not_picked":["Outmaneuver+1","Dagger Spray"],"picked":"Flying Knee","floor":28},{"not_picked":["All Out Attack","Bane+1"],"picked":"Crippling Poison+1","floor":30},{"not_picked":["Prepared","Dodge and Roll+1"],"picked":"Bane","floor":31}],"player_experience":353949,"relics_obtained":[],"event_choices":[{"event_name":"Living Wall","player_choice":"Change","floor":4,"damage_taken":0},{"event_name":"Upgrade Shrine","player_choice":"Upgraded","floor":14,"damage_taken":0},{"event_name":"Drug Dealer","player_choice":"Ignored","floor":19,"damage_taken":0},{"event_name":"Nest","player_choice":"Stole From Cult","floor":20,"damage_taken":0},{"event_name":"Bonfire Elementals","player_choice":"BASIC","floor":24,"damage_taken":0}],"is_beta":false,"boss_relics":[{"not_picked":["Coffee Dripper","Velvet Choker","Orrery"]}],"items_purged_floors":[25],"is_endless":false,"potions_floor_spawned":[1,2,3,5,6,10,12,16,18,21,27,28,30,31],"killed_by":"Collector","ascension_level":0}