{"gold_per_floor":[119,137,137,87,87,120,120,72,72,91,109,121,121,141,141,237,237,251,301,320,40,140,140,140,172,247,176,176,108,108],"floor_reached":30,"playtime":953,"items_purged":[],"score":379,"play_id":"9eb523b5-be9c-49d6-8918-a9e9cf87fb1f","local_time":"20190317224022","is_ascension_mode":true,"campfire_choices":[{"data":"Lockon","floor":7.0,"key":"SMITH"},{"data":"Echo Form","floor":13.0,"key":"SMITH"},{"data":"Tempest","floor":15.0,"key":"SMITH"},{"floor":23,"key":"REST"},{"floor":28,"key":"REST"}],"neow_cost":"NONE","seed_source_timestamp":40453660632066,"circlet_count":0,"master_deck":["Strike_B","Strike_B","Defend_B+1","Zap+1","Dualcast","Ball Lightning","Stack","Lockon+1","Beam Cell","Echo Form+1","Steam Power","Stack","Tempest+1","Rainbow","Doom and Gloom+1","Self Repair+1","Hologram+1","Lockon","BootSequence+1","Chill","Streamline+1","Capacitor+1","Loop+1"],"special_seed":0,"relics":["Cracked Core","NeowsBlessing","Pantograph","Cables","Astrolabe","Frozen Egg 2","Nunchaku","Mummified Hand","Girya","Gremlin Horn"],"potions_floor_usage":[22],"damage_taken":[{"damage":0.0,"enemies":"Cultist","floor":1.0,"turns":1.0},{"damage":0.0,"enemies":"Jaw Worm","floor":2.0,"turns":1.0},{"damage":0.0,"enemies":"3 Sentries","floor":6.0,"turns":1.0},{"damage":0.0,"enemies":"Small Slimes","floor":10.0,"turns":2.0},{"damage":17.0,"enemies":"Exordium Thugs","floor":11.0,"turns":3.0},{"damage":5.0,"enemies":"Gremlin Gang","floor":12.0,"turns":2.0},{"damage":4.0,"enemies":"Exordium Wildlife","floor":14.0,"turns":3.0},{"damage":30.0,"enemies":"The Guardian","floor":16.0,"turns":8.0},{"damage":22.0,"enemies":"3 Byrds","floor":18.0,"turns":4.0},{"damage":25,"enemies":"2 Thieves","floor":20,"turns":3},{"damage":13,"enemies":"Colosseum Slavers","floor":22,"turns":3},{"damage":35,"enemies":"Colosseum Nobs","floor":22,"turns":4},{"damage":34,"enemies":"Gremlin Leader","floor":25,"turns":6},{"damage":39,"enemies":"Book of Stabbing","floor":30,"turns":4}],"seed_played":"2013778414393048373","potions_obtained":[{"floor":6.0,"key":"Fruit Juice"},{"floor":10.0,"key":"Explosive Potion"},{"floor":11.0,"key":"AttackPotion"},{"floor":16.0,"key":"Strength Potion"},{"floor":22,"key":"Strength Potion"}],"is_trial":false,"path_per_floor":["M","M","?","?","?","E","R","$","T","M","M","M","R","M","R","B",null,"M","?","M","$","?","R","?","E","T","$","R","$","E"],"character_chosen":"DEFECT","items_purchased":["Beam Cell","Frozen Egg 2","Chill","Capacitor+1","Loop+1"],"campfire_rested":2,"item_purchase_floors":[8,21,21,27,29],"current_hp_per_floor":[68,68,53,53,53,53,53,53,58,58,41,36,36,32,32,27,67,55,55,40,40,12,36,36,12,12,12,36,36,0],"gold":108,"neow_bonus":"THREE_ENEMY_KILL","is_prod":false,"is_daily":false,"chose_seed":false,"campfire_upgraded":3,"win_rate":0,"timestamp":1552880422,"path_taken":["M","?","?","?","?","E","R","$","T","M","M","M","R","?","R","BOSS","M","?","?","$","?","R","?","E","T","$","R","?","E"],"build_version":"2019-01-23","purchased_purges":0,"victory":false,"max_hp_per_floor":[75,75,75,75,75,75,75,75,80,80,80,80,80,80,80,80,80,80,80,80,80,80,80,80,80,80,80,80,80,80],"card_choices":[{"not_picked":["Steam","Sweeping Beam"],"picked":"Ball Lightning","floor":1.0},{"not_picked":["Gash","FTL"],"picked":"Stack","floor":2.0},{"not_picked":["Streamline","Ball Lightning"],"picked":"Lockon","floor":6.0},{"not_picked":["Scrape","Reinforced Body"],"picked":"Echo Form","floor":10.0},{"not_picked":["Gash","Coolheaded"],"picked":"Steam Power","floor":11.0},{"not_picked":["Hologram","Redo"],"picked":"Stack","floor":12.0},{"not_picked":["Hologram","Beam Cell"],"picked":"Tempest","floor":14.0},{"not_picked":["Machine Learning","Fission"],"picked":"Rainbow","floor":16.0},{"not_picked":["Go for the Eyes","Barrage"],"picked":"Lockon","floor":18.0},{"not_picked":["Rip and Tear","Force Field"],"picked":"BootSequence+1","floor":20},{"not_picked":["Beam Cell","Stack"],"picked":"Streamline+1","floor":25}],"player_experience":556296,"relics_obtained":[{"floor":6.0,"key":"Pantograph"},{"floor":9.0,"key":"Cables"},{"floor":22,"key":"Nunchaku"},{"floor":22,"key":"Mummified Hand"},{"floor":25,"key":"Girya"},{"floor":26,"key":"Gremlin Horn"}],"event_choices":[{"damage_healed":0.0,"max_hp_gain":0.0,"max_hp_loss":0.0,"gold_gain":0.0,"event_name":"Shining Light","player_choice":"Entered Light","floor":3.0,"gold_loss":0.0,"damage_taken":15.0,"cards_upgraded":["Zap","Defend_B"]},{"cards_removed":["Strike_B"],"damage_healed":0.0,"max_hp_gain":0.0,"max_hp_loss":0.0,"gold_gain":0.0,"event_name":"The Cleric","player_choice":"Card Removal","floor":4.0,"gold_loss":50.0,"damage_taken":0.0},{"cards_removed":["Defend_B"],"damage_healed":0.0,"max_hp_gain":0.0,"max_hp_loss":0.0,"gold_gain":0.0,"event_name":"Wheel of Change","player_choice":"Card Removal","floor":5.0,"gold_loss":0.0,"damage_taken":0.0},{"damage_healed":0,"gold_gain":100,"player_choice":"Bet on Murderer","damage_taken":0,"max_hp_gain":0,"max_hp_loss":0,"event_name":"The Joust","floor":19,"gold_loss":50},{"damage_healed":0,"gold_gain":0,"player_choice":"Fight","damage_taken":0,"max_hp_gain":0,"max_hp_loss":0,"event_name":"Colosseum","floor":22,"gold_loss":0},{"damage_healed":0,"gold_gain":0,"player_choice":"Fought Nobs","damage_taken":0,"max_hp_gain":0,"max_hp_loss":0,"event_name":"Colosseum","floor":22,"gold_loss":0},{"damage_healed":0,"gold_gain":0,"player_choice":"Ignored","damage_taken":0,"max_hp_gain":0,"max_hp_loss":0,"event_name":"Ghosts","floor":24,"gold_loss":0}],"is_beta":false,"boss_relics":[{"not_picked":["Cursed Key","Lizard Tail"],"picked":"Astrolabe"}],"items_purged_floors":[],"is_endless":false,"potions_floor_spawned":[6,10,11,16,22,22],"killed_by":"Book of Stabbing","ascension_level":8}