{"path_per_floor":["M","$","?","$","M","R","E","R","T","?","?","E","R","M","R","B",null,"M","?","?","M","$","E","R","$","T","M","R","?","R","M","R","B",null,"M","M","?","$","R"],"character_chosen":"DEFECT","items_purchased":["Capacitor","Capacitor","Impulse","Consume","Go for the Eyes"],"gold_per_floor":[114,61,61,14,28,28,55,55,55,5,5,36,36,46,46,147,147,161,161,76,91,91,119,119,72,72,90,90,90,90,104,104,204,204,224,234,234,100,100,100],"floor_reached":40,"campfire_rested":5,"playtime":2017,"current_hp_per_floor":[75,75,68,68,68,68,68,68,68,68,73,65,65,64,64,64,80,61,61,61,35,35,3,27,27,27,7,31,31,55,40,64,11,80,69,18,18,18,42,0],"items_purged":[],"gold":100,"score":479,"play_id":"18660a9c-b55d-47cf-951e-7e65eb567e1e","local_time":"20180508192750","is_prod":false,"is_daily":false,"chose_seed":false,"is_ascension_mode":true,"campfire_upgraded":4,"timestamp":1525825670,"path_taken":["M","$","?","$","M","R","E","R","T","?","?","E","R","?","R","BOSS","M","?","?","M","$","E","R","$","T","?","R","?","R","?","R","BOSS","M","?","M","?","$","R","E"],"build_version":"2018-05-07","seed_source_timestamp":1959226071798997,"purchased_purges":0,"victory":false,"master_deck":["Defend_B","Defend_B","Defend_B","Zap+1","Dualcast","Capacitor","Capacitor","Ball Lightning+1","Buffer+1","Amplify+1","Loop+1","Nova","Machine Learning+1","All For One+1","Leap+1","Blind+1","Beam Cell","Turbo+1","Impulse+1","Barrage+1","Biased Cognition+1","Ball Lightning+1","Defragment+1","Consume+1","Go for the Eyes"],"max_hp_per_floor":[75,75,75,75,75,75,75,75,75,75,80,80,80,80,80,80,80,80,80,80,80,80,80,80,80,80,80,80,80,80,80,80,80,80,80,80,80,80,80,80],"relics":["Cracked Core","NeowsBlessing","Sundial","Toxic Egg 2","Pantograph","Astrolabe","Oddly Smooth Stone","Frozen Egg 2","DataDisk","Inserter"],"card_choices":[{"not_picked":["Impulse","Leap"],"picked":"Capacitor","floor":1.0},{"not_picked":["Capacitor","Steam Power"],"picked":"Ball Lightning","floor":5.0},{"not_picked":["Aggregate","Reprogram"],"picked":"Buffer","floor":7.0},{"not_picked":["BootSequence","Impulse"],"picked":"Amplify","floor":12.0},{"not_picked":["Hologram","Chill"],"picked":"Loop","floor":14.0},{"not_picked":["Seek","Meteor Strike"],"picked":"Nova","floor":16.0},{"not_picked":["Sunder","Streamline"],"picked":"Leap","floor":18.0},{"not_picked":["Rip and Tear","Coolheaded"],"picked":"Beam Cell","floor":21.0},{"not_picked":["Coolheaded","Capacitor"],"picked":"Turbo","floor":23.0},{"not_picked":["Hologram","Ball Lightning"],"picked":"Barrage","floor":27.0},{"not_picked":["Thunder Strike","All For One"],"picked":"Biased Cognition","floor":33.0},{"not_picked":["Coolheaded","Stack"],"picked":"Ball Lightning","floor":35.0},{"not_picked":["Streamline","Capacitor"],"picked":"Defragment","floor":36}],"player_experience":61012,"potions_floor_usage":[],"damage_taken":[{"damage":0.0,"enemies":"Jaw Worm","floor":1.0,"turns":1.0},{"damage":0.0,"enemies":"2 Louse","floor":5.0,"turns":1.0},{"damage":0.0,"enemies":"Gremlin Nob","floor":7.0,"turns":1.0},{"damage":8.0,"enemies":"Lagavulin","floor":12.0,"turns":5.0},{"damage":1.0,"enemies":"Cultist","floor":14.0,"turns":3.0},{"damage":16.0,"enemies":"Slime Boss","floor":16.0,"turns":9.0},{"damage":19.0,"enemies":"Shell Parasite","floor":18.0,"turns":5.0},{"damage":26.0,"enemies":"3 Byrds","floor":21.0,"turns":5.0},{"damage":32.0,"enemies":"Slavers","floor":23.0,"turns":5.0},{"damage":20.0,"enemies":"Snecko","floor":27.0,"turns":5.0},{"damage":15.0,"enemies":"Snake Plant","floor":31.0,"turns":5.0},{"damage":69.0,"enemies":"Collector","floor":33.0,"turns":10.0},{"damage":11.0,"enemies":"Orb Walker","floor":35.0,"turns":4.0},{"damage":51.0,"enemies":"3 Darklings","floor":36.0,"turns":5.0},{"damage":0,"enemies":"Maw","floor":36,"turns":6},{"damage":42,"enemies":"Nemesis","floor":40,"turns":2}],"event_choices":[{"event_name":"Golden Wing","player_choice":"Card Removal","floor":3.0,"damage_taken":0.0},{"event_name":"The Cleric","player_choice":"Card Removal","floor":10.0,"damage_taken":0.0},{"event_name":"Big Fish","player_choice":"Donut","floor":11.0,"damage_taken":0.0},{"event_name":"Match and Keep!","player_choice":"1 cards matched","floor":19.0,"damage_taken":0.0},{"event_name":"Addict","player_choice":"Obtained Relic","floor":20.0,"damage_taken":0.0},{"event_name":"Transmorgrifier","player_choice":"Transform","floor":29.0,"damage_taken":0.0},{"event_name":"Purifier","player_choice":"One Purge","floor":36,"damage_taken":0},{"event_name":"Purifier","player_choice":"One Purge","floor":37,"damage_taken":0}],"boss_relics":[],"potions_floor_spawned":[5,12,16,23,27,31,36],"seed_played":"-128670521422748367","killed_by":"Nemesis","ascension_level":2,"is_trial":false}