{"gold_per_floor":[117,117,135,155,230,560,560,579,579,579,579,589,602,618,618,695,695,620,620,268,283,36,70,70,89,113,113,113,133,133,144,144,218,218,230,247,263,67,67],"floor_reached":39,"playtime":1535,"items_purged":["Strike_B+1","Strike_B+1"],"score":705,"play_id":"befa2c37-8146-43c3-b662-7a5aad069312","local_time":"20190313160810","is_ascension_mode":true,"campfire_choices":[{"floor":7,"key":"REST"},{"data":"Defragment","floor":11,"key":"SMITH"},{"floor":15,"key":"REST"},{"floor":24,"key":"REST"},{"floor":28,"key":"REST"},{"floor":32,"key":"REST"}],"neow_cost":"NONE","seed_source_timestamp":1823766480204785,"circlet_count":0,"master_deck":["AscendersBane","Strike_B+1","Defend_B+1","Defend_B+1","Defend_B+1","Defend_B+1","Zap","Dualcast","Sunder","Leap","Cold Snap","Rebound","Defragment+1","Glacier+1","Ball Lightning","Compile Driver","Rainbow","Ball Lightning","Ball Lightning","Consume+1","Genetic Algorithm+1","Glacier+1","Core Surge","Consume+1","Loop","Self Repair","Leap"],"relics":["Cracked Core","Omamori","GremlinMask","Old Coin","Matryoshka","Inserter","Lantern","DataDisk","Membership Card","Mummified Hand","Centennial Puzzle","Art of War","Cables","Philosopher\u0027s Stone","Bottled Lightning"],"potions_floor_usage":[8,23,25,33,39],"damage_taken":[{"damage":0,"enemies":"Cultist","floor":1,"turns":3},{"damage":0,"enemies":"Small Slimes","floor":3,"turns":2},{"damage":2,"enemies":"Jaw Worm","floor":4,"turns":4},{"damage":38,"enemies":"Gremlin Nob","floor":6,"turns":5},{"damage":0,"enemies":"2 Fungi Beasts","floor":8,"turns":2},{"damage":12,"enemies":"Gremlin Gang","floor":12,"turns":5},{"damage":3,"enemies":"Red Slaver","floor":13,"turns":3},{"damage":6,"enemies":"Looter","floor":14,"turns":3},{"damage":1,"enemies":"The Guardian","floor":16,"turns":14},{"damage":21,"enemies":"2 Thieves","floor":18,"turns":5},{"damage":1,"enemies":"3 Byrds","floor":21,"turns":4},{"damage":33,"enemies":"Book of Stabbing","floor":23,"turns":6},{"damage":13,"enemies":"Cultist and Chosen","floor":25,"turns":3},{"damage":0,"enemies":"Snecko","floor":29,"turns":4},{"damage":10,"enemies":"Centurion and Healer","floor":31,"turns":5},{"damage":17,"enemies":"Collector","floor":33,"turns":12},{"damage":24,"enemies":"3 Shapes","floor":35,"turns":4},{"damage":9,"enemies":"Orb Walker","floor":36,"turns":3},{"damage":0,"enemies":"Transient","floor":37,"turns":5},{"damage":28,"enemies":"Spire Growth","floor":39,"turns":3}],"seed_played":"4843993771478575277","potions_obtained":[{"floor":3,"key":"Explosive Potion"},{"floor":12,"key":"Poison Potion"},{"floor":13,"key":"Block Potion"},{"floor":14,"key":"Explosive Potion"},{"floor":23,"key":"Poison Potion"},{"floor":37,"key":"EssenceOfSteel"}],"is_trial":false,"path_per_floor":["M","?","M","M","?","E","R","M","T","?","R","M","M","M","R","B",null,"M","?","$","M","$","E","R","M","T","?","R","M","?","M","R","B",null,"M","M","M","$","M"],"character_chosen":"DEFECT","items_purchased":["Lantern","DataDisk","Ball Lightning","Membership Card","Bottled Lightning","Leap"],"campfire_rested":5,"item_purchase_floors":[20,20,20,22,38,38],"current_hp_per_floor":[64,64,64,62,51,13,34,34,34,34,34,22,19,13,34,33,62,41,41,41,40,40,7,28,15,15,15,36,36,36,26,47,30,61,37,28,28,28,0],"gold":67,"neow_bonus":"RANDOM_COMMON_RELIC","is_prod":false,"is_daily":false,"chose_seed":false,"campfire_upgraded":1,"win_rate":0,"timestamp":1552514890,"path_taken":["M","?","M","?","?","E","R","M","T","?","R","M","M","M","R","BOSS","M","?","$","M","$","E","R","M","T","?","R","M","?","M","R","BOSS","M","M","?","$","M"],"build_version":"2019-01-23","purchased_purges":2,"victory":false,"max_hp_per_floor":[71,71,71,71,71,71,71,71,71,71,71,71,71,71,71,71,71,71,71,71,71,71,71,71,71,71,71,71,71,71,71,71,71,71,71,71,71,71,71],"card_choices":[{"not_picked":["Rebound","Hologram"],"picked":"Sunder","floor":1},{"not_picked":["Double Energy","Aggregate"],"picked":"Leap","floor":3},{"not_picked":["Go for the Eyes","Reinforced Body"],"picked":"Cold Snap","floor":4},{"not_picked":["Force Field","BootSequence"],"picked":"Rebound","floor":6},{"not_picked":["Loop","Hologram"],"picked":"Defragment","floor":8},{"not_picked":["Go for the Eyes","Compile Driver"],"picked":"Ball Lightning","floor":12},{"not_picked":["Stack","Skim","Storm"],"picked":"SKIP","floor":13},{"not_picked":["Turbo","Streamline"],"picked":"Compile Driver","floor":14},{"not_picked":["Multi-Cast","Thunder Strike"],"picked":"Rainbow","floor":16},{"not_picked":["Static Discharge","Sweeping Beam","Force Field"],"picked":"SKIP","floor":18},{"not_picked":["Static Discharge","Barrage"],"picked":"Ball Lightning","floor":21},{"not_picked":["Leap","Redo+1"],"picked":"Consume+1","floor":23},{"not_picked":["Redo","Rainbow"],"picked":"Genetic Algorithm+1","floor":25},{"not_picked":["Streamline","Redo","Chill"],"picked":"SKIP","floor":29},{"not_picked":["Barrage","Redo"],"picked":"Glacier+1","floor":31},{"not_picked":["Amplify","All For One"],"picked":"Core Surge","floor":33},{"not_picked":["Conserve Battery","Go for the Eyes"],"picked":"Consume+1","floor":35},{"not_picked":["Steam Power","Go for the Eyes+1"],"picked":"Loop","floor":36},{"not_picked":["Heatsinks","Sweeping Beam+1"],"picked":"Self Repair","floor":37}],"player_experience":793816,"relics_obtained":[{"floor":6,"key":"Old Coin"},{"floor":9,"key":"Matryoshka"},{"floor":23,"key":"Mummified Hand"},{"floor":26,"key":"Centennial Puzzle"},{"floor":26,"key":"Art of War"}],"event_choices":[{"damage_healed":0,"gold_gain":0,"player_choice":"Trade","damage_taken":0,"relics_obtained":["GremlinMask"],"max_hp_gain":0,"max_hp_loss":0,"event_name":"FaceTrader","floor":2,"gold_loss":0},{"damage_healed":0,"gold_gain":75,"player_choice":"Gather Gold","damage_taken":11,"max_hp_gain":0,"max_hp_loss":0,"event_name":"World of Goop","floor":5,"gold_loss":0},{"damage_healed":0,"gold_gain":0,"cards_transformed":["Strike_B"],"player_choice":"Transformed","damage_taken":0,"max_hp_gain":0,"max_hp_loss":0,"event_name":"Transmorgrifier","floor":10,"gold_loss":0,"cards_obtained":["Glacier"]},{"damage_healed":0,"gold_gain":0,"player_choice":"Simplicity","damage_taken":0,"max_hp_gain":0,"max_hp_loss":0,"event_name":"Back to Basics","floor":19,"gold_loss":0,"cards_upgraded":["Strike_B","Strike_B","Strike_B","Defend_B","Defend_B","Defend_B","Defend_B"]},{"damage_healed":0,"gold_gain":0,"player_choice":"Opened","damage_taken":0,"relics_obtained":["Cables"],"max_hp_gain":0,"max_hp_loss":0,"event_name":"The Mausoleum","floor":27,"gold_loss":0,"cards_obtained":["Writhe"]},{"damage_healed":0,"gold_gain":0,"player_choice":"Upgraded","damage_taken":0,"max_hp_gain":0,"max_hp_loss":0,"event_name":"Upgrade Shrine","floor":30,"gold_loss":0,"cards_upgraded":["Glacier"]}],"is_beta":false,"boss_relics":[{"not_picked":["Tiny House","Ectoplasm"],"picked":"Inserter"},{"not_picked":["Orrery","Coffee Dripper"],"picked":"Philosopher\u0027s Stone"}],"items_purged_floors":[22,38],"is_endless":false,"potions_floor_spawned":[3,12,13,14,16,21,23,37],"killed_by":"Spire Growth","ascension_level":15}