{"gold_per_floor":[161,161,179,129,129,154,154,168,219,231,231,248,282,282,282,359,359,375,375,375,388,50,79,79,43,43,62,92,105,105,119,119,194,194,210,221,45,56,73,102,121,121,147,0,13,13,33,53,53,53],"floor_reached":51,"playtime":2363,"items_purged":["Strike_G","Parasite"],"score":1250,"play_id":"da6ac245-d7e6-48d8-978b-3a01515b8e4f","local_time":"20190217190609","is_ascension_mode":true,"campfire_choices":[{"floor":7.0,"key":"REST"},{"data":"Noxious Fumes","floor":11.0,"key":"SMITH"},{"data":"Poisoned Stab","floor":15.0,"key":"SMITH"},{"floor":24.0,"key":"REST"},{"floor":32.0,"key":"REST"},{"floor":42,"key":"REST"},{"floor":46,"key":"REST"},{"floor":49,"key":"REST"}],"neow_cost":"NONE","seed_source_timestamp":1274227939320768,"circlet_count":0,"master_deck":["AscendersBane","Defend_G","Defend_G","Defend_G","Defend_G","Defend_G","Strike_G+1","Strike_G","Strike_G+1","Survivor","Neutralize+1","Distraction+1","Cloak And Dagger","Poisoned Stab+1","Poisoned Stab","Noxious Fumes+1","Wraith Form v2+1","PiercingWail","Dodge and Roll","Corpse Explosion","Crippling Poison","Poisoned Stab+1","Noxious Fumes","Blur","Deadly Poison","Calculated Gamble","Deadly Poison","Caltrops","Catalyst"],"special_seed":0,"relics":["Tiny House","Orichalcum","Mummified Hand","Snake Skull","Potion Belt","Fusion Hammer","Nilry\u0027s Codex","Blood Vial","Boot","Letter Opener","Bag of Preparation","Runic Dome","Whetstone","Bronze Scales","Red Mask"],"potions_floor_usage":[33,50,50,50,50],"damage_taken":[{"damage":12.0,"enemies":"Small Slimes","floor":1.0,"turns":4.0},{"damage":2.0,"enemies":"Jaw Worm","floor":3.0,"turns":4.0},{"damage":37.0,"enemies":"3 Sentries","floor":6.0,"turns":14.0},{"damage":4.0,"enemies":"Cultist","floor":8.0,"turns":4.0},{"damage":5.0,"enemies":"Large Slime","floor":10.0,"turns":6.0},{"damage":5.0,"enemies":"Looter","floor":12.0,"turns":4.0},{"damage":14.0,"enemies":"Gremlin Nob","floor":13.0,"turns":5.0},{"damage":7.0,"enemies":"Hexaghost","floor":16.0,"turns":11.0},{"damage":23.0,"enemies":"3 Byrds","floor":18.0,"turns":5.0},{"damage":3.0,"enemies":"2 Thieves","floor":21.0,"turns":5.0},{"damage":2.0,"enemies":"Gremlin Leader","floor":23.0,"turns":6.0},{"damage":12.0,"enemies":"Snake Plant","floor":27.0,"turns":4.0},{"damage":11.0,"enemies":"Book of Stabbing","floor":28.0,"turns":5.0},{"damage":6.0,"enemies":"Chosen and Byrds","floor":29.0,"turns":3.0},{"damage":19.0,"enemies":"Sentry and Sphere","floor":31.0,"turns":6.0},{"damage":38,"enemies":"Collector","floor":33,"turns":7},{"damage":0,"enemies":"3 Shapes","floor":35,"turns":3},{"damage":1,"enemies":"3 Darklings","floor":36,"turns":3},{"damage":6,"enemies":"Transient","floor":38,"turns":5},{"damage":10,"enemies":"4 Shapes","floor":39,"turns":2},{"damage":19,"enemies":"Giant Head","floor":40,"turns":9},{"damage":0,"enemies":"Jaw Worm Horde","floor":41,"turns":3},{"damage":0,"enemies":"Maw","floor":45,"turns":7},{"damage":0,"enemies":"4 Shapes","floor":47,"turns":3},{"damage":9,"enemies":"Writhing Mass","floor":48,"turns":5},{"damage":17,"enemies":"Donu and Deca","floor":50,"turns":5}],"seed_played":"-6833310109098459360","potions_obtained":[{"floor":0.0,"key":"AttackPotion"},{"floor":1.0,"key":"AttackPotion"},{"floor":8.0,"key":"Weak Potion"},{"floor":10.0,"key":"Strength Potion"},{"floor":18.0,"key":"Dexterity Potion"},{"floor":29.0,"key":"AttackPotion"},{"floor":31.0,"key":"PowerPotion"},{"floor":33,"key":"SteroidPotion"},{"floor":36,"key":"FearPotion"},{"floor":39,"key":"Poison Potion"},{"floor":40,"key":"SkillPotion"}],"is_trial":false,"path_per_floor":["M","?","M","?","?","E","R","M","T","M","R","M","E","?","R","B",null,"M","?","?","M","$","E","R","$","T","M","E","M","?","M","R","B",null,"M","M","$","M","M","E","M","R","T","?","M","R","M","M","R","B",null],"character_chosen":"THE_SILENT","items_purchased":["Noxious Fumes","Blood Vial","Blur","Calculated Gamble","Caltrops"],"campfire_rested":6,"item_purchase_floors":[22,22,22,25,37],"current_hp_per_floor":[52,52,50,50,50,13,34,30,30,25,25,20,6,23,23,16,57,34,18,41,38,38,38,59,59,59,49,40,36,36,19,40,4,54,56,57,57,53,45,28,30,50,50,50,52,68,68,59,68,51],"gold":53,"neow_bonus":"BOSS_RELIC","is_prod":false,"is_daily":false,"chose_seed":false,"campfire_upgraded":2,"win_rate":0,"timestamp":1550455569,"path_taken":["M","?","M","?","?","E","R","M","T","M","R","?","E","?","R","BOSS","M","?","?","M","$","E","R","?","T","M","E","M","?","?","R","BOSS","M","M","$","M","M","E","?","R","T","?","M","R","M","M","R","BOSS"],"build_version":"2019-01-23","purchased_purges":2,"victory":true,"max_hp_per_floor":[71,71,71,71,71,71,71,71,71,71,71,71,71,71,71,71,71,71,71,71,71,71,71,71,71,71,71,71,71,71,71,71,71,71,71,71,68,68,68,68,68,68,68,68,68,68,68,68,68,68],"card_choices":[{"not_picked":["Deflect","Bane"],"picked":"Distraction","floor":0.0},{"not_picked":["Finisher","Sucker Punch"],"picked":"Cloak And Dagger","floor":1.0},{"not_picked":["Acrobatics","Underhanded Strike"],"picked":"Poisoned Stab","floor":3.0},{"not_picked":["Flying Knee","Dash"],"picked":"Poisoned Stab","floor":6.0},{"not_picked":["Deflect","Deadly Poison"],"picked":"Noxious Fumes","floor":8.0},{"not_picked":["Flechettes","Caltrops"],"picked":"Wraith Form v2","floor":10.0},{"not_picked":["Reflex","Outmaneuver"],"picked":"PiercingWail","floor":12.0},{"not_picked":["Dagger Spray","Glass Knife"],"picked":"Dodge and Roll","floor":13.0},{"not_picked":["Malaise","Bullet Time"],"picked":"Corpse Explosion","floor":16.0},{"not_picked":["Outmaneuver+1","Sucker Punch"],"picked":"Crippling Poison","floor":18.0},{"not_picked":["Flechettes","Skewer"],"picked":"Poisoned Stab+1","floor":21.0},{"not_picked":["Dagger Spray","Poisoned Stab"],"picked":"Deadly Poison","floor":23.0},{"not_picked":["Backstab","Heel Hook","PiercingWail"],"picked":"SKIP","floor":27.0},{"not_picked":["Calculated Gamble","Die Die Die","Cloak And Dagger"],"picked":"SKIP","floor":28.0},{"not_picked":["Riddle With Holes","Prepared"],"picked":"Deadly Poison","floor":29.0},{"not_picked":["Distraction","Poisoned Stab","Finisher"],"picked":"SKIP","floor":31.0},{"not_picked":["Dodge and Roll","Flechettes","Quick Slash"],"picked":"SKIP","floor":35},{"not_picked":["Terror+1","Flying Knee","Flechettes+1"],"picked":"SKIP","floor":36},{"not_picked":["Skewer+1","Acrobatics","Setup+1"],"picked":"SKIP","floor":38},{"not_picked":["Blade Dance","Choke+1","Tactician"],"picked":"SKIP","floor":39},{"not_picked":["Glass Knife","Endless Agony"],"picked":"Catalyst","floor":40},{"not_picked":["PiercingWail","Bane","Acrobatics"],"picked":"SKIP","floor":41},{"not_picked":["Blade Dance+1","Sucker Punch","Dodge and Roll+1"],"picked":"SKIP","floor":45},{"not_picked":["All Out Attack+1","Outmaneuver","Quick Slash+1"],"picked":"SKIP","floor":47},{"not_picked":["PiercingWail","Backflip","Sucker Punch"],"picked":"SKIP","floor":48}],"player_experience":735093,"relics_obtained":[{"floor":6.0,"key":"Mummified Hand"},{"floor":9.0,"key":"Snake Skull"},{"floor":13.0,"key":"Potion Belt"},{"floor":19.0,"key":"Nilry\u0027s Codex"},{"floor":23.0,"key":"Boot"},{"floor":26.0,"key":"Letter Opener"},{"floor":28.0,"key":"Bag of Preparation"},{"floor":40,"key":"Whetstone"},{"floor":43,"key":"Bronze Scales"}],"event_choices":[{"damage_healed":0.0,"max_hp_gain":0.0,"max_hp_loss":0.0,"gold_gain":0.0,"event_name":"Living Wall","player_choice":"Grow","floor":2.0,"gold_loss":0.0,"damage_taken":0.0,"cards_upgraded":["Distraction"]},{"cards_removed":["Strike_G"],"damage_healed":0.0,"max_hp_gain":0.0,"max_hp_loss":0.0,"gold_gain":0.0,"event_name":"The Cleric","player_choice":"Card Removal","floor":4.0,"gold_loss":50.0,"damage_taken":0.0},{"damage_healed":0.0,"max_hp_gain":0.0,"max_hp_loss":0.0,"gold_gain":0.0,"event_name":"WeMeetAgain","player_choice":"Gave Potion","floor":5.0,"gold_loss":0.0,"damage_taken":0.0,"relics_obtained":["Orichalcum"]},{"damage_healed":17.0,"max_hp_gain":0.0,"max_hp_loss":0.0,"gold_gain":0.0,"event_name":"Mushrooms","player_choice":"Healed and dodged fight","floor":14.0,"gold_loss":0.0,"damage_taken":0.0,"cards_obtained":["Parasite"]},{"damage_healed":0.0,"max_hp_gain":0.0,"max_hp_loss":0.0,"gold_gain":0.0,"event_name":"Cursed Tome","player_choice":"Obtained Book","floor":19.0,"gold_loss":0.0,"damage_taken":16.0},{"damage_healed":23.0,"max_hp_gain":0.0,"max_hp_loss":0.0,"gold_gain":0.0,"event_name":"The Library","player_choice":"Heal","floor":20.0,"gold_loss":0.0,"damage_taken":0.0},{"damage_healed":0.0,"max_hp_gain":0.0,"max_hp_loss":0.0,"gold_gain":0.0,"event_name":"Upgrade Shrine","player_choice":"Upgraded","floor":30.0,"gold_loss":0.0,"damage_taken":0.0,"cards_upgraded":["Wraith Form v2"]},{"damage_healed":0,"gold_gain":0,"player_choice":"Paid","damage_taken":0,"relics_obtained":["Red Mask"],"max_hp_gain":0,"max_hp_loss":0,"event_name":"Tomb of Lord Red Mask","floor":44,"gold_loss":147}],"is_beta":false,"boss_relics":[{"not_picked":["Lizard Tail","Snecko Eye"],"picked":"Fusion Hammer"},{"not_picked":["Philosopher\u0027s Stone","WristBlade"],"picked":"Runic Dome"}],"items_purged_floors":[22,37],"is_endless":false,"potions_floor_spawned":[1,8,10,18,29,31,33,36,39,40,45,48],"ascension_level":14}