{"gold_per_floor":[118,118,68,68,78,78,90,15,15,15,29,40,40,57,57,159,159,174,188,287,287,298,298,331,331],"floor_reached":25,"playtime":1409,"items_purged":["Strike_R"],"score":234,"play_id":"36da71e5-9cca-4b0e-b39b-8e15506b94b7","local_time":"20190204140305","is_ascension_mode":true,"campfire_choices":[{"floor":6,"key":"REST"},{"floor":15,"key":"REST"},{"floor":23,"key":"REST"}],"neow_cost":"NONE","seed_source_timestamp":12968287852127,"circlet_count":0,"master_deck":["Strike_R","Strike_R","Strike_R","Defend_R","Defend_R","Defend_R","Defend_R","Bash","Iron Wave","Anger","Flex","Infernal Blade","Heavy Blade","Shrug It Off","Feed","Thunderclap+1","Headbutt","Reaper"],"relics":["Philosopher\u0027s Stone","Omamori","Regal Pillow","Runic Pyramid","Bottled Lightning"],"potions_floor_usage":[16,16,22],"damage_taken":[{"damage":8,"enemies":"Jaw Worm","floor":1,"turns":3},{"damage":9,"enemies":"2 Louse","floor":5,"turns":3},{"damage":0,"enemies":"Cultist","floor":7,"turns":2},{"damage":11,"enemies":"Exordium Thugs","floor":11,"turns":5},{"damage":6,"enemies":"2 Fungi Beasts","floor":12,"turns":3},{"damage":4,"enemies":"3 Louse","floor":14,"turns":3},{"damage":84,"enemies":"Hexaghost","floor":16,"turns":12},{"damage":24,"enemies":"Spheric Guardian","floor":18,"turns":4},{"damage":28,"enemies":"2 Thieves","floor":19,"turns":4},{"damage":17,"enemies":"3 Cultists","floor":22,"turns":4},{"damage":43,"enemies":"Gremlin Leader","floor":24,"turns":6},{"damage":35,"enemies":"Centurion and Healer","floor":25,"turns":5}],"seed_played":"-2928910371690865915","potions_obtained":[{"floor":1,"key":"Regen Potion"},{"floor":12,"key":"Strength Potion"},{"floor":16,"key":"AttackPotion"},{"floor":24,"key":"AttackPotion"}],"is_trial":false,"path_per_floor":["?","?","?","M","$","?","?","?","M"],"character_chosen":"IRONCLAD","items_purchased":[],"campfire_rested":3,"item_purchase_floors":[],"current_hp_per_floor":[72,72,72,72,63,80,80,80,80,68,57,51,51,47,80,11,80,59,31,31,31,17,57,17,0],"gold":331,"neow_bonus":"BOSS_RELIC","is_prod":false,"is_daily":false,"chose_seed":false,"campfire_upgraded":0,"win_rate":0,"timestamp":1549285385,"path_taken":["M","?","?","?","M","R","?","?","T","?","M","M","$","M","R","BOSS","M","M","?","?","?","R","E","M"],"build_version":"2019-01-23","purchased_purges":1,"victory":false,"max_hp_per_floor":[80,80,80,80,80,80,80,80,80,80,80,80,80,80,80,80,80,83,83,83,83,86,86,89,92],"card_choices":[{"not_picked":["Dropkick","Heavy Blade"],"picked":"Iron Wave","floor":1},{"not_picked":["Body Slam","Entrench"],"picked":"Anger","floor":5},{"not_picked":["Thunderclap","Iron Wave"],"picked":"Flex","floor":7},{"not_picked":["Wild Strike","Evolve"],"picked":"Infernal Blade","floor":11},{"not_picked":["Disarm","Thunderclap"],"picked":"Heavy Blade","floor":12},{"not_picked":["Second Wind","Disarm"],"picked":"Shrug It Off","floor":14},{"not_picked":["Juggernaut","Offering"],"picked":"Feed","floor":16},{"not_picked":["Warcry","Sword Boomerang"],"picked":"Thunderclap+1","floor":18},{"not_picked":["Sentinel","Burning Pact+1"],"picked":"Headbutt","floor":19},{"not_picked":["Clash","Twin Strike","Combust"],"picked":"SKIP","floor":22},{"not_picked":["Rage+1","Warcry+1"],"picked":"Reaper","floor":24}],"player_experience":87913,"relics_obtained":[{"floor":9,"key":"Omamori"},{"floor":24,"key":"Bottled Lightning"}],"event_choices":[{"damage_healed":0,"gold_gain":0,"player_choice":"Ignored","damage_taken":0,"max_hp_gain":0,"max_hp_loss":0,"event_name":"Shining Light","floor":2,"gold_loss":0},{"cards_removed":["Strike_R"],"damage_healed":0,"gold_gain":0,"player_choice":"Card Removal","damage_taken":0,"max_hp_gain":0,"max_hp_loss":0,"event_name":"The Cleric","floor":3,"gold_loss":50},{"damage_healed":0,"gold_gain":0,"player_choice":"Bought 0 Potions","damage_taken":0,"max_hp_gain":0,"max_hp_loss":0,"event_name":"The Woman in Blue","floor":4,"gold_loss":0},{"damage_healed":0,"gold_gain":0,"player_choice":"Success","damage_taken":12,"relics_obtained":["Regal Pillow"],"max_hp_gain":0,"max_hp_loss":0,"event_name":"Scrap Ooze","floor":10,"gold_loss":0},{"damage_healed":0,"gold_gain":99,"player_choice":"Stole From Cult","damage_taken":0,"max_hp_gain":0,"max_hp_loss":0,"event_name":"Nest","floor":20,"gold_loss":0},{"damage_healed":0,"gold_gain":0,"player_choice":"Ignored","damage_taken":0,"max_hp_gain":0,"max_hp_loss":0,"event_name":"Vampires","floor":21,"gold_loss":0}],"is_beta":false,"boss_relics":[{"not_picked":["Velvet Choker","Astrolabe"],"picked":"Runic Pyramid"}],"items_purged_floors":[8],"is_endless":false,"potions_floor_spawned":[1,12,16,24],"killed_by":"Centurion and Healer","ascension_level":2}