{"gold_per_floor":[118,129,129,78,78,110,110,137,137,168,180,218,107,107,107,204,204,216,216,116,116,128,128,154,171,249,297,297,313,330,31,31,132,132,145,145,55,69,87,116,116,135,135,135,170,170,197,22,22,22],"floor_reached":51,"playtime":2305,"items_purged":["Doubt","Strike_R"],"score":1043,"play_id":"4403f3fd-664a-4dfd-8f73-fd838a3a0cc6","local_time":"20181106194444","is_ascension_mode":true,"campfire_choices":[{"floor":7,"key":"REST"},{"data":"Shrug It Off","floor":11,"key":"SMITH"},{"data":"Shrug It Off","floor":15,"key":"SMITH"},{"floor":23,"key":"REST"},{"floor":32,"key":"REST"},{"floor":41,"key":"REST"},{"floor":44,"key":"REST"},{"floor":46,"key":"REST"},{"floor":49,"key":"REST"}],"neow_cost":"CURSE","seed_source_timestamp":2927161635704864,"circlet_count":0,"master_deck":["Strike_R","Strike_R+1","Defend_R","Defend_R","Defend_R","Defend_R+1","Bash","Warcry","Pommel Strike","Shrug It Off+1","Headbutt","Thunderclap","Bludgeon","Shrug It Off+1","Demon Form","Heavy Blade","Infernal Blade","Anger","Shockwave+1","Twin Strike+1","Thunderclap+1","Barricade","Double Tap","Anger+1","Flex","Rage+1","Dropkick","Feed","Metallicize"],"special_seed":0,"relics":["Burning Blood","Champion Belt","Kunai","Lantern","MawBank","Odd Mushroom","Fusion Hammer","Red Skull","Singing Bowl","Regal Pillow","Bag of Preparation","Sozu","Paper Frog","Question Card","Bottled Lightning","Bottled Tornado"],"potions_floor_usage":[8,40,50,50],"damage_taken":[{"damage":8.0,"enemies":"Small Slimes","floor":1.0,"turns":3.0},{"damage":4.0,"enemies":"2 Louse","floor":2.0,"turns":4.0},{"damage":59,"enemies":"Gremlin Nob","floor":6,"turns":6},{"damage":26,"enemies":"3 Sentries","floor":8,"turns":10},{"damage":5,"enemies":"Jaw Worm","floor":10,"turns":3},{"damage":8,"enemies":"The Mushroom Lair","floor":12,"turns":4},{"damage":19,"enemies":"The Guardian","floor":16,"turns":15},{"damage":0,"enemies":"Chosen","floor":18,"turns":5},{"damage":16,"enemies":"3 Byrds","floor":22,"turns":7},{"damage":27,"enemies":"Gremlin Leader","floor":24,"turns":7},{"damage":15,"enemies":"Snake Plant","floor":25,"turns":4},{"damage":9,"enemies":"Centurion and Healer","floor":29,"turns":5},{"damage":0,"enemies":"Chosen and Byrds","floor":30,"turns":6},{"damage":22,"enemies":"Collector","floor":33,"turns":8},{"damage":4,"enemies":"Orb Walker","floor":35,"turns":4},{"damage":28,"enemies":"3 Shapes","floor":38,"turns":3},{"damage":11,"enemies":"Spire Growth","floor":39,"turns":4},{"damage":42,"enemies":"Nemesis","floor":40,"turns":5},{"damage":9,"enemies":"3 Darklings","floor":42,"turns":3},{"damage":32,"enemies":"Reptomancer","floor":45,"turns":7},{"damage":34,"enemies":"Giant Head","floor":47,"turns":8},{"damage":68,"enemies":"Donu and Deca","floor":50,"turns":8}],"seed_played":"6110804070633661766","potions_obtained":[{"floor":2,"key":"EssenceOfSteel"},{"floor":6,"key":"Weak Potion"},{"floor":8,"key":"BloodPotion"},{"floor":22,"key":"Weak Potion"},{"floor":25,"key":"Dexterity Potion"}],"is_trial":false,"path_per_floor":["M","M","M","?","$","?","E","R","E","T","M","R","?","$","?","R","B",null,"M","?","$","?","M","R","E","M","T","T","?","M","M","$","R","B",null,"M","?","?","M","M","E","R","M","T","R","E","R","E","$","R","B",null],"character_chosen":"IRONCLAD","items_purchased":["Shrug It Off","Shrug It Off","Barricade","Bag of Preparation","Feed","Metallicize"],"campfire_rested":7,"item_purchase_floors":[4,13,31,31,48,48],"current_hp_per_floor":[70,72,56,56,80,27,51,31,31,32,32,30,30,30,30,17,64,70,70,70,70,60,80,59,50,50,50,50,47,53,53,80,64,76,78,78,78,58,53,25,64,61,61,82,56,82,56,56,84,25],"gold":22,"neow_bonus":"ONE_RARE_RELIC","is_prod":false,"is_daily":false,"chose_seed":false,"campfire_upgraded":2,"win_rate":0,"timestamp":1541558684,"path_taken":["M","M","?","$","?","E","R","E","T","M","R","?","$","?","R","BOSS","M","?","?","?","M","R","E","M","T","?","?","M","M","$","R","BOSS","M","?","?","M","?","E","R","M","T","R","E","R","E","?","R","BOSS"],"build_version":"2018-11-01","purchased_purges":2,"victory":true,"max_hp_per_floor":[80,80,80,80,80,80,80,80,80,80,80,80,80,80,80,80,80,80,80,80,80,80,80,80,80,80,80,80,80,80,80,80,80,80,80,80,80,82,82,82,82,82,82,82,82,82,84,84,84,87],"card_choices":[{"not_picked":["Havoc","Clash"],"picked":"Warcry","floor":1.0},{"not_picked":["Fire Breathing","Havoc"],"picked":"Pommel Strike","floor":2},{"not_picked":["Sever Soul","Pummel"],"picked":"Headbutt","floor":6},{"not_picked":["Second Wind","Perfected Strike"],"picked":"Thunderclap","floor":8},{"not_picked":["Havoc","Corruption"],"picked":"Bludgeon","floor":10},{"not_picked":["Reaper","Double Tap"],"picked":"Demon Form","floor":16},{"not_picked":["Blood for Blood+1","Searing Blow+1"],"picked":"Heavy Blade","floor":18},{"not_picked":["Clothesline","True Grit"],"picked":"Infernal Blade","floor":22},{"not_picked":["Heavy Blade+1","Hemokinesis"],"picked":"Anger","floor":24},{"not_picked":["Headbutt","Cleave"],"picked":"Shockwave+1","floor":25},{"not_picked":["Perfected Strike","Havoc"],"picked":"Twin Strike","floor":29},{"not_picked":["Twin Strike","Cleave"],"picked":"Thunderclap+1","floor":30},{"not_picked":["Juggernaut","Barricade"],"picked":"Double Tap","floor":33},{"not_picked":["Pommel Strike+1","Wild Strike+1"],"picked":"Anger","floor":35},{"not_picked":["Thunderclap+1","Entrench","Feel No Pain"],"picked":"Singing Bowl","floor":38},{"not_picked":["Clash+1","Pommel Strike"],"picked":"Anger+1","floor":39},{"not_picked":["Corruption","Battle Trance"],"picked":"Flex","floor":40},{"not_picked":["Warcry","Inflame"],"picked":"Rage+1","floor":42},{"not_picked":["Sword Boomerang+1","True Grit","Clothesline+1"],"picked":"Dropkick","floor":45},{"not_picked":["Corruption+1","Evolve","True Grit+1","Twin Strike"],"picked":"Singing Bowl","floor":47}],"player_experience":549032,"relics_obtained":[{"floor":6,"key":"Kunai"},{"floor":8,"key":"Lantern"},{"floor":9,"key":"MawBank"},{"floor":12,"key":"Odd Mushroom"},{"floor":24,"key":"Red Skull"},{"floor":26,"key":"Singing Bowl"},{"floor":27,"key":"Regal Pillow"},{"floor":40,"key":"Paper Frog"},{"floor":43,"key":"Question Card"},{"floor":45,"key":"Bottled Lightning"},{"floor":47,"key":"Bottled Tornado"}],"event_choices":[{"damage_healed":0,"gold_gain":0,"player_choice":"Entered Light","damage_taken":16,"max_hp_gain":0,"max_hp_loss":0,"event_name":"Shining Light","floor":3,"gold_loss":0,"cards_upgraded":["Strike_R","Defend_R"]},{"damage_healed":26,"gold_gain":0,"player_choice":"Banana","damage_taken":0,"max_hp_gain":0,"max_hp_loss":0,"event_name":"Big Fish","floor":5,"gold_loss":0},{"damage_healed":0,"gold_gain":0,"player_choice":"Fought Mushrooms","damage_taken":0,"max_hp_gain":0,"max_hp_loss":0,"event_name":"Mushrooms","floor":12,"gold_loss":0},{"cards_removed":["Strike_R"],"damage_healed":0,"gold_gain":0,"player_choice":"Forget","damage_taken":0,"max_hp_gain":0,"max_hp_loss":0,"event_name":"Living Wall","floor":14,"gold_loss":0},{"damage_healed":0,"gold_gain":0,"player_choice":"Bought 0 Potions","damage_taken":0,"max_hp_gain":0,"max_hp_loss":0,"event_name":"The Woman in Blue","floor":19,"gold_loss":0},{"damage_healed":0,"gold_gain":0,"player_choice":"Ignored","damage_taken":0,"max_hp_gain":0,"max_hp_loss":0,"event_name":"Vampires","floor":21,"gold_loss":0},{"damage_healed":0,"gold_gain":0,"player_choice":"Ignored","damage_taken":0,"max_hp_gain":0,"max_hp_loss":0,"event_name":"Ghosts","floor":28,"gold_loss":0},{"cards_removed":["Anger"],"damage_healed":0,"gold_gain":0,"player_choice":"Removed Attack","damage_taken":0,"max_hp_gain":0,"max_hp_loss":0,"event_name":"Falling","floor":36,"gold_loss":0},{"cards_removed":["Strike_R"],"damage_healed":0,"gold_gain":0,"player_choice":"Upgrade and Remove","damage_taken":0,"max_hp_gain":0,"max_hp_loss":0,"event_name":"Designer","floor":37,"gold_loss":90,"cards_upgraded":["Twin Strike"]}],"is_beta":false,"boss_relics":[{"not_picked":["Orrery","Eternal Feather"],"picked":"Fusion Hammer"},{"not_picked":["Busted Crown","Mark of Pain"],"picked":"Sozu"}],"items_purged_floors":[13,20],"is_endless":false,"potions_floor_spawned":[2,6,8,22,25,38,39,40],"ascension_level":8}