{"gold_per_floor":[119,130,55,73,23,23,55,55,80,80,93,93,107,120,120,199,199,218,248,268,13,23,58,58,58,58,84,84],"floor_reached":28,"playtime":1172,"items_purged":["Strike_R"],"score":506,"play_id":"34950f47-36e7-4746-bf8b-ea20c629e9fc","local_time":"20190318211057","is_ascension_mode":true,"campfire_choices":[{"data":"Armaments","floor":6,"key":"SMITH"},{"data":"Feed","floor":10,"key":"SMITH"},{"data":"Heavy Blade","floor":15,"key":"SMITH"},{"floor":25,"key":"REST"}],"neow_cost":"NONE","seed_source_timestamp":2966901903888,"circlet_count":0,"master_deck":["AscendersBane","Strike_R","Strike_R","Defend_R","Defend_R","Defend_R","Defend_R","Bash","Armaments+1","Inflame","Shockwave+1","Feed+1","Heavy Blade+1","Inflame","Fiend Fire","Flex","Whirlwind","Sword Boomerang"],"relics":["Burning Blood","NeowsBlessing","Vajra","Bag of Marbles","Mark of Pain","Tiny Chest","Blue Candle","Frozen Egg 2","Ornamental Fan","Blood Vial"],"potions_floor_usage":[16,16,23,23,27],"damage_taken":[{"damage":0,"enemies":"Cultist","floor":1,"turns":1},{"damage":0,"enemies":"2 Louse","floor":2,"turns":2},{"damage":0,"enemies":"Jaw Worm","floor":4,"turns":1},{"damage":32,"enemies":"Lagavulin","floor":7,"turns":10},{"damage":11,"enemies":"Lots of Slimes","floor":11,"turns":4},{"damage":15,"enemies":"Large Slime","floor":13,"turns":7},{"damage":11,"enemies":"3 Louse","floor":14,"turns":3},{"damage":18,"enemies":"Hexaghost","floor":16,"turns":7},{"damage":33,"enemies":"2 Thieves","floor":18,"turns":4},{"damage":7,"enemies":"Chosen","floor":20,"turns":3},{"damage":21,"enemies":"Snake Plant","floor":22,"turns":4},{"damage":39,"enemies":"Slavers","floor":23,"turns":5},{"damage":25,"enemies":"Gremlin Leader","floor":27,"turns":6},{"damage":23,"enemies":"Snecko","floor":28,"turns":4}],"seed_played":"-1780659298294859582","potions_obtained":[{"floor":4,"key":"SteroidPotion"},{"floor":11,"key":"SteroidPotion"},{"floor":14,"key":"Regen Potion"},{"floor":16,"key":"LiquidBronze"},{"floor":22,"key":"PowerPotion"},{"floor":23,"key":"PowerPotion"}],"is_trial":false,"path_per_floor":["M","M","$","M","?","R","E","?","T","R","M","?","M","M","R","B",null,"M","?","M","$","M","E","$","R","T","E","M"],"character_chosen":"IRONCLAD","items_purchased":["Blue Candle"],"campfire_rested":1,"item_purchase_floors":[21],"current_hp_per_floor":[74,75,75,75,75,75,49,49,49,49,48,48,43,42,42,45,77,54,54,57,57,42,13,13,42,42,23,2],"gold":84,"neow_bonus":"THREE_ENEMY_KILL","is_prod":false,"is_daily":false,"chose_seed":false,"campfire_upgraded":3,"win_rate":0,"timestamp":1552911057,"path_taken":["M","M","$","?","?","R","E","?","T","R","?","?","?","M","R","BOSS","M","?","M","$","M","E","$","R","T","E","?"],"build_version":"2019-01-23","purchased_purges":1,"victory":false,"max_hp_per_floor":[75,75,75,75,75,75,75,75,75,75,79,79,83,87,87,87,87,91,91,95,95,95,99,99,99,99,99,99],"card_choices":[{"not_picked":["Disarm","Rupture"],"picked":"Armaments","floor":1},{"not_picked":["Cleave","Battle Trance"],"picked":"Inflame","floor":2},{"not_picked":["Iron Wave","Clothesline"],"picked":"Shockwave","floor":4},{"not_picked":["Second Wind","Flame Barrier"],"picked":"Feed","floor":7},{"not_picked":["Intimidate","Body Slam"],"picked":"Twin Strike","floor":11},{"not_picked":["Sword Boomerang","Armaments"],"picked":"Heavy Blade","floor":13},{"not_picked":["Reckless Charge","Body Slam"],"picked":"Inflame","floor":14},{"not_picked":["Barricade","Bludgeon"],"picked":"Fiend Fire","floor":16},{"not_picked":["Clash","Rampage","Entrench"],"picked":"SKIP","floor":18},{"not_picked":["Havoc","Thunderclap","Clothesline"],"picked":"SKIP","floor":20},{"not_picked":["Searing Blow","Armaments"],"picked":"Flex","floor":22},{"not_picked":["Infernal Blade","Shockwave"],"picked":"Whirlwind","floor":23},{"not_picked":["Heavy Blade","Dropkick"],"picked":"Sword Boomerang","floor":27}],"player_experience":426908,"relics_obtained":[{"floor":7,"key":"Vajra"},{"floor":9,"key":"Bag of Marbles"},{"floor":23,"key":"Frozen Egg 2"},{"floor":26,"key":"Ornamental Fan"},{"floor":27,"key":"Blood Vial"}],"event_choices":[{"cards_removed":["Strike_R"],"damage_healed":0,"gold_gain":0,"player_choice":"Card Removal","damage_taken":0,"max_hp_gain":0,"max_hp_loss":0,"event_name":"The Cleric","floor":5,"gold_loss":50},{"damage_healed":0,"gold_gain":0,"player_choice":"Upgraded","damage_taken":0,"max_hp_gain":0,"max_hp_loss":0,"event_name":"Upgrade Shrine","floor":8,"gold_loss":0,"cards_upgraded":["Shockwave"]},{"cards_removed":["Strike_R"],"damage_healed":0,"gold_gain":0,"player_choice":"Offered Basic","damage_taken":0,"max_hp_gain":0,"max_hp_loss":0,"event_name":"Bonfire Elementals","floor":12,"gold_loss":0},{"cards_removed":["Twin Strike"],"damage_healed":0,"gold_gain":0,"player_choice":"Gave Card","damage_taken":0,"relics_obtained":["Tiny Chest"],"max_hp_gain":0,"max_hp_loss":0,"event_name":"WeMeetAgain","floor":19,"gold_loss":0}],"is_beta":false,"boss_relics":[{"not_picked":["Empty Cage","Busted Crown"],"picked":"Mark of Pain"}],"items_purged_floors":[3],"is_endless":false,"potions_floor_spawned":[4,11,13,14,16,22,23],"killed_by":"Snecko","ascension_level":14}