{"gold_per_floor":[111,111,61,61,76,76,87,98,124,124,71,71,101,119,119,222,222,211,211,211,136,51,51,69,69,69,86,86,86],"floor_reached":29,"playtime":1019,"items_purged":["Defend_R"],"score":264,"play_id":"12e72a10-0a99-40be-8a18-3ad9dc27bcc4","local_time":"20190209023724","is_ascension_mode":true,"campfire_choices":[{"data":"Armaments","floor":6,"key":"SMITH"},{"data":"Armaments","floor":12,"key":"SMITH"},{"data":"Body Slam","floor":15,"key":"SMITH"},{"floor":23,"key":"REST"},{"data":"Bash","floor":25,"key":"SMITH"}],"neow_cost":"NONE","seed_source_timestamp":125382063727111,"circlet_count":0,"master_deck":["Strike_R","Defend_R","Defend_R","Defend_R","Bash+1","Body Slam+1","Armaments+1","Armaments+1","Decay","Armaments+1"],"relics":["Burning Blood","Lantern","Centennial Puzzle","Philosopher\u0027s Stone","Ancient Tea Set","Frozen Egg 2","MutagenicStrength"],"potions_floor_usage":[16,16,24,29,29],"damage_taken":[{"damage":10,"enemies":"Small Slimes","floor":1,"turns":3},{"damage":1,"enemies":"Jaw Worm","floor":5,"turns":5},{"damage":5,"enemies":"Cultist","floor":7,"turns":6},{"damage":0,"enemies":"Looter","floor":8,"turns":4},{"damage":0,"enemies":"Exordium Thugs","floor":14,"turns":4},{"damage":74,"enemies":"Slime Boss","floor":16,"turns":23},{"damage":9,"enemies":"2 Thieves","floor":18,"turns":4},{"damage":0,"enemies":"Chosen","floor":24,"turns":3},{"damage":8,"enemies":"Snecko","floor":27,"turns":6},{"damage":93,"enemies":"Book of Stabbing","floor":29,"turns":7}],"seed_played":"-8876741592901003947","potions_obtained":[{"floor":1,"key":"Swift Potion"},{"floor":7,"key":"Poison Potion"},{"floor":10,"key":"Explosive Potion"},{"floor":18,"key":"Poison Potion"},{"floor":24,"key":"BloodPotion"}],"is_trial":false,"path_per_floor":["?","?","?","M","?","$","?","?","?","?","?"],"character_chosen":"IRONCLAD","items_purchased":["Armaments"],"campfire_rested":1,"item_purchase_floors":[11],"current_hp_per_floor":[76,76,76,76,80,80,80,80,80,80,80,80,80,80,80,12,63,60,60,60,60,60,80,80,80,80,78,78,0],"gold":86,"neow_bonus":"RANDOM_COMMON_RELIC","is_prod":false,"is_daily":false,"chose_seed":false,"campfire_upgraded":4,"win_rate":0,"timestamp":1549676244,"path_taken":["M","?","?","?","M","R","M","?","T","?","?","R","?","M","R","BOSS","M","?","?","$","?","R","M","R","T","M","?","E"],"build_version":"2019-01-23","purchased_purges":1,"victory":false,"max_hp_per_floor":[80,80,80,80,80,80,80,80,80,80,80,80,80,80,80,80,80,80,80,80,80,80,80,80,80,80,80,80,80],"card_choices":[{"not_picked":["Power Through","Sword Boomerang"],"picked":"Body Slam","floor":1},{"not_picked":["Inflame","Cleave"],"picked":"Armaments","floor":5},{"not_picked":["Battle Trance","Intimidate","Headbutt"],"picked":"SKIP","floor":7},{"not_picked":["Pommel Strike","Intimidate","Warcry"],"picked":"SKIP","floor":8},{"not_picked":["Havoc","True Grit","Thunderclap"],"picked":"SKIP","floor":14},{"not_picked":["Disarm","Spot Weakness","Combust"],"picked":"SKIP","floor":18},{"not_picked":["Anger","Disarm","Twin Strike"],"picked":"SKIP","floor":24},{"not_picked":["Headbutt","Twin Strike"],"picked":"Armaments+1","floor":27}],"player_experience":136307,"relics_obtained":[{"floor":9,"key":"Centennial Puzzle"},{"floor":26,"key":"Frozen Egg 2"}],"event_choices":[{"cards_removed":["Strike_R"],"damage_healed":0,"gold_gain":0,"player_choice":"Forget","damage_taken":0,"max_hp_gain":0,"max_hp_loss":0,"event_name":"Living Wall","floor":2,"gold_loss":0},{"cards_removed":["Strike_R"],"damage_healed":0,"gold_gain":0,"player_choice":"Card Removal","damage_taken":0,"max_hp_gain":0,"max_hp_loss":0,"event_name":"The Cleric","floor":3,"gold_loss":50},{"cards_removed":["Strike_R"],"damage_healed":0,"gold_gain":0,"player_choice":"Offered Basic","damage_taken":0,"max_hp_gain":0,"max_hp_loss":0,"event_name":"Bonfire Elementals","floor":4,"gold_loss":0},{"damage_healed":0,"gold_gain":0,"player_choice":"Got Potions","damage_taken":0,"max_hp_gain":0,"max_hp_loss":0,"event_name":"Lab","floor":10,"gold_loss":0},{"damage_healed":0,"gold_gain":30,"player_choice":"Searched \u00271\u0027 times","damage_taken":0,"max_hp_gain":0,"max_hp_loss":0,"event_name":"Dead Adventurer","floor":13,"gold_loss":0},{"damage_healed":0,"gold_gain":0,"player_choice":"Smashed Altar","damage_taken":0,"max_hp_gain":0,"max_hp_loss":0,"event_name":"Forgotten Altar","floor":19,"gold_loss":0,"cards_obtained":["Decay"]},{"cards_removed":["Strike_R"],"damage_healed":0,"gold_gain":0,"player_choice":"Elegance","damage_taken":0,"max_hp_gain":0,"max_hp_loss":0,"event_name":"Back to Basics","floor":20,"gold_loss":0},{"damage_healed":0,"gold_gain":0,"player_choice":"Obtained Relic","damage_taken":0,"relics_obtained":["Ancient Tea Set"],"max_hp_gain":0,"max_hp_loss":0,"event_name":"Addict","floor":22,"gold_loss":85},{"damage_healed":0,"gold_gain":0,"player_choice":"Inject Mutagens","damage_taken":0,"relics_obtained":["MutagenicStrength"],"max_hp_gain":0,"max_hp_loss":0,"event_name":"Drug Dealer","floor":28,"gold_loss":0}],"is_beta":false,"boss_relics":[{"not_picked":["Calling Bell","Black Star"],"picked":"Philosopher\u0027s Stone"}],"items_purged_floors":[21],"is_endless":false,"potions_floor_spawned":[1,7,18,24],"killed_by":"Book of Stabbing","ascension_level":5}