{"gold_per_floor":[112,112,125,125,138,138,150,150,150,175,198,210,222,234],"floor_reached":14,"playtime":427,"items_purged":[],"score":135,"play_id":"f86be8fd-1806-4415-8872-96df5c7902b2","local_time":"20180828133904","is_ascension_mode":true,"campfire_choices":[{"data":"Dualcast","floor":6,"key":"SMITH"},{"data":"Fusion","floor":8,"key":"SMITH"}],"neow_cost":"","seed_source_timestamp":787706138710801,"circlet_count":0,"master_deck":["Strike_B+1","Strike_B","Strike_B","Strike_B","Defend_B","Defend_B","Defend_B","Defend_B","Zap+1","Dualcast+1","AscendersBane","Cold Snap","Hello World","Fusion+1","Auto Shields","Scrape"],"relics":["Cracked Core","Pantograph","MawBank","Golden Idol"],"potions_floor_usage":[10,10,14],"damage_taken":[{"damage":1,"enemies":"2 Louse","floor":1,"turns":3},{"damage":0,"enemies":"Cultist","floor":3,"turns":3},{"damage":2,"enemies":"Jaw Worm","floor":5,"turns":2},{"damage":3,"enemies":"Exordium Thugs","floor":7,"turns":5},{"damage":22,"enemies":"Lagavulin","floor":10,"turns":6},{"damage":19,"enemies":"3 Louse","floor":11,"turns":4},{"damage":14,"enemies":"Gremlin Nob","floor":14,"turns":2}],"seed_played":"-9201819333570581666","potions_obtained":[{"floor":5,"key":"FearPotion"},{"floor":7,"key":"Energy Potion"},{"floor":11,"key":"PowerPotion"}],"is_trial":false,"path_per_floor":["M","?","M","?","M","R","M","R","T","E","M","?","?"],"character_chosen":"DEFECT","items_purchased":[],"campfire_rested":0,"item_purchase_floors":[],"current_hp_per_floor":[67,52,52,57,55,55,52,52,52,30,11,11,11,0],"gold":234,"neow_bonus":"","is_prod":false,"is_daily":false,"chose_seed":false,"campfire_upgraded":2,"win_rate":0,"timestamp":1535485144,"path_taken":["M","?","M","?","M","R","M","R","T","E","M","?","?","E"],"build_version":"2018-08-23v2","purchased_purges":0,"victory":false,"max_hp_per_floor":[75,75,75,80,80,80,80,80,80,80,80,74,74,74],"card_choices":[{"not_picked":["Redo","Double Energy"],"picked":"Cold Snap","floor":1},{"not_picked":["Skim","Stack","Force Field"],"picked":"SKIP","floor":3},{"not_picked":["Static Discharge","Go for the Eyes"],"picked":"Hello World","floor":5},{"not_picked":["Cold Snap","Go for the Eyes"],"picked":"Fusion","floor":7},{"not_picked":["Steam Power","Storm"],"picked":"Auto Shields","floor":10},{"not_picked":["Turbo","Storm"],"picked":"Scrape","floor":11}],"player_experience":432392,"relics_obtained":[{"floor":9,"key":"Pantograph"},{"floor":10,"key":"MawBank"}],"event_choices":[{"event_name":"Shining Light","player_choice":"Entered Light","floor":2,"damage_taken":0},{"event_name":"Big Fish","player_choice":"Donut","floor":4,"damage_taken":0},{"event_name":"Golden Idol","player_choice":"Lose Max HP","floor":12,"damage_taken":0},{"event_name":"Dead Adventurer","player_choice":"Searched \u00270\u0027 times","floor":13,"damage_taken":0}],"is_beta":false,"boss_relics":[],"items_purged_floors":[],"is_endless":false,"potions_floor_spawned":[5,7,11],"killed_by":"Gremlin Nob","ascension_level":10}