{"gold_per_floor":[110,125,200,36,36,36,67,67,117,141,141,172,22,36,36,134,134,159,159,52,77,77,77,120,120,144,144,48,69,69],"floor_reached":30,"playtime":1272,"items_purged":["Strike_B"],"score":445,"play_id":"718600cb-b400-4478-ba95-fe236c6ef604","local_time":"20190227225044","is_ascension_mode":true,"campfire_choices":[{"data":"Rip and Tear","floor":6.0,"key":"SMITH"},{"data":"Hologram","floor":8.0,"key":"SMITH"},{"data":"Beam Cell","floor":11.0,"key":"SMITH"},{"floor":15.0,"key":"REST"},{"floor":23.0,"key":"REST"},{"floor":25.0,"key":"REST"},{"data":"Dualcast","floor":27.0,"key":"SMITH"}],"neow_cost":"NONE","seed_source_timestamp":642089744742534,"circlet_count":0,"master_deck":["AscendersBane","Strike_B","Strike_B","Strike_B","Defend_B","Defend_B","Defend_B","Defend_B","Zap+1","Dualcast+1","Rip and Tear+1","Beam Cell+1","Purity","Injury","Hologram+1","Cold Snap","White Noise+1","Turbo+1","Seek+1","Steam+1","Glacier+1","Darkness+1","Cold Snap","Coolheaded+1","Self Repair","Machine Learning"],"special_seed":0,"relics":["Cracked Core","Golden Idol","DataDisk","Potion Belt","Toxic Egg 2","PreservedInsect","Inserter","Gremlin Horn","Bronze Scales"],"potions_floor_usage":[30],"damage_taken":[{"damage":4.0,"enemies":"Small Slimes","floor":1.0,"turns":3.0},{"damage":0.0,"enemies":"2 Louse","floor":2.0,"turns":2.0},{"damage":8.0,"enemies":"Gremlin Nob","floor":7.0,"turns":3.0},{"damage":0.0,"enemies":"Jaw Worm","floor":10.0,"turns":2.0},{"damage":15.0,"enemies":"Lagavulin","floor":12.0,"turns":4.0},{"damage":1.0,"enemies":"Exordium Wildlife","floor":14.0,"turns":3.0},{"damage":34.0,"enemies":"Slime Boss","floor":16.0,"turns":8.0},{"damage":12.0,"enemies":"Chosen","floor":18.0,"turns":4.0},{"damage":30.0,"enemies":"Colosseum Slavers","floor":19.0,"turns":4.0},{"damage":0.0,"enemies":"Spheric Guardian","floor":21.0,"turns":5.0},{"damage":20.0,"enemies":"Slavers","floor":24.0,"turns":5.0},{"damage":13.0,"enemies":"Chosen and Byrds","floor":29.0,"turns":4.0},{"damage":56,"enemies":"Gremlin Leader","floor":30,"turns":6}],"seed_played":"5817251889248397990","potions_obtained":[{"floor":1.0,"key":"Poison Potion"},{"floor":2.0,"key":"PowerPotion"},{"floor":24.0,"key":"Energy Potion"},{"floor":29.0,"key":"Dexterity Potion"}],"is_trial":false,"path_per_floor":["M","M","?","$","?","R","E","R","T","M","R","E","$","M","R","B",null,"M","?","$","M","?","R","E","R","T","R","$","M","E"],"character_chosen":"DEFECT","items_purchased":["Purity","PreservedInsect","Glacier+1","Darkness+1","Coolheaded+1","Self Repair"],"campfire_rested":3,"item_purchase_floors":[4,13,20,20,28,28],"current_hp_per_floor":[60,60,49,49,49,49,41,41,41,41,41,26,26,25,46,12,56,44,14,14,14,28,49,29,50,50,50,50,44,0],"gold":69,"neow_bonus":"UPGRADE_CARD","is_prod":false,"is_daily":false,"chose_seed":false,"campfire_upgraded":4,"win_rate":0,"timestamp":1551333044,"path_taken":["M","M","?","$","?","R","E","R","T","M","R","E","?","M","R","BOSS","M","?","$","M","?","R","E","R","T","R","$","M","E"],"build_version":"2019-01-23","purchased_purges":1,"victory":false,"max_hp_per_floor":[71,71,71,71,71,71,71,71,71,71,71,71,71,71,71,71,71,71,71,71,71,71,71,71,71,71,71,71,71,71],"card_choices":[{"not_picked":["Loop","Blizzard"],"picked":"Rip and Tear","floor":1.0},{"not_picked":["Stack","Lockon"],"picked":"Beam Cell","floor":2.0},{"not_picked":["Consume","Force Field"],"picked":"Hologram","floor":7.0},{"not_picked":["Redo","Go for the Eyes"],"picked":"Cold Snap","floor":10.0},{"not_picked":["Rainbow","Melter"],"picked":"White Noise","floor":12.0},{"not_picked":["Stack+1","Skim+1"],"picked":"Turbo+1","floor":14.0},{"not_picked":["Buffer","Hyperbeam"],"picked":"Seek+1","floor":16.0},{"not_picked":["Steam+1","Rebound+1","Stack+1"],"picked":"SKIP","floor":18.0},{"not_picked":["Rebound+1","Stack+1"],"picked":"Steam+1","floor":18.0},{"not_picked":["BootSequence+1","Gash"],"picked":"Cold Snap","floor":21.0},{"not_picked":["Reprogram+1","Compile Driver","Beam Cell"],"picked":"SKIP","floor":24.0},{"not_picked":["Turbo+1","Hologram+1"],"picked":"Machine Learning","floor":29.0}],"player_experience":745587,"relics_obtained":[{"floor":7.0,"key":"DataDisk"},{"floor":9.0,"key":"Potion Belt"},{"floor":12.0,"key":"Toxic Egg 2"},{"floor":24.0,"key":"Gremlin Horn"},{"floor":26.0,"key":"Bronze Scales"}],"event_choices":[{"damage_healed":0.0,"max_hp_gain":0.0,"max_hp_loss":0.0,"gold_gain":75.0,"event_name":"World of Goop","player_choice":"Gather Gold","floor":3.0,"gold_loss":0.0,"damage_taken":11.0},{"damage_healed":0.0,"max_hp_gain":0.0,"max_hp_loss":0.0,"gold_gain":0.0,"event_name":"Golden Idol","player_choice":"Take Wound","floor":5.0,"gold_loss":0.0,"damage_taken":0.0,"relics_obtained":["Golden Idol"],"cards_obtained":["Injury"]},{"damage_healed":0.0,"max_hp_gain":0.0,"max_hp_loss":0.0,"gold_gain":0.0,"event_name":"Colosseum","player_choice":"Fight","floor":19.0,"gold_loss":0.0,"damage_taken":0.0},{"damage_healed":0.0,"max_hp_gain":0.0,"max_hp_loss":0.0,"gold_gain":0.0,"event_name":"Colosseum","player_choice":"Fled From Nobs","floor":19.0,"gold_loss":0.0,"damage_taken":0.0},{"damage_healed":14.0,"max_hp_gain":0.0,"max_hp_loss":0.0,"gold_gain":0.0,"event_name":"The Library","player_choice":"Heal","floor":22.0,"gold_loss":0.0,"damage_taken":0.0}],"is_beta":false,"boss_relics":[{"not_picked":["Ectoplasm","Astrolabe"],"picked":"Inserter"}],"items_purged_floors":[4],"is_endless":false,"potions_floor_spawned":[1,2,19,24,29],"killed_by":"Gremlin Leader","ascension_level":15}