{"path_per_floor":["M","?","$","M","M","R","?","M","T","M","R","E","M","M","R","B",null,"M","?","?","$","?","R","T","M","T","E","R","$","?","M","R","B",null,"M","?","M","?","?","R","?","R","T","$","M","R","M","T","R"],"character_chosen":"DEFECT","items_purchased":["Double Energy","Capacitor","Go for the Eyes","Auto Shields","Buffer","Thunder Strike"],"gold_per_floor":[109,109,39,53,63,63,93,108,153,169,169,204,221,236,236,333,333,350,350,350,197,197,197,220,233,233,263,263,191,116,128,128,226,226,239,239,258,258,307,307,307,307,307,21,37,37,51,51,51,51],"floor_reached":50,"campfire_rested":7,"playtime":2824,"current_hp_per_floor":[75,75,75,75,75,75,75,57,57,52,52,47,39,38,60,36,75,59,59,43,43,43,43,50,42,42,4,28,28,28,30,54,43,82,63,82,59,59,14,38,38,62,62,62,41,65,32,32,56,4],"items_purged":["Defend_B","Writhe"],"gold":51,"score":508,"play_id":"98f72661-0c97-45b6-9637-7f155846c2c8","local_time":"20180503003940","is_prod":false,"is_daily":false,"chose_seed":false,"is_ascension_mode":false,"campfire_upgraded":3,"timestamp":1525325980,"path_taken":["M","?","$","M","M","R","?","M","T","M","R","E","M","?","R","BOSS","M","?","?","$","?","R","?","M","T","E","R","$","?","?","R","BOSS","M","?","?","?","?","R","?","R","T","$","M","R","M","?","R","BOSS"],"build_version":"2018-05-01v2","seed_source_timestamp":1459133295380937,"purchased_purges":3,"victory":false,"master_deck":["Strike_B+1","Strike_B+1","Strike_B+1","Defend_B+1","Defend_B+1","Zap","Dualcast","Hello World","Double Energy+1","Stack","Machine Learning+1","Barrage","Ball Lightning","Leap","Beam Cell+1","Reboot","FTL+1","Capacitor","Blind","Capacitor","Go for the Eyes","Melter","Self Repair","Glacier","Doom and Gloom+1","Fission","Rebound+1","Consume","Coolheaded+1","Impulse+1","Consume+1","Buffer","Thunder Strike","Sweeping Beam+1","Fission","Reinforced Body+1"],"max_hp_per_floor":[75,75,75,75,75,75,75,75,75,75,75,75,75,75,75,75,75,75,75,75,75,75,75,82,82,82,82,82,82,82,82,82,82,82,82,82,82,82,82,82,82,82,82,82,82,82,82,82,82,82],"relics":["Cracked Core","NeowsBlessing","Vajra","Dream Catcher","Sozu","Strawberry","Peace Pipe","Matryoshka","Nuclear Battery","Gambling Chip","Pen Nib","Bottled Tornado","Bottled Flame","Dodecahedron"],"card_choices":[{"not_picked":["Beam Cell","Turbo"],"picked":"Hello World","floor":1.0},{"not_picked":["Streamline","Hello World"],"picked":"Stack","floor":4.0},{"not_picked":["Cold Snap","Stack"],"picked":"Machine Learning","floor":5.0},{"not_picked":["Skim","Stack"],"picked":"Barrage","floor":8.0},{"not_picked":["Turbo","Stack"],"picked":"Ball Lightning","floor":12.0},{"not_picked":["Rebound","Sweeping Beam"],"picked":"Leap","floor":14.0},{"not_picked":["Impulse","Axe Kick"],"picked":"Beam Cell","floor":15.0},{"not_picked":["Machine Learning","Creative AI"],"picked":"Reboot","floor":16.0},{"not_picked":["Tempest","Recycle"],"picked":"FTL","floor":18.0},{"not_picked":["Beam Cell","Barrage"],"picked":"Melter","floor":27.0},{"not_picked":["Beam Cell","Gash"],"picked":"Self Repair","floor":28.0},{"not_picked":["Go for the Eyes","Axe Kick"],"picked":"Glacier","floor":31.0},{"not_picked":["Beam Cell","Coolheaded"],"picked":"Doom and Gloom","floor":32.0},{"not_picked":["Creative AI","Prime"],"picked":"Fission","floor":33.0},{"not_picked":["Skim","Hologram"],"picked":"Rebound","floor":35.0},{"not_picked":["Turbo","Leap"],"picked":"Consume","floor":37.0},{"not_picked":["Streamline","Fusion"],"picked":"Coolheaded","floor":39},{"not_picked":["Darkness","Static Discharge"],"picked":"Impulse","floor":40},{"not_picked":["Cold Snap","Ball Lightning"],"picked":"Consume","floor":42},{"not_picked":["Capacitor","Streamline"],"picked":"Sweeping Beam","floor":45},{"not_picked":["Cold Snap","Leap"],"picked":"Fission","floor":46},{"not_picked":["Ball Lightning","Go for the Eyes"],"picked":"Reinforced Body","floor":49}],"player_experience":32677,"potions_floor_usage":[],"damage_taken":[{"damage":0.0,"enemies":"2 Louse","floor":1.0,"turns":1.0},{"damage":0.0,"enemies":"Cultist","floor":4.0,"turns":1.0},{"damage":0.0,"enemies":"Small Slimes","floor":5.0,"turns":1.0},{"damage":18.0,"enemies":"Exordium Wildlife","floor":8.0,"turns":5.0},{"damage":5.0,"enemies":"Looter","floor":10.0,"turns":4.0},{"damage":5.0,"enemies":"3 Sentries","floor":12.0,"turns":6.0},{"damage":8.0,"enemies":"Gremlin Gang","floor":13.0,"turns":2.0},{"damage":1.0,"enemies":"Exordium Thugs","floor":14.0,"turns":4.0},{"damage":24.0,"enemies":"Hexaghost","floor":16.0,"turns":8.0},{"damage":16.0,"enemies":"Shell Parasite","floor":18.0,"turns":6.0},{"damage":8.0,"enemies":"3 Byrds","floor":25.0,"turns":5.0},{"damage":38.0,"enemies":"Slavers","floor":27.0,"turns":5.0},{"damage":5.0,"enemies":"Cultist and Chosen","floor":31.0,"turns":5.0},{"damage":18.0,"enemies":"Automaton","floor":33.0,"turns":12.0},{"damage":19.0,"enemies":"Orb Walker","floor":35.0,"turns":4.0},{"damage":30.0,"enemies":"Flame Bruiser 1 Orb","floor":37.0,"turns":5.0},{"damage":52,"enemies":"Mysterious Sphere","floor":39,"turns":6},{"damage":28,"enemies":"3 Darklings","floor":45,"turns":7},{"damage":40,"enemies":"4 Shapes","floor":47,"turns":5},{"damage":52,"enemies":"Time Eater","floor":50,"turns":7}],"event_choices":[{"event_name":"Wheel of Change","player_choice":"Card Removal","floor":2.0,"damage_taken":0.0},{"event_name":"Dead Adventurer","player_choice":"Searched \u00271\u0027 times","floor":7.0,"damage_taken":0.0},{"event_name":"The Library","player_choice":"Read","floor":19.0,"damage_taken":0.0},{"event_name":"Knowing Skull","player_choice":"CARD ","floor":20.0,"damage_taken":0.0},{"event_name":"Back to Basics","player_choice":"Simplicity","floor":22.0,"damage_taken":0.0},{"event_name":"Beggar","player_choice":"Gave Gold","floor":30.0,"damage_taken":0.0},{"event_name":"Winding Halls","player_choice":"Writhe","floor":36.0,"damage_taken":0.0},{"event_name":"Mysterious Sphere","player_choice":"Fight","floor":39,"damage_taken":0},{"event_name":"The Moai Head","player_choice":"Ignored","floor":41,"damage_taken":0}],"boss_relics":[],"potions_floor_spawned":[1,5,12,16,33,37],"seed_played":"-8289052118009259554","killed_by":"Time Eater","ascension_level":0,"is_trial":false}