{"gold_per_floor":[116,7,82,82,47,59,76,76,101,118,293,355,20,35,35,137,137,148,148,148,58,77,77,94,94,117,117,117,151,25,38,38,135,185,196,196,16,16,33,33,33,47,47,47],"floor_reached":44,"playtime":1815,"items_purged":["Clumsy"],"score":619,"play_id":"deb4d970-4ea8-4c53-952a-78b2759b7311","local_time":"20190319183114","is_ascension_mode":true,"campfire_choices":[{"data":"Sunder","floor":8.0,"key":"SMITH"},{"floor":15.0,"key":"REST"},{"data":"Chrysalis","floor":23.0,"key":"SMITH"},{"data":"Echo Form","floor":28.0,"key":"SMITH"},{"floor":32.0,"key":"REST"},{"data":"Buffer","floor":40,"key":"SMITH"}],"neow_cost":"CURSE","seed_source_timestamp":27481824348256,"circlet_count":0,"master_deck":["Strike_B","Strike_B","Defend_B+1","Defend_B","Defend_B","Zap","Dualcast","Echo Form+1","Cold Snap","FTL","Sunder+1","Leap","Chrysalis+1","BootSequence+1","Core Surge","Defragment+1","Redo+1","Melter+1","Beam Cell+1","Ball Lightning+1","Buffer+1","Conserve Battery","All For One","Capacitor","Defragment+1","Undo"],"special_seed":0,"relics":["Cracked Core","Bag of Preparation","Tiny Chest","Bronze Scales","Eternal Feather","Blood Vial","Symbiotic Virus","The Courier","DataDisk","Tiny House","Juzu Bracelet","Blue Candle"],"potions_floor_usage":[39],"damage_taken":[{"damage":6.0,"enemies":"Cultist","floor":1.0,"turns":4.0},{"damage":6.0,"enemies":"Small Slimes","floor":6.0,"turns":2.0},{"damage":0.0,"enemies":"2 Louse","floor":7.0,"turns":2.0},{"damage":5.0,"enemies":"Exordium Thugs","floor":10.0,"turns":3.0},{"damage":17.0,"enemies":"Gremlin Nob","floor":12.0,"turns":3.0},{"damage":0.0,"enemies":"Looter","floor":14.0,"turns":2.0},{"damage":27.0,"enemies":"The Guardian","floor":16.0,"turns":9.0},{"damage":0.0,"enemies":"3 Byrds","floor":18.0,"turns":3.0},{"damage":13.0,"enemies":"Shell Parasite","floor":22.0,"turns":5.0},{"damage":12.0,"enemies":"Chosen and Byrds","floor":24.0,"turns":5.0},{"damage":33.0,"enemies":"Slavers","floor":29.0,"turns":6.0},{"damage":0.0,"enemies":"Cultist and Chosen","floor":31.0,"turns":5.0},{"damage":45.0,"enemies":"Champ","floor":33.0,"turns":12.0},{"damage":3.0,"enemies":"Orb Walker","floor":35.0,"turns":3.0},{"damage":44,"enemies":"3 Darklings","floor":39,"turns":4},{"damage":33,"enemies":"Maw","floor":42,"turns":6},{"damage":0,"enemies":"Jaw Worm Horde","floor":44,"turns":2}],"seed_played":"2210705157243482953","potions_obtained":[{"floor":6.0,"key":"SteroidPotion"},{"floor":16.0,"key":"Strength Potion"},{"floor":29.0,"key":"EssenceOfSteel"},{"floor":33.0,"key":"Weak Potion"},{"floor":34.0,"key":"Explosive Potion"},{"floor":35.0,"key":"FocusPotion"},{"floor":42,"key":"LiquidBronze"}],"is_trial":false,"path_per_floor":["M","$","?","?","?","M","M","R","T","M","?","E","$","M","R","B",null,"M","?","?","?","M","R","M","$","T","T","R","E","$","M","R","B",null,"M","?","$","?","M","R","?","M","T","M"],"character_chosen":"DEFECT","items_purchased":["FTL","Chrysalis","Bronze Scales","DataDisk","Juzu Bracelet","Capacitor"],"campfire_rested":2,"item_purchase_floors":[2,13,13,30,37,37],"current_hp_per_floor":[62,62,51,44,62,56,56,56,56,51,51,34,34,34,56,29,64,64,64,64,64,51,60,48,48,48,48,60,29,29,31,65,22,67,66,66,66,66,24,39,39,8,8,10],"gold":47,"neow_bonus":"THREE_RARE_CARDS","is_prod":false,"is_daily":false,"chose_seed":false,"campfire_upgraded":4,"win_rate":0,"timestamp":1553038274,"path_taken":["M","?","?","?","?","M","?","R","T","M","?","E","$","M","R","BOSS","M","?","?","?","?","R","M","$","T","?","R","E","$","M","R","BOSS","M","?","?","?","M","R","?","M","T","M"],"build_version":"2019-01-23","purchased_purges":1,"victory":false,"max_hp_per_floor":[75,75,75,75,75,75,75,75,75,75,75,75,75,75,75,75,75,75,75,75,75,75,75,75,75,75,75,75,75,75,75,75,75,80,80,80,80,80,80,80,80,80,80,80],"card_choices":[{"not_picked":["All For One","Rainbow"],"picked":"Echo Form","floor":0.0},{"not_picked":["Hologram","Coolheaded"],"picked":"Cold Snap","floor":1.0},{"not_picked":["Streamline","Recycle"],"picked":"Sunder","floor":6.0},{"not_picked":["Force Field","Scrape","Rebound"],"picked":"SKIP","floor":7.0},{"not_picked":["Beam Cell","Gash"],"picked":"Leap","floor":10.0},{"not_picked":["Doom and Gloom","Heatsinks","Double Energy"],"picked":"SKIP","floor":12.0},{"not_picked":["Double Energy","Cold Snap"],"picked":"BootSequence","floor":14.0},{"not_picked":["Machine Learning","Thunder Strike"],"picked":"Core Surge","floor":16.0},{"not_picked":["Rebound","Barrage"],"picked":"Defragment+1","floor":18.0},{"not_picked":["Steam","Beam Cell"],"picked":"Redo+1","floor":22.0},{"not_picked":["Scrape","Leap"],"picked":"Melter+1","floor":24.0},{"not_picked":["Heatsinks","Hologram"],"picked":"Beam Cell+1","floor":29.0},{"not_picked":["Steam Power+1","Double Energy"],"picked":"Ball Lightning+1","floor":31.0},{"not_picked":["Biased Cognition","Fission"],"picked":"Buffer","floor":33.0},{"not_picked":["Compile Driver","Beam Cell"],"picked":"Conserve Battery","floor":35.0},{"not_picked":["Rebound+1","Streamline","Steam"],"picked":"SKIP","floor":39},{"not_picked":["Go for the Eyes+1","Rebound"],"picked":"Undo","floor":42}],"player_experience":568499,"relics_obtained":[{"floor":9.0,"key":"Bag of Preparation"},{"floor":12.0,"key":"Tiny Chest"},{"floor":26.0,"key":"Blood Vial"},{"floor":27.0,"key":"Symbiotic Virus"},{"floor":29.0,"key":"The Courier"},{"floor":43,"key":"Blue Candle"}],"event_choices":[{"damage_healed":0.0,"max_hp_gain":0.0,"max_hp_loss":0.0,"gold_gain":75.0,"event_name":"World of Goop","player_choice":"Gather Gold","floor":3.0,"gold_loss":0.0,"damage_taken":11.0},{"cards_removed":["Strike_B"],"damage_healed":0.0,"max_hp_gain":0.0,"max_hp_loss":0.0,"gold_gain":0.0,"event_name":"Golden Wing","player_choice":"Card Removal","floor":4.0,"gold_loss":0.0,"damage_taken":7.0},{"damage_healed":18.0,"max_hp_gain":0.0,"max_hp_loss":0.0,"gold_gain":0.0,"event_name":"The Cleric","player_choice":"Healed","floor":5.0,"gold_loss":35.0,"damage_taken":0.0},{"damage_healed":0.0,"max_hp_gain":0.0,"max_hp_loss":0.0,"gold_gain":175.0,"event_name":"Liars Game","player_choice":"AGREE","floor":11.0,"gold_loss":0.0,"damage_taken":0.0,"cards_obtained":["Doubt"]},{"damage_healed":0.0,"max_hp_gain":0.0,"max_hp_loss":0.0,"gold_gain":0.0,"event_name":"Ghosts","player_choice":"Ignored","floor":19.0,"gold_loss":0.0,"damage_taken":0.0},{"damage_healed":0.0,"max_hp_gain":0.0,"max_hp_loss":0.0,"gold_gain":0.0,"event_name":"Beggar","player_choice":"Ignored","floor":20.0,"gold_loss":0.0,"damage_taken":0.0},{"cards_removed":["Doubt"],"damage_healed":0.0,"max_hp_gain":0.0,"max_hp_loss":0.0,"gold_gain":0.0,"event_name":"Designer","player_choice":"Upgrade and Remove","floor":21.0,"gold_loss":90.0,"damage_taken":0.0,"cards_upgraded":["BootSequence"]},{"damage_healed":0,"gold_gain":0,"cards_transformed":["Strike_B"],"player_choice":"Transformed","damage_taken":0,"max_hp_gain":0,"max_hp_loss":0,"event_name":"Transmorgrifier","floor":36,"gold_loss":0,"cards_obtained":["All For One"]},{"damage_healed":0,"gold_gain":0,"player_choice":"Copied","damage_taken":0,"max_hp_gain":0,"max_hp_loss":0,"event_name":"Duplicator","floor":38,"gold_loss":0,"cards_obtained":["Defragment"]},{"cards_removed":["Defend_B"],"damage_healed":0,"gold_gain":0,"player_choice":"Removed Skill","damage_taken":0,"max_hp_gain":0,"max_hp_loss":0,"event_name":"Falling","floor":41,"gold_loss":0}],"is_beta":false,"boss_relics":[{"not_picked":["Lizard Tail","Snecko Eye"],"picked":"Eternal Feather"},{"not_picked":["Runic Dome","Runic Pyramid"],"picked":"Tiny House"}],"items_purged_floors":[2],"is_endless":false,"potions_floor_spawned":[6,16,29,33,35,42],"killed_by":"Jaw Worm Horde","ascension_level":8}