{"gold_per_floor":[117,117,137,137,28,28,42,57,80,80,92,92,124,124,124,221,221,233,233,26,40,54,54,69,69],"floor_reached":25,"playtime":893,"items_purged":["Strike_B","Strike_B"],"score":213,"play_id":"a4b55737-a0f3-4109-83ed-633b5c5e6d70","local_time":"20190312123241","is_ascension_mode":true,"campfire_choices":[{"data":"Defragment","floor":6,"key":"SMITH"},{"data":"Zap","floor":10,"key":"SMITH"},{"data":"Double Energy","floor":12,"key":"SMITH"},{"data":"Echo Form","floor":15,"key":"SMITH"},{"floor":23,"key":"REST"}],"neow_cost":"NONE","seed_source_timestamp":14814254859224,"circlet_count":0,"master_deck":["Strike_B","Defend_B","Defend_B","Defend_B","Zap+1","Dualcast","Double Energy+1","Defragment+1","Static Discharge","Sweeping Beam","Ball Lightning","Barrage","Echo Form+1","Redo","Loop","Redo","Go for the Eyes"],"relics":["Cracked Core","Anchor","PreservedInsect","Centennial Puzzle","Turnip","Inserter"],"potions_floor_usage":[],"damage_taken":[{"damage":0,"enemies":"Small Slimes","floor":1,"turns":3},{"damage":0,"enemies":"Cultist","floor":3,"turns":3},{"damage":0,"enemies":"Jaw Worm","floor":7,"turns":4},{"damage":0,"enemies":"3 Louse","floor":8,"turns":3},{"damage":0,"enemies":"Looter","floor":11,"turns":2},{"damage":6,"enemies":"Gremlin Nob","floor":13,"turns":3},{"damage":30,"enemies":"Slime Boss","floor":16,"turns":5},{"damage":27,"enemies":"2 Thieves","floor":18,"turns":4},{"damage":10,"enemies":"Chosen","floor":21,"turns":4},{"damage":11,"enemies":"Snake Plant","floor":22,"turns":3},{"damage":14,"enemies":"Centurion and Healer","floor":24,"turns":5},{"damage":42,"enemies":"3 Cultists","floor":25,"turns":4}],"seed_played":"-5123499173110132466","potions_obtained":[{"floor":1,"key":"SpeedPotion"},{"floor":7,"key":"FearPotion"},{"floor":18,"key":"Weak Potion"},{"floor":22,"key":"SpeedPotion"}],"is_trial":false,"path_per_floor":["?","?","M","?","?","M"],"character_chosen":"DEFECT","items_purchased":["Static Discharge","Redo","Loop"],"campfire_rested":1,"item_purchase_floors":[5,20,20],"current_hp_per_floor":[75,75,75,75,75,75,75,75,75,75,75,75,69,69,69,39,75,48,48,48,38,27,49,35,0],"gold":69,"neow_bonus":"RANDOM_COMMON_RELIC","is_prod":false,"is_daily":false,"chose_seed":false,"campfire_upgraded":4,"win_rate":0,"timestamp":1552390361,"path_taken":["M","?","M","?","$","R","?","M","T","R","M","R","E","?","R","BOSS","M","?","$","?","M","R","M","M"],"build_version":"2019-01-23","purchased_purges":2,"victory":false,"max_hp_per_floor":[75,75,75,75,75,75,75,75,75,75,75,75,75,75,75,75,75,75,75,75,75,75,75,75,75],"card_choices":[{"not_picked":["Reinforced Body","Rip and Tear"],"picked":"Double Energy","floor":1},{"not_picked":["White Noise","Static Discharge"],"picked":"Defragment","floor":3},{"not_picked":["Turbo","Cold Snap"],"picked":"Sweeping Beam","floor":7},{"not_picked":["Go for the Eyes","Heatsinks"],"picked":"Ball Lightning","floor":8},{"not_picked":["Conserve Battery","Coolheaded"],"picked":"Barrage","floor":11},{"not_picked":["Cold Snap","Stack","Heatsinks"],"picked":"SKIP","floor":13},{"not_picked":["Stack","Reinforced Body+1","Rip and Tear"],"picked":"SKIP","floor":18},{"not_picked":["Hologram","Ball Lightning+1"],"picked":"Redo","floor":21},{"not_picked":["Compile Driver","Darkness","Hologram+1"],"picked":"SKIP","floor":22},{"not_picked":["Stack","Scrape"],"picked":"Go for the Eyes","floor":24}],"player_experience":230441,"relics_obtained":[{"floor":9,"key":"Centennial Puzzle"},{"floor":13,"key":"Turnip"}],"event_choices":[{"cards_removed":["Strike_B"],"damage_healed":0,"gold_gain":0,"player_choice":"Forget","damage_taken":0,"max_hp_gain":0,"max_hp_loss":0,"event_name":"Living Wall","floor":2,"gold_loss":0},{"damage_healed":0,"gold_gain":0,"player_choice":"Gave Potion","damage_taken":0,"relics_obtained":["PreservedInsect"],"max_hp_gain":0,"max_hp_loss":0,"event_name":"WeMeetAgain","floor":4,"gold_loss":0},{"damage_healed":0,"gold_gain":0,"cards_transformed":["Defend_B"],"player_choice":"Transformed","damage_taken":0,"max_hp_gain":0,"max_hp_loss":0,"event_name":"Transmorgrifier","floor":14,"gold_loss":0,"cards_obtained":["Echo Form"]},{"damage_healed":0,"gold_gain":0,"player_choice":"0 cards matched","damage_taken":0,"max_hp_gain":0,"max_hp_loss":0,"event_name":"Match and Keep!","floor":19,"gold_loss":0,"cards_obtained":[]}],"is_beta":false,"boss_relics":[{"not_picked":["Eternal Feather","Busted Crown"],"picked":"Inserter"}],"items_purged_floors":[5,20],"is_endless":false,"potions_floor_spawned":[1,7,18,22],"killed_by":"3 Cultists","ascension_level":1}