{"gold_per_floor":[117,117,19,29,45,45,77,77,77,93,66,66,66,84,84,188,188,204,204,204,109,129,157,174,174,227,227,258,258,66,81,81,185,185,202,202,202,214,214],"floor_reached":39,"playtime":2188,"items_purged":["Strike_G"],"score":442,"play_id":"628c4532-69f6-4713-bd08-5061de754ffd","local_time":"20190308093605","is_ascension_mode":false,"campfire_choices":[{"data":"Poisoned Stab","floor":6,"key":"SMITH"},{"floor":12,"key":"REST"},{"floor":15,"key":"REST"},{"floor":25,"key":"REST"},{"floor":27,"key":"REST"},{"floor":32,"key":"REST"}],"neow_cost":"TEN_PERCENT_HP_LOSS","seed_source_timestamp":241017982946222,"circlet_count":0,"master_deck":["Defend_G","Defend_G","Defend_G","Defend_G","Defend_G","Strike_G","Strike_G","Strike_G","Survivor","Neutralize","Backstab","Neutralize","Envenom","Bane","Poisoned Stab+1","Quick Slash","Bane","Backflip","Well Laid Plans","Malaise","Dagger Throw+1","Decay","Blade Dance","Terror","Terror+1","Backflip+1","Skewer+1","Doubt","Endless Agony+1","Distraction","Endless Agony","Infinite Blades","Catalyst+1","Doppelganger","Deadly Poison","Madness+1","Madness","Quick Slash+1"],"relics":["Ring of the Snake","Bird Faced Urn","Dead Branch","Tingsha","FossilizedHelix","Cursed Key","Boot","Bronze Scales","Pocketwatch","Eternal Feather"],"potions_floor_usage":[33,35,39,39],"damage_taken":[{"damage":0,"enemies":"Small Slimes","floor":1,"turns":6},{"damage":0,"enemies":"Cultist","floor":4,"turns":4},{"damage":2,"enemies":"Jaw Worm","floor":5,"turns":5},{"damage":13,"enemies":"Gremlin Nob","floor":7,"turns":4},{"damage":0,"enemies":"Looter","floor":10,"turns":3},{"damage":0,"enemies":"Large Slime","floor":14,"turns":2},{"damage":29,"enemies":"The Guardian","floor":16,"turns":10},{"damage":0,"enemies":"Spheric Guardian","floor":18,"turns":1},{"damage":5,"enemies":"Shell Parasite","floor":22,"turns":5},{"damage":24,"enemies":"Slavers","floor":23,"turns":4},{"damage":13,"enemies":"Shelled Parasite and Fungi","floor":24,"turns":6},{"damage":19,"enemies":"Book of Stabbing","floor":28,"turns":4},{"damage":15,"enemies":"Snake Plant","floor":31,"turns":3},{"damage":54,"enemies":"Automaton","floor":33,"turns":8},{"damage":0,"enemies":"Orb Walker","floor":35,"turns":1},{"damage":45,"enemies":"3 Darklings","floor":38,"turns":4},{"damage":27,"enemies":"Transient","floor":39,"turns":5}],"seed_played":"-1120868545234742380","potions_obtained":[{"floor":1,"key":"SkillPotion"},{"floor":5,"key":"LiquidBronze"},{"floor":7,"key":"Explosive Potion"},{"floor":22,"key":"Energy Potion"},{"floor":33,"key":"Weak Potion"}],"is_trial":false,"path_per_floor":["?","M","?","?","?","?","?","?","?","?"],"character_chosen":"THE_SILENT","items_purchased":["Bane","Blade Dance","Terror","Distraction","Endless Agony","Infinite Blades"],"campfire_rested":5,"item_purchase_floors":[3,21,21,30,30,30],"current_hp_per_floor":[63,63,63,63,61,61,48,30,30,30,30,48,48,48,63,34,63,63,63,63,63,58,38,29,47,47,63,46,46,46,35,53,9,63,63,55,55,16,0],"gold":214,"neow_bonus":"ONE_RARE_RELIC","is_prod":false,"is_daily":false,"chose_seed":false,"campfire_upgraded":1,"win_rate":0,"timestamp":1552034165,"path_taken":["M","?","$","M","?","R","E","?","T","M","?","R","?","M","R","BOSS","M","?","?","$","M","E","M","R","T","R","E","?","$","M","R","BOSS","M","?","?","M","M"],"build_version":"2019-01-23","purchased_purges":1,"victory":false,"max_hp_per_floor":[63,63,63,63,63,63,63,63,63,63,63,63,63,63,63,63,63,63,63,63,63,63,63,63,63,63,63,63,63,63,63,63,63,63,63,63,63,63,63],"card_choices":[{"not_picked":["Underhanded Strike","Outmaneuver"],"picked":"Backstab","floor":1},{"not_picked":["Blade Dance","Underhanded Strike"],"picked":"Poisoned Stab","floor":4},{"not_picked":["Dash","Blade Dance"],"picked":"Quick Slash","floor":5},{"not_picked":["Quick Slash","Slice"],"picked":"Bane","floor":7},{"not_picked":["Quick Slash","Bane"],"picked":"Backflip","floor":10},{"not_picked":["Unload","Underhanded Strike"],"picked":"Well Laid Plans","floor":14},{"not_picked":["Die Die Die","Adrenaline"],"picked":"Malaise","floor":16},{"not_picked":["Predator","Dagger Spray"],"picked":"Dagger Throw+1","floor":18},{"not_picked":["Deflect","Slice"],"picked":"Terror+1","floor":22},{"not_picked":["Expertise","Outmaneuver"],"picked":"Backflip+1","floor":23},{"not_picked":["Masterful Stab","Dagger Throw"],"picked":"Skewer+1","floor":24},{"not_picked":["Adrenaline","Backflip"],"picked":"Endless Agony+1","floor":28},{"not_picked":["Footwork","Bane"],"picked":"Catalyst+1","floor":31},{"not_picked":["Phantasmal Killer","Envenom"],"picked":"Doppelganger","floor":33},{"not_picked":["Dagger Throw","Prepared"],"picked":"Deadly Poison","floor":35},{"not_picked":["Backflip","Predator"],"picked":"Quick Slash+1","floor":38}],"player_experience":168464,"relics_obtained":[{"floor":7,"key":"Dead Branch"},{"floor":9,"key":"FossilizedHelix"},{"floor":23,"key":"Boot"},{"floor":26,"key":"Bronze Scales"},{"floor":28,"key":"Pocketwatch"}],"event_choices":[{"damage_healed":0,"gold_gain":0,"player_choice":"2 cards matched","damage_taken":0,"max_hp_gain":0,"max_hp_loss":0,"event_name":"Match and Keep!","floor":2,"gold_loss":0,"cards_obtained":["Neutralize","Envenom"]},{"damage_healed":0,"gold_gain":0,"player_choice":"Success","damage_taken":18,"relics_obtained":["Tingsha"],"max_hp_gain":0,"max_hp_loss":0,"event_name":"Scrap Ooze","floor":8,"gold_loss":0},{"damage_healed":0,"gold_gain":0,"player_choice":"Left Gold","damage_taken":0,"max_hp_gain":0,"max_hp_loss":0,"event_name":"World of Goop","floor":11,"gold_loss":27},{"damage_healed":0,"gold_gain":0,"player_choice":"Searched \u00271\u0027 times","damage_taken":0,"max_hp_gain":0,"max_hp_loss":0,"event_name":"Dead Adventurer","floor":13,"gold_loss":0},{"cards_removed":["Strike_G"],"damage_healed":0,"gold_gain":0,"player_choice":"Elegance","damage_taken":0,"max_hp_gain":0,"max_hp_loss":0,"event_name":"Back to Basics","floor":19,"gold_loss":0},{"damage_healed":0,"gold_gain":0,"player_choice":"Smashed Altar","damage_taken":0,"max_hp_gain":0,"max_hp_loss":0,"event_name":"Forgotten Altar","floor":20,"gold_loss":0,"cards_obtained":["Decay"]},{"damage_healed":0,"gold_gain":0,"player_choice":"Ignored","damage_taken":0,"max_hp_gain":0,"max_hp_loss":0,"event_name":"Vampires","floor":29,"gold_loss":0},{"damage_healed":0,"gold_gain":0,"player_choice":"Embrace Madness","damage_taken":8,"max_hp_gain":0,"max_hp_loss":0,"event_name":"Winding Halls","floor":36,"gold_loss":0,"cards_obtained":["Madness","Madness"]},{"damage_healed":0,"gold_gain":0,"player_choice":"Upgraded","damage_taken":0,"max_hp_gain":0,"max_hp_loss":0,"event_name":"Upgrade Shrine","floor":37,"gold_loss":0,"cards_upgraded":["Madness"]}],"is_beta":false,"boss_relics":[{"not_picked":["Coffee Dripper","White Beast Statue"],"picked":"Cursed Key"},{"not_picked":["Black Star","HoveringKite"],"picked":"Eternal Feather"}],"items_purged_floors":[3],"is_endless":false,"potions_floor_spawned":[1,5,7,14,22,24,33],"killed_by":"Transient","ascension_level":0}