{"gold_per_floor":[112,124,124,124,143,143,172,272,272,306,306,324,324,335,335,335],"floor_reached":16,"playtime":451,"items_purged":[],"score":116,"play_id":"0d39a86e-3957-4b67-aad2-dcba7f693bf1","local_time":"20180713015130","is_ascension_mode":true,"campfire_choices":[{"data":"Immolate","floor":6,"key":"SMITH"},{"data":"Intimidate","floor":11,"key":"SMITH"},{"data":"Strike_R","floor":15,"key":"PURGE"}],"neow_cost":"NONE","seed_source_timestamp":1306166108490,"circlet_count":0,"master_deck":["Strike_R+1","Strike_R","Strike_R","Strike_R","Defend_R","Defend_R","Defend_R","Defend_R","Bash+1","Rampage+1","Immolate+1","Injury","Body Slam","Sever Soul","Intimidate+1","Thunderclap"],"relics":["Burning Blood","Bronze Scales","Charon\u0027s Ashes","Blue Candle","Pen Nib","Peace Pipe"],"potions_floor_usage":[16,16],"damage_taken":[{"damage":0,"enemies":"2 Louse","floor":1,"turns":3},{"damage":8,"enemies":"Jaw Worm","floor":2,"turns":3},{"damage":0,"enemies":"Cultist","floor":5,"turns":2},{"damage":31,"enemies":"Lagavulin","floor":7,"turns":4},{"damage":14,"enemies":"Gremlin Nob","floor":10,"turns":3},{"damage":0,"enemies":"Large Slime","floor":12,"turns":4},{"damage":4,"enemies":"3 Louse","floor":14,"turns":3},{"damage":50,"enemies":"The Guardian","floor":16,"turns":7}],"seed_played":"-8609192673632241632","potions_obtained":[{"floor":1,"key":"FearPotion"},{"floor":5,"key":"GamblersBrew"},{"floor":14,"key":"FearPotion"}],"is_trial":false,"path_per_floor":["M","M","?","?","M","R","E","?","T","E","R","M","T","M","R"],"character_chosen":"IRONCLAD","items_purchased":[],"campfire_rested":0,"item_purchase_floors":[],"current_hp_per_floor":[80,78,62,62,68,68,43,43,43,35,35,41,41,43,43,0],"gold":335,"neow_bonus":"RANDOM_COMMON_RELIC","is_prod":false,"is_daily":false,"chose_seed":false,"campfire_upgraded":2,"win_rate":0,"timestamp":1531468290,"path_taken":["M","M","?","?","M","R","E","?","T","E","R","M","?","M","R","BOSS"],"build_version":"2018-07-12","purchased_purges":0,"victory":false,"max_hp_per_floor":[80,80,80,80,80,80,80,80,80,80,80,80,80,80,80,80],"card_choices":[{"not_picked":["True Grit","Havoc"],"picked":"Rampage","floor":1},{"not_picked":["Sword Boomerang","Disarm"],"picked":"Immolate","floor":2},{"not_picked":["Flex","Flame Barrier"],"picked":"Body Slam","floor":5},{"not_picked":["Sword Boomerang","True Grit"],"picked":"Sever Soul","floor":7},{"not_picked":["Power Through","Entrench"],"picked":"Intimidate","floor":10},{"not_picked":["Intimidate","Blood for Blood"],"picked":"Thunderclap","floor":12},{"not_picked":["Rampage","Pummel","Fire Breathing"],"picked":"SKIP","floor":14}],"player_experience":190512,"relics_obtained":[{"floor":7,"key":"Charon\u0027s Ashes"},{"floor":9,"key":"Blue Candle"},{"floor":10,"key":"Pen Nib"},{"floor":13,"key":"Peace Pipe"}],"event_choices":[{"event_name":"Shining Light","player_choice":"Entered Light","floor":3,"damage_taken":0},{"event_name":"Accursed Blacksmith","player_choice":"Forge","floor":4,"damage_taken":0},{"event_name":"Golden Shrine","player_choice":"Pray","floor":8,"damage_taken":0}],"boss_relics":[],"items_purged_floors":[],"is_endless":false,"potions_floor_spawned":[1,5,14],"killed_by":"The Guardian","ascension_level":1}