{"gold_per_floor":[112,112,123,133,153,153,173,232,289,289,289,306,8,21,21,118,118,129,129,14,34,49,49],"floor_reached":23,"playtime":1375,"items_purged":[],"score":185,"play_id":"134ffdcd-4944-40bb-8b8e-960f3a9536d8","local_time":"20180630013319","is_ascension_mode":false,"campfire_choices":[{"data":"Bouncing Flask","floor":6,"key":"SMITH"},{"data":"Neutralize","floor":11,"key":"SMITH"},{"data":"Terror","floor":15,"key":"SMITH"}],"neow_cost":"","seed_source_timestamp":290759570850029,"circlet_count":0,"master_deck":["Defend_G","Defend_G","Defend_G","Defend_G","Defend_G","Strike_G","Strike_G","Strike_G","Strike_G","Strike_G","Survivor","Neutralize+1","All Out Attack","Deadly Poison","Outmaneuver","Bouncing Flask+1","Infinite Blades+1","Cloak And Dagger","Sucker Punch","Terror+1","Envenom","Cloak And Dagger+1","Noxious Fumes","Bane","Catalyst","Bane"],"relics":["Ring of the Snake","Tiny Chest","Mummified Hand","Sozu"],"potions_floor_usage":[22],"damage_taken":[{"damage":0,"enemies":"Jaw Worm","floor":1,"turns":9},{"damage":0,"enemies":"Cultist","floor":3,"turns":4},{"damage":0,"enemies":"Small Slimes","floor":4,"turns":2},{"damage":5,"enemies":"Blue Slaver","floor":5,"turns":5},{"damage":11,"enemies":"Red Slaver","floor":7,"turns":4},{"damage":6,"enemies":"2 Fungi Beasts","floor":12,"turns":3},{"damage":17,"enemies":"Lots of Slimes","floor":14,"turns":5},{"damage":17,"enemies":"Hexaghost","floor":16,"turns":9},{"damage":18,"enemies":"2 Thieves","floor":18,"turns":4},{"damage":0,"enemies":"3 Byrds","floor":21,"turns":5},{"damage":14,"enemies":"Centurion and Healer","floor":22,"turns":4},{"damage":25,"enemies":"3 Cultists","floor":23,"turns":4}],"seed_played":"5282707114286926436","potions_obtained":[{"floor":1,"key":"Explosive Potion"},{"floor":3,"key":"SteroidPotion"},{"floor":7,"key":"Block Potion"},{"floor":14,"key":"SkillPotion"}],"is_trial":false,"path_per_floor":["M","?","M","M","M","R","M","?","T","?","R","M","$","M","R","B",null,"M","?","$","M","M"],"character_chosen":"THE_SILENT","items_purchased":["Mummified Hand","Sucker Punch","Noxious Fumes","Bane"],"campfire_rested":0,"item_purchase_floors":[13,13,20,20],"current_hp_per_floor":[70,70,70,70,65,65,54,54,54,54,54,48,48,31,31,14,70,52,39,39,39,25,0],"gold":49,"neow_bonus":"","is_prod":false,"is_daily":false,"chose_seed":false,"campfire_upgraded":3,"win_rate":0.0,"timestamp":1530343999,"path_taken":["M","?","M","M","M","R","M","?","T","?","R","?","$","M","R","BOSS","M","?","$","M","M","M"],"build_version":"2018-06-28","purchased_purges":0,"victory":false,"max_hp_per_floor":[70,70,70,70,70,70,70,70,70,70,70,70,70,70,70,70,70,70,75,75,75,75,75],"card_choices":[{"not_picked":["Bane","Masterful Stab"],"picked":"All Out Attack","floor":1},{"not_picked":["Dagger Spray","Eviscerate"],"picked":"Deadly Poison","floor":3},{"not_picked":["Dagger Spray","Prepared"],"picked":"Outmaneuver","floor":4},{"not_picked":["Die Die Die","PiercingWail"],"picked":"Bouncing Flask","floor":5},{"not_picked":["Underhanded Strike","Flying Knee"],"picked":"Infinite Blades","floor":7},{"not_picked":["Skewer","Slice"],"picked":"Cloak And Dagger","floor":12},{"not_picked":["Corpse Explosion","Dagger Throw"],"picked":"Terror","floor":14},{"not_picked":["Storm of Steel","Unload"],"picked":"Envenom","floor":16},{"not_picked":["Predator","Backflip"],"picked":"Cloak And Dagger+1","floor":18},{"not_picked":["Blade Dance","Dodge and Roll+1"],"picked":"Catalyst","floor":21},{"not_picked":["Predator+1","Terror"],"picked":"Bane","floor":22}],"player_experience":73319,"relics_obtained":[{"floor":9,"key":"Tiny Chest"}],"event_choices":[{"event_name":"The Woman in Blue","player_choice":"Bought 0 Potions","floor":2,"damage_taken":0},{"event_name":"Golden Wing","player_choice":"Gained Gold","floor":8,"damage_taken":0},{"event_name":"Upgrade Shrine","player_choice":"Upgraded","floor":10,"damage_taken":0},{"event_name":"Forgotten Altar","player_choice":"Shed Blood","floor":19,"damage_taken":0}],"boss_relics":[{"not_picked":["White Beast Statue","Astrolabe"],"picked":"Sozu"}],"items_purged_floors":[],"is_endless":false,"potions_floor_spawned":[1,3,7,14,16,18,22],"killed_by":"3 Cultists","ascension_level":0}