{"gold_per_floor":[117,192,192,207,207,237,237,237,237,237,412,112,144,160,160,256,256,276,276,288,302,312,312,345,345,345,345,363,90,90,100,100,195,195,213,261,261,280,190,225,225,239,239,3,14,14,44,64,64,64],"floor_reached":51,"playtime":3180,"items_purged":["Doubt"],"score":894,"play_id":"cef3b567-8f3c-4b36-a41d-76ff56dcc47c","local_time":"20190312134931","is_ascension_mode":true,"campfire_choices":[{"floor":7.0,"key":"REST"},{"data":"Whirlwind","floor":10.0,"key":"SMITH"},{"data":"Inflame","floor":15.0,"key":"SMITH"},{"data":"Flex","floor":23.0,"key":"SMITH"},{"data":"Armaments","floor":25.0,"key":"SMITH"},{"floor":32.0,"key":"REST"},{"floor":46.0,"key":"REST"},{"floor":49.0,"key":"REST"}],"neow_cost":"NONE","seed_source_timestamp":0,"circlet_count":0,"master_deck":["Strike_R","Strike_R","Strike_R","Strike_R","Defend_R","Defend_R","Defend_R","Defend_R","Bash","Inflame+1","Havoc","Whirlwind+1","Pummel","Shrug It Off","Offering","Flex+1","Havoc+1","Flex","Armaments+1","Injury","Clumsy","Reaper","Thunderclap","Bloodletting+1","Cleave+1","Whirlwind","Rupture+1","Writhe","Whirlwind+1","Pain","Flex+1","Demon Form"],"special_seed":0,"relics":["Philosopher\u0027s Stone","Vajra","Pear","Red Skull","Pantograph","Blue Candle","Meat on the Bone","Cursed Key","The Courier","Matryoshka","Sling","Happy Flower","Strawberry","Regal Pillow","Runic Dome","FossilizedHelix","Potion Belt","Blood Vial","Mummified Hand","Ice Cream","Paper Frog"],"potions_floor_usage":[50],"damage_taken":[{"damage":3.0,"enemies":"Jaw Worm","floor":1.0,"turns":3.0},{"damage":3.0,"enemies":"2 Louse","floor":4.0,"turns":3.0},{"damage":22.0,"enemies":"3 Sentries","floor":6.0,"turns":9.0},{"damage":18.0,"enemies":"Gremlin Nob","floor":13.0,"turns":3.0},{"damage":8.0,"enemies":"Small Slimes","floor":14.0,"turns":2.0},{"damage":8.0,"enemies":"Slime Boss","floor":16.0,"turns":5.0},{"damage":26.0,"enemies":"Shell Parasite","floor":18.0,"turns":4.0},{"damage":7.0,"enemies":"Spheric Guardian","floor":20.0,"turns":3.0},{"damage":25.0,"enemies":"Centurion and Healer","floor":21.0,"turns":3.0},{"damage":6.0,"enemies":"3 Cultists","floor":22.0,"turns":1.0},{"damage":43.0,"enemies":"Book of Stabbing","floor":24.0,"turns":3.0},{"damage":24.0,"enemies":"Slavers","floor":27.0,"turns":2.0},{"damage":6.0,"enemies":"Sentry and Sphere","floor":28.0,"turns":2.0},{"damage":23.0,"enemies":"Chosen and Byrds","floor":31.0,"turns":4.0},{"damage":35.0,"enemies":"Automaton","floor":33.0,"turns":6.0},{"damage":34.0,"enemies":"3 Darklings","floor":35.0,"turns":3.0},{"damage":49.0,"enemies":"2 Orb Walkers","floor":36.0,"turns":3.0},{"damage":20.0,"enemies":"Orb Walker","floor":38.0,"turns":4.0},{"damage":31.0,"enemies":"Giant Head","floor":40.0,"turns":6.0},{"damage":70.0,"enemies":"4 Shapes","floor":42.0,"turns":2.0},{"damage":32.0,"enemies":"Spire Growth","floor":45.0,"turns":3.0},{"damage":42.0,"enemies":"Nemesis","floor":47.0,"turns":3.0},{"damage":0.0,"enemies":"Transient","floor":48.0,"turns":5.0},{"damage":52,"enemies":"Donu and Deca","floor":50,"turns":3}],"seed_played":"7883530667728193747","potions_obtained":[{"floor":1.0,"key":"PowerPotion"},{"floor":13.0,"key":"BloodPotion"},{"floor":14.0,"key":"FearPotion"},{"floor":19.0,"key":"SmokeBomb"},{"floor":28.0,"key":"Ancient Potion"},{"floor":35.0,"key":"AttackPotion"},{"floor":40.0,"key":"Ancient Potion"},{"floor":42.0,"key":"AttackPotion"},{"floor":45.0,"key":"AttackPotion"}],"is_trial":false,"path_per_floor":["M","?","?","M","?","E","R","?","T","R","?","$","E","M","R","B",null,"M","?","M","M","M","R","E","R","T","E","M","$","T","M","R","B",null,"M","?","?","M","$","E","?","M","T","$","M","R","E","M","R","B",null],"character_chosen":"IRONCLAD","items_purchased":["Blue Candle","Pummel","Sling","Happy Flower","Whirlwind","Ice Cream"],"campfire_rested":4,"item_purchase_floors":[12,12,29,29,39,44],"current_hp_per_floor":[77,66,59,56,49,37,64,64,64,64,64,64,46,50,50,67,90,64,64,57,44,50,50,28,28,28,16,22,22,29,18,62,52,97,87,50,50,52,52,51,75,17,17,17,15,59,31,52,96,57],"gold":64,"neow_bonus":"BOSS_RELIC","is_prod":false,"is_daily":false,"chose_seed":false,"campfire_upgraded":4,"win_rate":0,"timestamp":1552366171,"path_taken":["M","?","?","M","?","E","R","?","T","R","?","$","E","?","R","BOSS","M","?","?","M","M","R","E","R","T","E","M","$","?","M","R","BOSS","M","?","?","?","$","E","?","M","T","?","M","R","E","M","R","BOSS"],"build_version":"2019-01-23","purchased_purges":1,"victory":true,"max_hp_per_floor":[80,80,80,80,80,90,90,90,90,90,90,90,90,90,90,90,90,90,90,90,90,90,90,90,90,90,90,90,90,97,97,97,97,97,97,97,97,97,97,97,97,97,97,97,97,97,97,97,97,97],"card_choices":[{"not_picked":["Sword Boomerang","Perfected Strike"],"picked":"Inflame","floor":1.0},{"not_picked":["Clothesline","Anger"],"picked":"Havoc","floor":4.0},{"not_picked":["Perfected Strike","Combust"],"picked":"Whirlwind","floor":6.0},{"not_picked":["Impervious","Thunderclap"],"picked":"Shrug It Off","floor":13.0},{"not_picked":["Rampage","Cleave","Thunderclap"],"picked":"SKIP","floor":14.0},{"not_picked":["Impervious","Reaper"],"picked":"Offering","floor":16.0},{"not_picked":["Sever Soul+1","Armaments+1"],"picked":"Flex","floor":18.0},{"not_picked":["Searing Blow","Headbutt"],"picked":"Havoc+1","floor":20.0},{"not_picked":["True Grit","Twin Strike","Clash"],"picked":"SKIP","floor":21.0},{"not_picked":["Shockwave","Sentinel"],"picked":"Flex","floor":22.0},{"not_picked":["Body Slam","Wild Strike+1"],"picked":"Armaments","floor":24.0},{"not_picked":["Twin Strike+1","Clothesline","True Grit"],"picked":"SKIP","floor":28.0},{"not_picked":["Thunderclap","Bludgeon","Searing Blow"],"picked":"SKIP","floor":31.0},{"not_picked":["Offering","Feed"],"picked":"Reaper","floor":33.0},{"not_picked":["Infernal Blade","Sword Boomerang+1"],"picked":"Thunderclap","floor":35.0},{"not_picked":["True Grit+1","Thunderclap+1"],"picked":"Bloodletting","floor":36.0},{"not_picked":["Dropkick","Body Slam"],"picked":"Cleave+1","floor":38.0},{"not_picked":["Armaments","Intimidate"],"picked":"Rupture+1","floor":40.0},{"not_picked":["Corruption+1","Anger"],"picked":"Whirlwind+1","floor":42.0},{"not_picked":["Fire Breathing+1","Demon Form"],"picked":"Flex+1","floor":45.0},{"not_picked":["Perfected Strike+1","Corruption+1"],"picked":"Demon Form","floor":47.0},{"not_picked":["Armaments+1","Pummel","Cleave"],"picked":"SKIP","floor":48.0}],"player_experience":323917,"relics_obtained":[{"floor":6.0,"key":"Pear"},{"floor":9.0,"key":"Pantograph"},{"floor":13.0,"key":"Meat on the Bone"},{"floor":24.0,"key":"The Courier"},{"floor":26.0,"key":"Matryoshka"},{"floor":30.0,"key":"Strawberry"},{"floor":30.0,"key":"Regal Pillow"},{"floor":36.0,"key":"FossilizedHelix"},{"floor":40.0,"key":"Potion Belt"},{"floor":43.0,"key":"Blood Vial"},{"floor":43.0,"key":"Mummified Hand"},{"floor":47.0,"key":"Paper Frog"}],"event_choices":[{"damage_healed":0.0,"max_hp_gain":0.0,"max_hp_loss":0.0,"gold_gain":75.0,"event_name":"World of Goop","player_choice":"Gather Gold","floor":2.0,"gold_loss":0.0,"damage_taken":11.0},{"cards_removed":["Strike_R"],"damage_healed":0.0,"max_hp_gain":0.0,"max_hp_loss":0.0,"gold_gain":0.0,"event_name":"Golden Wing","player_choice":"Card Removal","floor":3.0,"gold_loss":0.0,"damage_taken":7.0},{"damage_healed":0.0,"max_hp_gain":0.0,"max_hp_loss":0.0,"gold_gain":0.0,"event_name":"Scrap Ooze","player_choice":"Success","floor":5.0,"gold_loss":0.0,"damage_taken":7.0,"relics_obtained":["Vajra"]},{"damage_healed":0.0,"max_hp_gain":0.0,"max_hp_loss":0.0,"gold_gain":0.0,"event_name":"Dead Adventurer","player_choice":"Searched \u00271\u0027 times","floor":8.0,"gold_loss":0.0,"damage_taken":0.0,"relics_obtained":["Red Skull"]},{"damage_healed":0.0,"max_hp_gain":0.0,"max_hp_loss":0.0,"gold_gain":175.0,"event_name":"Liars Game","player_choice":"AGREE","floor":11.0,"gold_loss":0.0,"damage_taken":0.0,"cards_obtained":["Doubt"]},{"damage_healed":0.0,"max_hp_gain":0.0,"max_hp_loss":0.0,"gold_gain":0.0,"event_name":"Lab","player_choice":"Got Potions","floor":19.0,"gold_loss":0.0,"damage_taken":0.0},{"damage_healed":0.0,"max_hp_gain":0.0,"max_hp_loss":0.0,"gold_gain":0.0,"event_name":"Mysterious Sphere","player_choice":"Fight","floor":36.0,"gold_loss":0.0,"damage_taken":0.0},{"damage_healed":0.0,"max_hp_gain":0.0,"max_hp_loss":0.0,"gold_gain":0.0,"event_name":"Upgrade Shrine","player_choice":"Upgraded","floor":37.0,"gold_loss":0.0,"damage_taken":0.0,"cards_upgraded":["Bloodletting"]},{"damage_healed":24.0,"max_hp_gain":0.0,"max_hp_loss":0.0,"gold_gain":0.0,"event_name":"Winding Halls","player_choice":"Writhe","floor":41.0,"gold_loss":0.0,"damage_taken":0.0,"cards_obtained":["Writhe"]}],"is_beta":false,"boss_relics":[{"not_picked":["Velvet Choker","Eternal Feather"],"picked":"Cursed Key"},{"not_picked":["White Beast Statue","Empty Cage"],"picked":"Runic Dome"}],"items_purged_floors":[39],"is_endless":false,"potions_floor_spawned":[1,13,14,21,22,27,28,35,40,42,45],"ascension_level":4}