{"gold_per_floor":[110,197,209,238,250,262,274,309,348,83,83,117,117,157,157,283,283,306,306,35,35],"floor_reached":21,"playtime":575,"items_purged":[],"score":183,"play_id":"b6236964-a587-4e4e-9dd3-5b98638c2cf3","local_time":"20190319221142","daily_mods":["SealedDeck","Vintage","Heirloom","Flight","DeadlyEvents","Night Terrors"],"is_ascension_mode":false,"campfire_choices":[{"data":"Genetic Algorithm","floor":6,"key":"SMITH"},{"floor":7,"key":"REST"},{"data":"Defragment","floor":11,"key":"SMITH"},{"data":"Darkness","floor":13,"key":"SMITH"},{"data":"Consume","floor":15,"key":"SMITH"}],"neow_cost":"","seed_source_timestamp":422416518398205,"circlet_count":0,"master_deck":["Double Energy","Leap","Ball Lightning","Consume+1","Ball Lightning","Ball Lightning","Leap","Genetic Algorithm+1","Cold Snap","Cold Snap","Defragment+1","Darkness+1","Reprogram","Blizzard","Rainbow","FTL"],"relics":["FrozenCore","Peace Pipe","MawBank","Dodecahedron","Golden Idol","Gambling Chip","Omamori","Centennial Puzzle","Ornamental Fan","Prayer Wheel","Unceasing Top","Medical Kit"],"potions_floor_usage":[21],"damage_taken":[{"damage":0,"enemies":"Cultist","floor":1,"turns":2},{"damage":4,"enemies":"2 Louse","floor":4,"turns":2},{"damage":0,"enemies":"Small Slimes","floor":8,"turns":2},{"damage":5,"enemies":"Lagavulin","floor":12,"turns":4},{"damage":14,"enemies":"Gremlin Nob","floor":14,"turns":3},{"damage":18,"enemies":"Hexaghost","floor":16,"turns":8},{"damage":15,"enemies":"2 Thieves","floor":18,"turns":4},{"damage":58,"enemies":"Gremlin Leader","floor":21,"turns":4}],"seed_played":"8905896135417802449","potions_obtained":[{"floor":4,"key":"GamblersBrew"},{"floor":14,"key":"Ancient Potion"},{"floor":19,"key":"AttackPotion"}],"is_trial":true,"path_per_floor":["?","?","M","?","M","E","E","?","E"],"character_chosen":"DEFECT","items_purchased":["Defragment","Darkness","Centennial Puzzle","Medical Kit","FTL"],"campfire_rested":1,"item_purchase_floors":[10,10,10,20,20],"current_hp_per_floor":[75,64,64,60,42,42,70,70,70,70,70,65,65,51,51,33,70,55,55,55,0],"gold":35,"neow_bonus":"","is_prod":false,"is_daily":false,"chose_seed":false,"campfire_upgraded":4,"win_rate":0,"timestamp":1553029902,"path_taken":["M","?","?","?","?","R","R","?","T","$","R","?","R","?","R","BOSS","M","?","$","?"],"build_version":"2019-01-23","purchased_purges":0,"victory":false,"max_hp_per_floor":[75,75,75,75,75,75,70,70,70,70,70,70,70,70,70,70,70,70,70,70,70],"card_choices":[{"not_picked":["Force Field","Redo"],"picked":"Reprogram","floor":12},{"not_picked":["Stack","Cold Snap"],"picked":"Blizzard","floor":14},{"not_picked":["Hyperbeam","Creative AI"],"picked":"Rainbow","floor":16}],"player_experience":425161,"relics_obtained":[{"floor":1,"key":"MawBank"},{"floor":4,"key":"Dodecahedron"},{"floor":8,"key":"Gambling Chip"},{"floor":9,"key":"Omamori"},{"floor":12,"key":"Ornamental Fan"},{"floor":14,"key":"Prayer Wheel"},{"floor":18,"key":"Unceasing Top"}],"event_choices":[{"damage_healed":0,"gold_gain":75,"player_choice":"Gather Gold","damage_taken":11,"max_hp_gain":0,"max_hp_loss":0,"event_name":"World of Goop","floor":2,"gold_loss":0},{"damage_healed":0,"gold_gain":0,"player_choice":"Ignored","damage_taken":0,"max_hp_gain":0,"max_hp_loss":0,"event_name":"NoteForYourself","floor":3,"gold_loss":0},{"damage_healed":0,"gold_gain":0,"player_choice":"Take Damage","damage_taken":18,"relics_obtained":["Golden Idol"],"max_hp_gain":0,"max_hp_loss":0,"event_name":"Golden Idol","floor":5,"gold_loss":0},{"damage_healed":0,"gold_gain":0,"player_choice":"Got Potions","damage_taken":0,"max_hp_gain":0,"max_hp_loss":0,"event_name":"Lab","floor":19,"gold_loss":0}],"is_beta":false,"boss_relics":[{"not_picked":["Orrery","Black Star"],"picked":"FrozenCore"}],"items_purged_floors":[],"is_endless":false,"potions_floor_spawned":[4,14],"killed_by":"Gremlin Leader","ascension_level":0}