{"gold_per_floor":[17,35,49,49,62,62,62,92,92,110,125,145,145,161,161,266,266,284,35,48,48,48,79,79,91,91,106,106,36,71,87,87,188,188,200,220,220,0,16,51,51,64,90,90,101,101,101,156,156,156],"floor_reached":51,"playtime":1717,"items_purged":["Defend_R"],"score":771,"play_id":"ca3dc32e-b334-4c9c-a00e-1a8dffa900cb","local_time":"20180916013113","is_ascension_mode":false,"campfire_choices":[{"data":"Strike_R","floor":6,"key":"PURGE"},{"data":"Defend_R","floor":13,"key":"PURGE"},{"data":"Strike_R","floor":15,"key":"PURGE"},{"data":"Defend_R","floor":24,"key":"PURGE"},{"data":"Strike_R+1","floor":28,"key":"PURGE"},{"data":"Strike_R+1","floor":32,"key":"PURGE"},{"data":"Panacea","floor":41,"key":"SMITH"},{"data":"Flex","floor":44,"key":"SMITH"},{"data":"Hemokinesis","floor":47,"key":"SMITH"},{"data":"Shrug It Off","floor":49,"key":"SMITH"}],"neow_cost":"NO_GOLD","seed_source_timestamp":439850477783110,"circlet_count":0,"master_deck":["Bash","Shrug It Off+1","Sword Boomerang","Feed","Thunderclap","Shrug It Off","Shrug It Off","Reaper","Panacea+1","Rupture","Twin Strike+1","Necronomicurse","Headbutt","Uppercut+1","Flex+1","Hemokinesis+1","Body Slam+1","Reaper","Flex+1","Headbutt+1"],"relics":["Burning Blood","Peace Pipe","Regal Pillow","Pantograph","Busted Crown","Necronomicon","Dead Branch","Boot","Magic Flower","Empty Cage","Red Mask","Thread and Needle","Ancient Tea Set","Nunchaku"],"potions_floor_usage":[8,16,23,35],"damage_taken":[{"damage":6,"enemies":"Jaw Worm","floor":1,"turns":4},{"damage":0,"enemies":"Small Slimes","floor":2,"turns":3},{"damage":1,"enemies":"2 Louse","floor":3,"turns":2},{"damage":10,"enemies":"Red Slaver","floor":5,"turns":4},{"damage":14,"enemies":"Gremlin Nob","floor":8,"turns":3},{"damage":2,"enemies":"3 Louse","floor":10,"turns":3},{"damage":9,"enemies":"Blue Slaver","floor":11,"turns":4},{"damage":8,"enemies":"Exordium Thugs","floor":12,"turns":4},{"damage":1,"enemies":"2 Fungi Beasts","floor":14,"turns":4},{"damage":60,"enemies":"The Guardian","floor":16,"turns":15},{"damage":8,"enemies":"Shell Parasite","floor":18,"turns":11},{"damage":10,"enemies":"Chosen","floor":20,"turns":4},{"damage":52,"enemies":"Gremlin Leader","floor":23,"turns":7},{"damage":25,"enemies":"3 Cultists","floor":25,"turns":5},{"damage":11,"enemies":"Snecko","floor":27,"turns":3},{"damage":22,"enemies":"Slavers","floor":30,"turns":4},{"damage":1,"enemies":"Centurion and Healer","floor":31,"turns":4},{"damage":73,"enemies":"Automaton","floor":33,"turns":7},{"damage":48,"enemies":"3 Darklings","floor":35,"turns":4},{"damage":26,"enemies":"3 Shapes","floor":36,"turns":3},{"damage":41,"enemies":"3 Darklings","floor":39,"turns":4},{"damage":40,"enemies":"2 Orb Walkers","floor":40,"turns":4},{"damage":40,"enemies":"4 Shapes","floor":42,"turns":5},{"damage":3,"enemies":"Spire Growth","floor":45,"turns":3},{"damage":22,"enemies":"Mysterious Sphere","floor":48,"turns":3},{"damage":102,"enemies":"Awakened One","floor":50,"turns":10}],"seed_played":"-5831711717189106248","potions_obtained":[{"floor":1,"key":"Block Potion"},{"floor":2,"key":"Fire Potion"},{"floor":12,"key":"Poison Potion"},{"floor":16,"key":"Explosive Potion"},{"floor":23,"key":"Weak Potion"},{"floor":25,"key":"FearPotion"},{"floor":31,"key":"SteroidPotion"},{"floor":40,"key":"Dexterity Potion"},{"floor":45,"key":"Energy Potion"}],"is_trial":false,"path_per_floor":["M","M","M","?","M","R","?","E","T","M","M","M","R","M","R","B",null,"M","$","M","?","$","E","R","M","T","M","R","$","E","M","R","B",null,"M","M","?","?","M","E","R","M","T","R","M","$","R","?","R","B"],"character_chosen":"IRONCLAD","items_purchased":["Panacea","Rupture","Hemokinesis"],"campfire_rested":0,"item_purchase_floors":[19,19,29],"current_hp_per_floor":[80,80,80,64,63,63,56,48,48,55,52,53,53,61,61,32,92,90,90,95,79,79,52,52,60,60,55,55,55,54,80,80,72,101,95,98,98,98,75,78,78,82,82,82,88,88,88,75,75,67],"gold":156,"neow_bonus":"ONE_RARE_RELIC","is_prod":false,"is_daily":false,"chose_seed":false,"campfire_upgraded":4,"win_rate":0,"timestamp":1537083073,"path_taken":["M","M","M","?","?","R","?","E","T","M","M","M","R","M","R","BOSS","M","$","M","?","$","E","R","M","T","M","R","?","E","M","R","BOSS","M","M","?","?","?","E","R","M","T","R","M","?","R","?","R","BOSS"],"build_version":"2018-09-06","purchased_purges":1,"victory":true,"max_hp_per_floor":[80,80,80,80,83,83,83,83,83,86,86,89,89,92,92,92,92,92,92,95,95,95,98,98,101,101,101,101,101,101,101,101,101,101,101,104,104,104,104,107,107,110,110,110,110,110,110,110,110,110],"card_choices":[{"not_picked":["Feel No Pain","True Grit"],"picked":"Shrug It Off","floor":1},{"not_picked":["Heavy Blade","Combust"],"picked":"Sword Boomerang","floor":2},{"not_picked":["Armaments","True Grit"],"picked":"Feed","floor":3},{"not_picked":["Pummel","Pommel Strike","Heavy Blade"],"picked":"SKIP","floor":5},{"not_picked":["Feel No Pain","Reckless Charge"],"picked":"Thunderclap","floor":8},{"not_picked":["Corruption","Fire Breathing"],"picked":"Twin Strike","floor":10},{"not_picked":["Havoc","Iron Wave"],"picked":"Shrug It Off","floor":11},{"not_picked":["Havoc","Hemokinesis"],"picked":"Shrug It Off","floor":12},{"not_picked":["Havoc","Searing Blow","Anger"],"picked":"SKIP","floor":14},{"not_picked":["Dark Embrace","Immolate"],"picked":"Reaper","floor":16},{"not_picked":["Clothesline"],"picked":"SKIP","floor":18},{"not_picked":[],"picked":"Twin Strike+1","floor":20},{"not_picked":[],"picked":"Headbutt","floor":23},{"not_picked":[],"picked":"Uppercut+1","floor":25},{"not_picked":[],"picked":"Flex+1","floor":27},{"not_picked":["Flame Barrier"],"picked":"SKIP","floor":30},{"not_picked":["Headbutt"],"picked":"SKIP","floor":31},{"not_picked":["Sword Boomerang"],"picked":"SKIP","floor":35},{"not_picked":[],"picked":"Body Slam+1","floor":36},{"not_picked":["Metallicize"],"picked":"SKIP","floor":39},{"not_picked":["Evolve+1"],"picked":"SKIP","floor":40},{"not_picked":[],"picked":"Flex","floor":42},{"not_picked":[],"picked":"Headbutt+1","floor":45}],"player_experience":482778,"relics_obtained":[{"floor":8,"key":"Regal Pillow"},{"floor":9,"key":"Pantograph"},{"floor":21,"key":"Necronomicon"},{"floor":23,"key":"Dead Branch"},{"floor":26,"key":"Boot"},{"floor":30,"key":"Magic Flower"},{"floor":40,"key":"Thread and Needle"},{"floor":43,"key":"Ancient Tea Set"},{"floor":48,"key":"Nunchaku"}],"event_choices":[{"event_name":"Shining Light","player_choice":"Entered Light","floor":4,"damage_taken":0},{"event_name":"Golden Wing","player_choice":"Card Removal","floor":7,"damage_taken":0},{"event_name":"Cursed Tome","player_choice":"Obtained Book","floor":21,"damage_taken":0},{"event_name":"Duplicator","player_choice":"One dupe","floor":37,"damage_taken":0},{"event_name":"Tomb of Lord Red Mask","player_choice":"Paid","floor":38,"damage_taken":0},{"event_name":"Mysterious Sphere","player_choice":"Fight","floor":48,"damage_taken":0}],"is_beta":false,"boss_relics":[{"not_picked":["Snecko Eye","Ectoplasm"],"picked":"Busted Crown"},{"not_picked":["Fusion Hammer","Runic Dome"],"picked":"Empty Cage"}],"items_purged_floors":[19],"is_endless":false,"potions_floor_spawned":[1,2,12,16,23,25,31,40,45,48],"ascension_level":0}