{"gold_per_floor":[110,129,129,143,72,72,90,107,107,107,107,107,119,133,133,237,237,253,71,89,104,19,36,36,36,62,62,72,105,105,116,116,211,211,226,226,78,95,113,113,132,57,131,131,147,158,158,176,176,176],"floor_reached":51,"playtime":3608,"items_purged":["Gash"],"score":665,"play_id":"5773426e-261d-4619-aa1b-61261b16e4a0","local_time":"20180629111323","is_ascension_mode":false,"campfire_choices":[{"data":"Sunder","floor":6,"key":"SMITH"},{"data":"Zap","floor":10,"key":"SMITH"},{"data":"Dualcast","floor":12,"key":"SMITH"},{"data":"Double Energy","floor":15,"key":"SMITH"},{"data":"Buffer","floor":24,"key":"SMITH"},{"data":"Electrodynamics","floor":27,"key":"SMITH"},{"data":"Biased Cognition","floor":30,"key":"SMITH"},{"data":"Tempest","floor":32,"key":"SMITH"},{"data":"Amplify","floor":40,"key":"SMITH"},{"data":"Thunder Strike","floor":44,"key":"SMITH"},{"data":"Reboot","floor":47,"key":"SMITH"},{"floor":49,"key":"REST"}],"neow_cost":"NONE","seed_source_timestamp":236909073656969,"circlet_count":0,"master_deck":["Strike_B+1","Strike_B+1","Defend_B","Defend_B","Defend_B","Defend_B","Zap+1","Dualcast+1","Genetic Algorithm","Beam Cell","Hello World","Compile Driver","Sunder+1","Reboot+1","Capacitor","Double Energy+1","Buffer+1","BootSequence+1","Electrodynamics+1","Leap","Tempest+1","Ball Lightning","Biased Cognition+1","Conserve Battery+1","Cold Snap","Rebound","Thunder Strike+1","Static Discharge+1","Amplify+1","Melter","Sunder+1","Buffer","Streamline+1","Chill","FTL+1"],"relics":["Cracked Core","Lantern","Happy Flower","Velvet Choker","Bag of Preparation","Anchor","Question Card","White Beast Statue","Letter Opener"],"potions_floor_usage":[45,48,50,50,50],"damage_taken":[{"damage":0,"enemies":"2 Louse","floor":1,"turns":2},{"damage":0,"enemies":"Jaw Worm","floor":2,"turns":5},{"damage":0,"enemies":"Small Slimes","floor":4,"turns":4},{"damage":0,"enemies":"Looter","floor":7,"turns":2},{"damage":0,"enemies":"Blue Slaver","floor":8,"turns":3},{"damage":0,"enemies":"2 Fungi Beasts","floor":13,"turns":2},{"damage":2,"enemies":"3 Louse","floor":14,"turns":3},{"damage":27,"enemies":"Hexaghost","floor":16,"turns":6},{"damage":0,"enemies":"Chosen","floor":18,"turns":5},{"damage":6,"enemies":"Shell Parasite","floor":20,"turns":4},{"damage":0,"enemies":"Snecko","floor":21,"turns":4},{"damage":13,"enemies":"3 Cultists","floor":23,"turns":3},{"damage":5,"enemies":"Slaver and Parasite","floor":28,"turns":5},{"damage":0,"enemies":"Slavers","floor":29,"turns":2},{"damage":0,"enemies":"Snecko","floor":31,"turns":3},{"damage":3,"enemies":"Collector","floor":33,"turns":8},{"damage":0,"enemies":"Orb Walker","floor":35,"turns":4},{"damage":0,"enemies":"3 Darklings","floor":38,"turns":2},{"damage":0,"enemies":"Sphere and 2 Shapes","floor":39,"turns":4},{"damage":2,"enemies":"Maw","floor":41,"turns":6},{"damage":24,"enemies":"3 Darklings","floor":45,"turns":4},{"damage":0,"enemies":"Sphere and 2 Shapes","floor":46,"turns":4},{"damage":0,"enemies":"4 Shapes","floor":48,"turns":5},{"damage":38,"enemies":"Donu and Deca","floor":50,"turns":5}],"seed_played":"-3187453423719105267","potions_obtained":[{"floor":1,"key":"Poison Potion"},{"floor":2,"key":"Strength Potion"},{"floor":4,"key":"SteroidPotion"},{"floor":28,"key":"SkillPotion"},{"floor":38,"key":"Swift Potion"},{"floor":39,"key":"Regen Potion"},{"floor":45,"key":"SkillPotion"},{"floor":48,"key":"Explosive Potion"}],"is_trial":false,"path_per_floor":["M","M","?","M","$","R","M","M","T","R","?","R","M","M","R","B",null,"M","$","M","M","?","M","R","?","T","R","M","E","R","M","R","B",null,"M","?","$","M","M","R","M","$","T","R","M","M","R","M","R","B"],"character_chosen":"DEFECT","items_purchased":["Sunder","Electrodynamics","Leap","Amplify","Melter"],"campfire_rested":1,"item_purchase_floors":[5,19,19,37,37],"current_hp_per_floor":[75,75,75,75,75,75,75,75,75,75,60,60,60,58,58,31,75,75,75,69,69,69,56,56,56,56,56,51,51,51,51,51,48,75,75,75,75,75,75,75,73,73,73,73,49,49,49,49,71,42],"gold":176,"neow_bonus":"RANDOM_COMMON_RELIC","is_prod":false,"is_daily":false,"chose_seed":false,"campfire_upgraded":11,"win_rate":0.0,"timestamp":1530292403,"path_taken":["M","M","?","M","$","R","M","M","T","R","?","R","M","M","R","BOSS","M","$","M","M","?","M","R","?","T","R","M","E","R","?","R","BOSS","M","?","$","M","M","R","M","?","T","R","M","M","R","M","R","BOSS"],"build_version":"2018-06-28","purchased_purges":1,"victory":true,"max_hp_per_floor":[75,75,75,75,75,75,75,75,75,75,75,75,75,75,75,75,75,75,75,75,75,75,75,75,75,75,75,75,75,75,75,75,75,75,75,75,75,75,75,75,75,75,75,75,75,75,75,75,75,75],"card_choices":[{"not_picked":["Compile Driver","Undo"],"picked":"Genetic Algorithm","floor":1},{"not_picked":["Doom and Gloom","Reinforced Body"],"picked":"Beam Cell","floor":2},{"not_picked":["Hologram","Undo"],"picked":"Compile Driver","floor":4},{"not_picked":["Stack","Barrage"],"picked":"Gash","floor":7},{"not_picked":["Chill","Turbo"],"picked":"Reboot","floor":8},{"not_picked":["Stack","Barrage"],"picked":"Capacitor","floor":13},{"not_picked":["Steam","Hologram"],"picked":"Double Energy","floor":14},{"not_picked":["Machine Learning","Reboot"],"picked":"Buffer","floor":16},{"not_picked":["Gash","Leap"],"picked":"BootSequence+1","floor":18},{"not_picked":["Barrage","BootSequence+1"],"picked":"Tempest","floor":20},{"not_picked":["Coolheaded","Blizzard+1"],"picked":"Ball Lightning","floor":21},{"not_picked":["Blizzard","Stack+1"],"picked":"Biased Cognition","floor":23},{"not_picked":["Rebound+1","Stack+1"],"picked":"Conserve Battery+1","floor":28},{"not_picked":["Force Field+1","Gash"],"picked":"Cold Snap","floor":29},{"not_picked":["Tempest","Hologram","Streamline+1"],"picked":"Rebound","floor":31},{"not_picked":["Echo Form","Biased Cognition","Fission"],"picked":"Thunder Strike","floor":33},{"not_picked":["Chill","Leap","Fusion+1"],"picked":"Static Discharge+1","floor":35},{"not_picked":["Ball Lightning","Sweeping Beam+1","Undo+1"],"picked":"Sunder+1","floor":38},{"not_picked":["Scrape","Sunder","Ball Lightning+1"],"picked":"Buffer","floor":39},{"not_picked":["Stack","Auto Shields+1","Turbo","Barrage"],"picked":"SKIP","floor":41},{"not_picked":["Stack","Rebound","Compile Driver"],"picked":"Streamline+1","floor":45},{"not_picked":["Streamline","Reinforced Body","Go for the Eyes+1"],"picked":"Chill","floor":46},{"not_picked":["Cold Snap+1","Coolheaded+1","Compile Driver+1"],"picked":"FTL+1","floor":48}],"player_experience":58786,"relics_obtained":[{"floor":9,"key":"Happy Flower"},{"floor":26,"key":"Anchor"},{"floor":29,"key":"Question Card"},{"floor":43,"key":"Letter Opener"}],"event_choices":[{"event_name":"Living Wall","player_choice":"Change","floor":3,"damage_taken":0},{"event_name":"Shining Light","player_choice":"Entered Light","floor":11,"damage_taken":0},{"event_name":"Addict","player_choice":"Obtained Relic","floor":22,"damage_taken":0},{"event_name":"Ghosts","player_choice":"Ignored","floor":25,"damage_taken":0},{"event_name":"Falling","player_choice":"Removed Attack","floor":36,"damage_taken":0}],"boss_relics":[{"not_picked":["Tiny House","Snecko Eye"],"picked":"Velvet Choker"},{"not_picked":["Runic Pyramid","Calling Bell"],"picked":"White Beast Statue"}],"items_purged_floors":[42],"is_endless":false,"potions_floor_spawned":[1,2,4,13,23,28,29,31,35,38,39,41,45,46,48],"ascension_level":0}