{"gold_per_floor":[115,132,145,320,148,148,148,148,172,205,205,217,232,249,249,352,352,363,381,381,18,18,18],"floor_reached":23,"playtime":1413,"items_purged":["Decay"],"score":191,"play_id":"025b273f-d5e0-48ab-a9d8-a86a58641d9f","local_time":"20190210172548","is_ascension_mode":false,"campfire_choices":[{"data":"Echo Form","floor":6.0,"key":"SMITH"},{"data":"Streamline","floor":8.0,"key":"SMITH"},{"floor":11.0,"key":"REST"},{"floor":15,"key":"REST"}],"neow_cost":"NONE","seed_source_timestamp":0,"circlet_count":0,"master_deck":["Strike_B","Strike_B","Defend_B","Defend_B","Defend_B","Defend_B","Zap","Dualcast","Coolheaded","Compile Driver","Echo Form+1","Streamline+1","Conserve Battery","Melter","Undo","BootSequence","Ball Lightning","Sweeping Beam","Go for the Eyes","Reprogram","Streamline","Multi-Cast","Beam Cell","Reinforced Body","Melter","Apotheosis+1","Conserve Battery"],"special_seed":0,"relics":["Cracked Core","NeowsBlessing","Dream Catcher","Letter Opener","Empty Cage"],"potions_floor_usage":[],"damage_taken":[{"damage":0.0,"enemies":"2 Louse","floor":1.0,"turns":1.0},{"damage":0.0,"enemies":"Cultist","floor":2.0,"turns":1.0},{"damage":0.0,"enemies":"Small Slimes","floor":3.0,"turns":1.0},{"damage":18.0,"enemies":"Gremlin Nob","floor":10.0,"turns":4.0},{"damage":6.0,"enemies":"Exordium Thugs","floor":12.0,"turns":4.0},{"damage":12.0,"enemies":"Blue Slaver","floor":13.0,"turns":2.0},{"damage":0,"enemies":"Looter","floor":14,"turns":4},{"damage":39,"enemies":"The Guardian","floor":16,"turns":9},{"damage":51,"enemies":"2 Thieves","floor":18,"turns":5},{"damage":13,"enemies":"Shell Parasite","floor":19,"turns":6},{"damage":18,"enemies":"Gremlin Leader","floor":23,"turns":2}],"seed_played":"-3448625360004356359","potions_obtained":[{"floor":2.0,"key":"FearPotion"},{"floor":3.0,"key":"Swift Potion"},{"floor":10.0,"key":"Block Potion"},{"floor":14,"key":"Fire Potion"}],"is_trial":false,"path_per_floor":["M","M","M","?","$","R","?","R","T","E","R","M","M","M","R","B",null,"M","M","?","$","?","E"],"character_chosen":"DEFECT","items_purchased":["Streamline","Conserve Battery","Melter","Melter","Apotheosis","Conserve Battery"],"campfire_rested":2,"item_purchase_floors":[5,5,5,21,21,21],"current_hp_per_floor":[75,75,75,75,75,75,75,75,75,57,75,69,57,57,75,36,75,24,11,11,11,11,0],"gold":18,"neow_bonus":"THREE_ENEMY_KILL","is_prod":false,"is_daily":false,"chose_seed":false,"campfire_upgraded":2,"win_rate":0.0,"timestamp":1549837548,"path_taken":["M","M","M","?","$","R","?","R","T","E","R","M","M","M","R","BOSS","M","?","?","$","?","E"],"build_version":"2019-01-23","purchased_purges":1,"victory":false,"max_hp_per_floor":[75,75,75,75,75,75,75,75,75,75,75,75,75,75,75,75,75,75,75,75,75,75,75],"card_choices":[{"not_picked":["Gash","Scrape"],"picked":"Coolheaded","floor":1.0},{"not_picked":["Darkness","Cold Snap"],"picked":"Compile Driver","floor":2.0},{"not_picked":["Redo","Gash"],"picked":"Echo Form","floor":3.0},{"not_picked":["Steam Power","Redo"],"picked":"BootSequence","floor":10.0},{"not_picked":["Stack","Hologram"],"picked":"Ball Lightning","floor":11.0},{"not_picked":["Conserve Battery","White Noise"],"picked":"Sweeping Beam","floor":12.0},{"not_picked":["Barrage","Chaos"],"picked":"Go for the Eyes","floor":13},{"not_picked":["Leap","Barrage"],"picked":"Reprogram","floor":14},{"not_picked":["Cold Snap","BootSequence"],"picked":"Streamline","floor":15},{"not_picked":["Echo Form","Amplify"],"picked":"Multi-Cast","floor":16},{"not_picked":["Compile Driver","Steam"],"picked":"Beam Cell","floor":18},{"not_picked":["Barrage","Conserve Battery+1"],"picked":"Reinforced Body","floor":19}],"player_experience":51631,"relics_obtained":[{"floor":9.0,"key":"Dream Catcher"},{"floor":10.0,"key":"Letter Opener"}],"event_choices":[{"damage_healed":0.0,"max_hp_gain":0.0,"max_hp_loss":0.0,"gold_gain":175.0,"event_name":"Liars Game","player_choice":"AGREE","floor":4.0,"gold_loss":0.0,"damage_taken":0.0,"cards_obtained":["Doubt"]},{"damage_healed":0.0,"max_hp_gain":0.0,"max_hp_loss":0.0,"gold_gain":0.0,"cards_transformed":["Strike_B"],"event_name":"Transmorgrifier","player_choice":"Transformed","floor":7.0,"gold_loss":0.0,"damage_taken":0.0,"cards_obtained":["Undo"]},{"damage_healed":0,"gold_gain":0,"player_choice":"Smashed Altar","damage_taken":0,"max_hp_gain":0,"max_hp_loss":0,"event_name":"Forgotten Altar","floor":20,"gold_loss":0,"cards_obtained":["Decay"]},{"damage_healed":0,"gold_gain":0,"player_choice":"Upgraded","damage_taken":0,"max_hp_gain":0,"max_hp_loss":0,"event_name":"Upgrade Shrine","floor":22,"gold_loss":0,"cards_upgraded":["Apotheosis"]}],"is_beta":false,"boss_relics":[{"not_picked":["Fusion Hammer","Runic Pyramid"],"picked":"Empty Cage"}],"items_purged_floors":[21],"is_endless":false,"potions_floor_spawned":[2,3,10,14,16,18],"killed_by":"Gremlin Leader","ascension_level":0}