{"gold_per_floor":[366,47,64,64,74,74,74,87,87,115,115,133,62,62,62,160,160,174,174,186,215,215,215,242,242,242,262,288,298,308,338,338,439,439,459,475,475,486,242,242],"floor_reached":40,"playtime":1544,"items_purged":["Regret"],"score":636,"play_id":"55897734-4481-4725-aa42-1e0203e1886d","local_time":"20190317125445","is_ascension_mode":true,"campfire_choices":[{"floor":6,"key":"REST"},{"floor":11,"key":"REST"},{"data":"Armaments","floor":15,"key":"SMITH"},{"floor":23,"key":"REST"},{"floor":25,"key":"REST"},{"data":"Spot Weakness","floor":32,"key":"SMITH"}],"neow_cost":"CURSE","seed_source_timestamp":216719673550512,"circlet_count":0,"master_deck":["Strike_R+1","Strike_R+1","Strike_R+1","Strike_R+1","Defend_R+1","Defend_R+1","Defend_R+1","Defend_R+1","Bash","Flex+1","Pommel Strike","Twin Strike","Cleave","Reckless Charge","Pommel Strike","Armaments+1","Thunderclap","Spot Weakness+1","Reaper","Inflame+1","Reckless Charge","Clash","Infernal Blade","Flex+1","Power Through","Sword Boomerang","Heavy Blade","Inflame","Limit Break","Sword Boomerang+1","Perfected Strike","Shrug It Off"],"relics":["Black Blood","Omamori","Letter Opener","Self Forming Clay","Lantern","Red Mask","Incense Burner","Question Card","Pantograph","Gremlin Horn","Bronze Scales","Runic Pyramid","Shuriken"],"potions_floor_usage":[8,21,30,30,40],"damage_taken":[{"damage":26,"enemies":"Jaw Worm","floor":1,"turns":4},{"damage":0,"enemies":"2 Louse","floor":3,"turns":3},{"damage":1,"enemies":"Cultist","floor":5,"turns":3},{"damage":12,"enemies":"Red Slaver","floor":8,"turns":4},{"damage":35,"enemies":"3 Sentries","floor":10,"turns":6},{"damage":8,"enemies":"Blue Slaver","floor":12,"turns":3},{"damage":54,"enemies":"Hexaghost","floor":16,"turns":9},{"damage":15,"enemies":"Chosen","floor":18,"turns":5},{"damage":28,"enemies":"2 Thieves","floor":20,"turns":4},{"damage":54,"enemies":"Masked Bandits","floor":21,"turns":5},{"damage":14,"enemies":"Slavers","floor":24,"turns":4},{"damage":8,"enemies":"Snecko","floor":27,"turns":4},{"damage":12,"enemies":"Gremlin Leader","floor":28,"turns":3},{"damage":14,"enemies":"Chosen and Byrds","floor":29,"turns":4},{"damage":5,"enemies":"Shelled Parasite and Fungi","floor":30,"turns":3},{"damage":16,"enemies":"Slavers","floor":31,"turns":3},{"damage":58,"enemies":"Champ","floor":33,"turns":11},{"damage":49,"enemies":"3 Shapes","floor":35,"turns":5},{"damage":15,"enemies":"Orb Walker","floor":36,"turns":3},{"damage":7,"enemies":"3 Darklings","floor":38,"turns":4},{"damage":60,"enemies":"Nemesis","floor":40,"turns":6}],"seed_played":"2807928275894988177","potions_obtained":[{"floor":5,"key":"Fruit Juice"},{"floor":16,"key":"Regen Potion"},{"floor":21,"key":"Ancient Potion"},{"floor":24,"key":"LiquidBronze"},{"floor":29,"key":"Block Potion"},{"floor":30,"key":"Explosive Potion"}],"is_trial":false,"path_per_floor":["?","?","$","?","?","?","T","M","?"],"character_chosen":"IRONCLAD","items_purchased":["Omamori","Pommel Strike","Twin Strike","Spot Weakness","Shuriken"],"campfire_rested":4,"item_purchase_floors":[2,2,2,13,39],"current_hp_per_floor":[52,52,58,42,47,71,71,70,70,41,66,64,64,64,64,16,68,63,63,65,47,47,72,68,85,85,85,83,79,84,78,78,43,75,56,51,51,54,54,0],"gold":242,"neow_bonus":"TWO_FIFTY_GOLD","is_prod":false,"is_daily":false,"chose_seed":false,"campfire_upgraded":2,"win_rate":0,"timestamp":1552823685,"path_taken":["M","$","M","?","M","R","?","M","T","E","R","M","?","?","R","BOSS","M","?","M","?","?","R","E","R","T","M","E","?","M","E","R","BOSS","M","M","?","M","$","E"],"build_version":"2019-01-23","purchased_purges":1,"victory":false,"max_hp_per_floor":[80,80,80,80,80,80,80,85,85,85,85,85,85,85,85,85,85,85,85,85,85,85,85,85,85,85,85,85,85,85,85,85,85,85,85,85,81,81,81,81],"card_choices":[{"not_picked":["Perfected Strike","Twin Strike"],"picked":"Flex","floor":1},{"not_picked":["Anger","Body Slam"],"picked":"Cleave","floor":3},{"not_picked":["Perfected Strike","Cleave","Headbutt"],"picked":"SKIP","floor":5},{"not_picked":["Headbutt","Disarm"],"picked":"Pommel Strike","floor":8},{"not_picked":["Sever Soul","Fire Breathing"],"picked":"Armaments","floor":10},{"not_picked":["True Grit","Reckless Charge"],"picked":"Thunderclap","floor":12},{"not_picked":["Impervious","Barricade"],"picked":"Reaper","floor":16},{"not_picked":["Heavy Blade+1","Headbutt"],"picked":"Inflame+1","floor":18},{"not_picked":["Intimidate","Body Slam"],"picked":"Reckless Charge","floor":20},{"not_picked":["Combust","Havoc"],"picked":"Clash","floor":21},{"not_picked":["Perfected Strike","Rampage+1"],"picked":"Infernal Blade","floor":24},{"not_picked":["Clash","Clothesline+1","Metallicize+1"],"picked":"Flex+1","floor":27},{"not_picked":["Anger","True Grit","Clothesline"],"picked":"Power Through","floor":28},{"not_picked":["Blood for Blood+1","Anger","Combust"],"picked":"Sword Boomerang","floor":29},{"not_picked":["Double Tap","Uppercut","Armaments+1"],"picked":"Heavy Blade","floor":30},{"not_picked":["Seeing Red","Juggernaut","Rupture"],"picked":"Inflame","floor":31},{"not_picked":["Impervious","Double Tap","Reaper"],"picked":"Limit Break","floor":33},{"not_picked":["Perfected Strike+1","Thunderclap+1","Anger"],"picked":"Sword Boomerang+1","floor":35},{"not_picked":["Sentinel","Disarm","Seeing Red"],"picked":"Perfected Strike","floor":36},{"not_picked":["Wild Strike","Body Slam+1","Bloodletting"],"picked":"Shrug It Off","floor":38}],"player_experience":360255,"relics_obtained":[{"floor":9,"key":"Letter Opener"},{"floor":10,"key":"Self Forming Clay"},{"floor":21,"key":"Red Mask"},{"floor":22,"key":"Incense Burner"},{"floor":24,"key":"Question Card"},{"floor":26,"key":"Pantograph"},{"floor":28,"key":"Gremlin Horn"},{"floor":31,"key":"Bronze Scales"}],"event_choices":[{"damage_healed":0,"gold_gain":0,"player_choice":"Entered Light","damage_taken":16,"max_hp_gain":0,"max_hp_loss":0,"event_name":"Shining Light","floor":4,"gold_loss":0,"cards_upgraded":["Flex","Strike_R"]},{"damage_healed":0,"gold_gain":0,"cards_transformed":["Strike_R"],"player_choice":"Change","damage_taken":0,"max_hp_gain":0,"max_hp_loss":0,"event_name":"Living Wall","floor":7,"gold_loss":0,"cards_obtained":["Reckless Charge"]},{"damage_healed":0,"gold_gain":0,"player_choice":"Searched \u00271\u0027 times","damage_taken":0,"relics_obtained":["Lantern"],"max_hp_gain":0,"max_hp_loss":0,"event_name":"Dead Adventurer","floor":14,"gold_loss":0},{"damage_healed":0,"gold_gain":0,"player_choice":"Simplicity","damage_taken":0,"max_hp_gain":0,"max_hp_loss":0,"event_name":"Back to Basics","floor":19,"gold_loss":0,"cards_upgraded":["Strike_R","Strike_R","Strike_R","Defend_R","Defend_R","Defend_R","Defend_R"]},{"damage_healed":0,"gold_gain":0,"player_choice":"Fought Bandits","damage_taken":0,"max_hp_gain":0,"max_hp_loss":0,"event_name":"Masked Bandits","floor":21,"gold_loss":0},{"damage_healed":0,"gold_gain":0,"player_choice":"Max HP","damage_taken":0,"max_hp_gain":0,"max_hp_loss":4,"event_name":"Winding Halls","floor":37,"gold_loss":0}],"is_beta":false,"boss_relics":[{"not_picked":["Coffee Dripper","Lizard Tail"],"picked":"Black Blood"},{"not_picked":["White Beast Statue","Tiny House"],"picked":"Runic Pyramid"}],"items_purged_floors":[2],"is_endless":false,"potions_floor_spawned":[5,16,21,24,29,30],"killed_by":"Nemesis","ascension_level":7}