{"gold_per_floor":[115,126,142,92,109,109,135,135,160,41,41,74,74,92,92,192,192,203,203,220,233,252,252,26,26,26,26,41,60,60],"floor_reached":30,"playtime":1451,"items_purged":[],"score":262,"play_id":"07f0c061-a697-45a1-a591-d881fda3b2af","local_time":"20180701221644","is_ascension_mode":false,"campfire_choices":[{"data":"Inflame","floor":6,"key":"SMITH"},{"data":"Whirlwind","floor":8,"key":"SMITH"},{"data":"Armaments","floor":13,"key":"SMITH"},{"data":"Seeing Red","floor":15,"key":"SMITH"},{"data":"Feed","floor":27,"key":"SMITH"}],"neow_cost":"NONE","seed_source_timestamp":13344164515578,"circlet_count":0,"master_deck":["Strike_R","Strike_R","Strike_R+1","Strike_R+1","Defend_R","Defend_R","Defend_R","Defend_R","Bash","Inflame+1","Rage","Whirlwind+1","Flex","Whirlwind","Armaments+1","Seeing Red+1","Dark Embrace","Flame Barrier","Feed+1","Bloodletting","Pommel Strike+1","Fire Breathing","Dropkick","Searing Blow","Necronomicurse","Demon Form","Shockwave"],"relics":["Burning Blood","Lantern","Whetstone","Ancient Tea Set","Oddly Smooth Stone","Lizard Tail","Blood Vial","Necronomicon","Smiling Mask"],"potions_floor_usage":[18,23,23,30,30],"damage_taken":[{"damage":1,"enemies":"Cultist","floor":1,"turns":3},{"damage":0,"enemies":"Small Slimes","floor":2,"turns":3},{"damage":9,"enemies":"2 Louse","floor":3,"turns":3},{"damage":11,"enemies":"Lots of Slimes","floor":5,"turns":3},{"damage":18,"enemies":"Lagavulin","floor":7,"turns":5},{"damage":3,"enemies":"3 Sentries","floor":12,"turns":3},{"damage":8,"enemies":"Blue Slaver","floor":14,"turns":4},{"damage":52,"enemies":"The Guardian","floor":16,"turns":16},{"damage":28,"enemies":"Chosen","floor":18,"turns":7},{"damage":0,"enemies":"Spheric Guardian","floor":20,"turns":2},{"damage":42,"enemies":"Cultist and Chosen","floor":21,"turns":8},{"damage":18,"enemies":"Snake Plant","floor":22,"turns":4},{"damage":20,"enemies":"Book of Stabbing","floor":23,"turns":4},{"damage":28,"enemies":"Centurion and Healer","floor":28,"turns":5},{"damage":0,"enemies":"3 Cultists","floor":29,"turns":1},{"damage":40,"enemies":"Sentry and Sphere","floor":30,"turns":5}],"seed_played":"-4884576962574733075","potions_obtained":[{"floor":1,"key":"Ancient Potion"},{"floor":2,"key":"Regen Potion"},{"floor":3,"key":"Fire Potion"},{"floor":20,"key":"SmokeBomb"},{"floor":29,"key":"AttackPotion"}],"is_trial":false,"path_per_floor":["M","M","M","?","M","R","E","R","T","$","?","E","R","M","R","B",null,"M","?","M","M","M","E","$","?","T","R","M","M"],"character_chosen":"IRONCLAD","items_purchased":["Armaments","Seeing Red","Blood Vial","Searing Blow"],"campfire_rested":0,"item_purchase_floors":[10,10,24,24],"current_hp_per_floor":[80,80,77,77,72,72,60,60,60,60,65,68,68,66,66,20,85,63,63,69,33,21,12,12,42,42,42,26,34,0],"gold":60,"neow_bonus":"RANDOM_COMMON_RELIC","is_prod":false,"is_daily":false,"chose_seed":false,"campfire_upgraded":5,"win_rate":0,"timestamp":1530505004,"path_taken":["M","M","M","?","?","R","E","R","T","$","?","E","R","M","R","BOSS","M","?","M","M","M","E","$","?","T","R","M","M","M"],"build_version":"2018-06-28","purchased_purges":0,"victory":false,"max_hp_per_floor":[80,80,80,80,80,80,80,80,80,80,85,85,85,85,85,85,85,85,85,85,85,85,85,85,85,85,85,89,89,89],"card_choices":[{"not_picked":["Fire Breathing","Anger"],"picked":"Inflame","floor":1},{"not_picked":["Clash","Pommel Strike"],"picked":"Rage","floor":2},{"not_picked":["Carnage","Headbutt"],"picked":"Whirlwind","floor":3},{"not_picked":["Perfected Strike","Clash"],"picked":"Flex","floor":5},{"not_picked":["Pommel Strike","Flex"],"picked":"Whirlwind","floor":7},{"not_picked":["Warcry","Carnage"],"picked":"Dark Embrace","floor":12},{"not_picked":["Hemokinesis","Warcry"],"picked":"Flame Barrier","floor":14},{"not_picked":["Bludgeon","Immolate"],"picked":"Feed","floor":16},{"not_picked":["Body Slam","Flex"],"picked":"Bloodletting","floor":18},{"not_picked":["Blood for Blood","Whirlwind"],"picked":"Pommel Strike+1","floor":20},{"not_picked":["Corruption","Body Slam"],"picked":"Fire Breathing","floor":21},{"not_picked":["Carnage+1","Disarm"],"picked":"Dropkick","floor":22},{"not_picked":["Sword Boomerang","Flex"],"picked":"Demon Form","floor":28},{"not_picked":["Feel No Pain","Clash"],"picked":"Shockwave","floor":29}],"player_experience":105273,"relics_obtained":[{"floor":7,"key":"Whetstone"},{"floor":9,"key":"Ancient Tea Set"},{"floor":12,"key":"Oddly Smooth Stone"},{"floor":25,"key":"Necronomicon"},{"floor":26,"key":"Smiling Mask"}],"event_choices":[{"event_name":"The Cleric","player_choice":"Card Removal","floor":4,"damage_taken":0},{"event_name":"Big Fish","player_choice":"Donut","floor":11,"damage_taken":0},{"event_name":"Ghosts","player_choice":"Ignored","floor":19,"damage_taken":0},{"event_name":"Cursed Tome","player_choice":"Obtained Book","floor":25,"damage_taken":0}],"boss_relics":[{"not_picked":["Busted Crown","Mark of Pain"],"picked":"Lizard Tail"}],"items_purged_floors":[],"is_endless":false,"potions_floor_spawned":[1,2,3,5,16,20,21,23,29],"killed_by":"Sentry and Sphere","ascension_level":0}