{"gold_per_floor":[115,129,145,68,86,86,110,139,215,292,308,328,328,340],"floor_reached":14,"playtime":619,"items_purged":[],"score":120,"play_id":"f8db1b61-2b50-4931-98b9-63bc0f3f8e7b","local_time":"20181016234912","is_ascension_mode":true,"campfire_choices":[{"data":"Infinite Blades","floor":6,"key":"SMITH"}],"neow_cost":"NONE","seed_source_timestamp":1125763406046215,"circlet_count":0,"master_deck":["Defend_G","Defend_G","Defend_G","Defend_G","Strike_G","Strike_G","Strike_G","Strike_G","Strike_G","Survivor","Neutralize","Accuracy","Sucker Punch","Infinite Blades+1","Dodge and Roll","Leg Sweep","Flying Knee","Acrobatics","Terror","Caltrops","Backflip"],"relics":["Ring of the Snake","Odd Mushroom","Turnip","Matryoshka","Centennial Puzzle","Tiny Chest","MawBank","Toxic Egg 2"],"potions_floor_usage":[7,8,12],"damage_taken":[{"damage":0,"enemies":"Cultist","floor":1,"turns":5},{"damage":2,"enemies":"Small Slimes","floor":2,"turns":4},{"damage":3,"enemies":"2 Louse","floor":3,"turns":4},{"damage":3,"enemies":"Red Slaver","floor":5,"turns":5},{"damage":21,"enemies":"The Mushroom Lair","floor":7,"turns":6},{"damage":22,"enemies":"Gremlin Nob","floor":8,"turns":4},{"damage":6,"enemies":"Exordium Wildlife","floor":11,"turns":4},{"damage":0,"enemies":"Looter","floor":12,"turns":5},{"damage":7,"enemies":"3 Louse","floor":14,"turns":1}],"seed_played":"6053672750263053212","potions_obtained":[{"floor":2,"key":"Fire Potion"},{"floor":5,"key":"PowerPotion"},{"floor":7,"key":"Fire Potion"},{"floor":11,"key":"FearPotion"}],"is_trial":false,"path_per_floor":["M","M","M","$","M","R","?","E","T","T","M","M","T"],"character_chosen":"THE_SILENT","items_purchased":["Leg Sweep"],"campfire_rested":0,"item_purchase_floors":[4],"current_hp_per_floor":[63,61,58,58,55,55,34,12,12,12,6,6,6,0],"gold":340,"neow_bonus":"TRANSFORM_CARD","is_prod":false,"is_daily":false,"chose_seed":false,"campfire_upgraded":1,"win_rate":0,"timestamp":1539755352,"path_taken":["M","?","M","$","M","R","?","E","T","?","M","M","?","M"],"build_version":"2018-10-11","purchased_purges":0,"victory":false,"max_hp_per_floor":[70,70,70,70,70,70,70,70,70,70,70,70,70,70],"card_choices":[{"not_picked":["Poisoned Stab","Bane"],"picked":"Sucker Punch","floor":1},{"not_picked":["Flechettes","Predator"],"picked":"Infinite Blades","floor":2},{"not_picked":["Bouncing Flask","Quick Slash"],"picked":"Dodge and Roll","floor":3},{"not_picked":["Dagger Throw","Dodge and Roll"],"picked":"Flying Knee","floor":5},{"not_picked":["Prepared","Poisoned Stab"],"picked":"Acrobatics","floor":7},{"not_picked":["Venomology","Deflect"],"picked":"Terror","floor":8},{"not_picked":["Escape Plan","Outmaneuver"],"picked":"Caltrops","floor":11},{"not_picked":["Heel Hook","Accuracy"],"picked":"Backflip","floor":12}],"player_experience":523125,"relics_obtained":[{"floor":7,"key":"Odd Mushroom"},{"floor":8,"key":"Turnip"},{"floor":9,"key":"Matryoshka"},{"floor":10,"key":"Centennial Puzzle"},{"floor":10,"key":"Tiny Chest"},{"floor":13,"key":"MawBank"},{"floor":13,"key":"Toxic Egg 2"}],"event_choices":[{"event_name":"Mushrooms","player_choice":"Fought Mushrooms","floor":7,"damage_taken":0}],"is_beta":false,"boss_relics":[],"items_purged_floors":[],"is_endless":false,"potions_floor_spawned":[2,5,7,11],"killed_by":"3 Louse","ascension_level":6}