{"gold_per_floor":[118,293,145,157,31,58,58,90,116,127,127,127,141,152,152,250,250,267,227,227,227,35,67,67,100,172,97,129,145,145,155,155,260,260,271,281,296,17,17,34,34],"floor_reached":41,"playtime":2961,"items_purged":["Doubt"],"score":581,"play_id":"ffbaa3cd-89b4-47ac-8c06-e1911397e65b","local_time":"20190316183851","is_ascension_mode":true,"campfire_choices":[{"data":"Static Discharge","floor":7,"key":"SMITH"},{"floor":11,"key":"REST"},{"floor":15,"key":"REST"},{"floor":24,"key":"REST"},{"floor":30,"key":"REST"},{"floor":32,"key":"REST"}],"neow_cost":"NONE","seed_source_timestamp":149549323377934,"circlet_count":0,"master_deck":["Strike_B+1","Strike_B+1","Defend_B+1","Defend_B+1","Defend_B+1","Defend_B+1","Zap","Dualcast","Loop","Static Discharge+1","Ball Lightning","Ball Lightning","Self Repair","Coolheaded","Static Discharge","Creative AI+1","Glacier","Machine Learning","Barrage","White Noise","Capacitor","Consume","BootSequence","Steam","Leap+1","Thunder Strike","Leap+1","Steam+1","Defragment","Cold Snap+1"],"relics":["Cracked Core","NeowsBlessing","Art of War","Vajra","Juzu Bracelet","Ornamental Fan","Fusion Hammer","Runic Capacitor","Cables","Blue Candle","Darkstone Periapt","Potion Belt","Cursed Key","MealTicket"],"potions_floor_usage":[29,29,40,40,40,41],"damage_taken":[{"damage":0,"enemies":"Small Slimes","floor":1,"turns":1},{"damage":0,"enemies":"Jaw Worm","floor":4,"turns":1},{"damage":0,"enemies":"Lagavulin","floor":6,"turns":1},{"damage":40,"enemies":"3 Sentries","floor":8,"turns":4},{"damage":0,"enemies":"Cultist","floor":10,"turns":2},{"damage":16,"enemies":"Blue Slaver","floor":13,"turns":3},{"damage":23,"enemies":"3 Louse","floor":14,"turns":3},{"damage":38,"enemies":"Slime Boss","floor":16,"turns":8},{"damage":2,"enemies":"Chosen","floor":18,"turns":6},{"damage":30,"enemies":"Slavers","floor":23,"turns":4},{"damage":25,"enemies":"Book of Stabbing","floor":25,"turns":4},{"damage":39,"enemies":"Slavers","floor":28,"turns":4},{"damage":22,"enemies":"2 Thieves","floor":29,"turns":4},{"damage":11,"enemies":"Centurion and Healer","floor":31,"turns":6},{"damage":33,"enemies":"Collector","floor":33,"turns":10},{"damage":16,"enemies":"Orb Walker","floor":35,"turns":3},{"damage":35,"enemies":"3 Darklings","floor":36,"turns":4},{"damage":26,"enemies":"Sphere and 2 Shapes","floor":37,"turns":4},{"damage":5,"enemies":"Transient","floor":40,"turns":5},{"damage":21,"enemies":"Nemesis","floor":41,"turns":2}],"seed_played":"-5669566146250550870","potions_obtained":[{"floor":1,"key":"Strength Potion"},{"floor":6,"key":"EssenceOfSteel"},{"floor":8,"key":"EssenceOfSteel"},{"floor":18,"key":"PowerPotion"},{"floor":28,"key":"Poison Potion"},{"floor":29,"key":"FearPotion"},{"floor":33,"key":"AttackPotion"},{"floor":35,"key":"Explosive Potion"},{"floor":36,"key":"SteroidPotion"},{"floor":40,"key":"Weak Potion"}],"is_trial":false,"path_per_floor":["?","?","?","?","?","?","?"],"character_chosen":"DEFECT","items_purchased":["Static Discharge","Ball Lightning","Self Repair","Runic Capacitor","Defragment","MealTicket"],"campfire_rested":5,"item_purchase_floors":[3,5,5,22,38,38],"current_hp_per_floor":[75,75,75,75,75,75,75,42,42,42,64,64,48,32,54,16,75,75,75,75,75,75,52,74,56,56,56,24,9,31,27,49,23,75,66,31,12,12,12,7,0],"gold":34,"neow_bonus":"THREE_ENEMY_KILL","is_prod":false,"is_daily":false,"chose_seed":false,"campfire_upgraded":1,"win_rate":0,"timestamp":1552757931,"path_taken":["M","?","$","M","$","E","R","E","T","M","R","?","M","M","R","BOSS","M","?","?","?","$","E","R","E","T","?","E","M","R","M","R","BOSS","M","M","M","$","?","M","E"],"build_version":"2019-01-23","purchased_purges":1,"victory":false,"max_hp_per_floor":[75,75,75,75,75,75,75,75,75,75,75,75,75,75,75,75,75,75,75,75,75,75,75,75,75,75,75,75,75,75,75,75,75,75,75,75,75,75,75,75,75],"card_choices":[{"not_picked":["Gash","Force Field"],"picked":"Loop","floor":1},{"not_picked":["Beam Cell","Gash"],"picked":"Ball Lightning","floor":4},{"not_picked":["Rebound","Beam Cell","Coolheaded"],"picked":"SKIP","floor":6},{"not_picked":["Rebound","Beam Cell","Coolheaded"],"picked":"SKIP","floor":6},{"not_picked":["Turbo","Fusion"],"picked":"Coolheaded","floor":8},{"not_picked":["Hologram","Beam Cell"],"picked":"Static Discharge","floor":10},{"not_picked":["Reprogram","White Noise"],"picked":"Creative AI","floor":13},{"not_picked":["Heatsinks","Beam Cell"],"picked":"Glacier","floor":14},{"not_picked":["Seek","Buffer"],"picked":"Machine Learning","floor":16},{"not_picked":["Reprogram","Recycle"],"picked":"Barrage","floor":18},{"not_picked":["Beam Cell","Barrage+1"],"picked":"Capacitor","floor":23},{"not_picked":["Skim+1","Core Surge"],"picked":"Consume","floor":25},{"not_picked":["Heatsinks","Storm+1"],"picked":"BootSequence","floor":28},{"not_picked":["Turbo","Fusion"],"picked":"Steam","floor":29},{"not_picked":["Ball Lightning","Melter+1"],"picked":"Leap+1","floor":31},{"not_picked":["Biased Cognition","Machine Learning"],"picked":"Thunder Strike","floor":33},{"not_picked":["Turbo","Undo+1"],"picked":"Leap+1","floor":35},{"not_picked":["Streamline+1","Stack+1"],"picked":"Steam+1","floor":36},{"not_picked":["Static Discharge","Heatsinks+1","Turbo"],"picked":"SKIP","floor":37},{"not_picked":["Fission","Sweeping Beam"],"picked":"Cold Snap+1","floor":40}],"player_experience":347411,"relics_obtained":[{"floor":6,"key":"Art of War"},{"floor":8,"key":"Vajra"},{"floor":9,"key":"Juzu Bracelet"},{"floor":23,"key":"Cables"},{"floor":25,"key":"Blue Candle"},{"floor":26,"key":"Darkstone Periapt"},{"floor":28,"key":"Potion Belt"}],"event_choices":[{"damage_healed":0,"gold_gain":175,"player_choice":"AGREE","damage_taken":0,"max_hp_gain":0,"max_hp_loss":0,"event_name":"Liars Game","floor":2,"gold_loss":0,"cards_obtained":["Doubt"]},{"damage_healed":0,"gold_gain":0,"player_choice":"Searched \u00271\u0027 times","damage_taken":0,"relics_obtained":["Ornamental Fan"],"max_hp_gain":0,"max_hp_loss":0,"event_name":"Dead Adventurer","floor":12,"gold_loss":0},{"damage_healed":0,"gold_gain":0,"player_choice":"Upgrade","damage_taken":0,"max_hp_gain":0,"max_hp_loss":0,"event_name":"Designer","floor":19,"gold_loss":40,"cards_upgraded":["Creative AI"]},{"damage_healed":0,"gold_gain":0,"player_choice":"Read","damage_taken":0,"max_hp_gain":0,"max_hp_loss":0,"event_name":"The Library","floor":20,"gold_loss":0,"cards_obtained":["White Noise"]},{"damage_healed":0,"gold_gain":0,"player_choice":"Simplicity","damage_taken":0,"max_hp_gain":0,"max_hp_loss":0,"event_name":"Back to Basics","floor":21,"gold_loss":0,"cards_upgraded":["Strike_B","Strike_B","Strike_B","Strike_B","Defend_B","Defend_B","Defend_B","Defend_B"]},{"cards_removed":["Strike_B"],"damage_healed":0,"gold_gain":0,"player_choice":"Gave Gold","damage_taken":0,"max_hp_gain":0,"max_hp_loss":0,"event_name":"Beggar","floor":27,"gold_loss":75},{"cards_removed":["Strike_B"],"damage_healed":0,"gold_gain":0,"player_choice":"Removed Attack","damage_taken":0,"max_hp_gain":0,"max_hp_loss":0,"event_name":"Falling","floor":39,"gold_loss":0}],"is_beta":false,"boss_relics":[{"not_picked":["Coffee Dripper","Empty Cage"],"picked":"Fusion Hammer"},{"not_picked":["Tiny House","Snecko Eye"],"picked":"Cursed Key"}],"items_purged_floors":[3],"is_endless":false,"potions_floor_spawned":[1,6,8,18,23,28,29,33,35,36,40],"killed_by":"Nemesis","ascension_level":4}