{"gold_per_floor":[112,128,139,157,177,195,211,221,221,66,95,95],"floor_reached":12,"playtime":676,"items_purged":["Defend_B"],"score":95,"play_id":"bd886200-8e6e-492e-a8eb-a02a229317ef","local_time":"20190320001910","is_ascension_mode":true,"campfire_choices":[],"neow_cost":"NONE","seed_source_timestamp":444197259033774,"circlet_count":0,"master_deck":["Strike_B","Strike_B","Strike_B","Strike_B","Defend_B","Defend_B","Defend_B","Zap","Dualcast","Conserve Battery","Conserve Battery","Cold Snap","Consume","Capacitor","Coolheaded"],"relics":["Cracked Core","Centennial Puzzle"],"potions_floor_usage":[4,11],"damage_taken":[{"damage":1,"enemies":"Cultist","floor":1,"turns":3},{"damage":10,"enemies":"Small Slimes","floor":2,"turns":3},{"damage":2,"enemies":"Jaw Worm","floor":3,"turns":4},{"damage":20,"enemies":"Lots of Slimes","floor":4,"turns":3},{"damage":1,"enemies":"Blue Slaver","floor":5,"turns":3},{"damage":10,"enemies":"2 Fungi Beasts","floor":6,"turns":3},{"damage":7,"enemies":"3 Louse","floor":7,"turns":5},{"damage":4,"enemies":"Blue Slaver","floor":8,"turns":3},{"damage":10,"enemies":"Gremlin Nob","floor":11,"turns":4},{"damage":20,"enemies":"Exordium Wildlife","floor":12,"turns":1}],"seed_played":"-2849669145097864178","potions_obtained":[{"floor":2,"key":"Explosive Potion"},{"floor":4,"key":"Strength Potion"},{"floor":7,"key":"AttackPotion"},{"floor":8,"key":"Block Potion"}],"is_trial":false,"path_per_floor":["M","M","M","M","M","M","M","M","T","$","E","M"],"character_chosen":"DEFECT","items_purchased":["Capacitor"],"campfire_rested":0,"item_purchase_floors":[10],"current_hp_per_floor":[81,71,69,49,48,38,31,27,27,27,17,0],"gold":95,"neow_bonus":"TEN_PERCENT_HP_BONUS","is_prod":false,"is_daily":false,"chose_seed":false,"campfire_upgraded":0,"win_rate":0,"timestamp":1553066350,"path_taken":["M","M","M","M","?","M","M","M","T","$","E","M"],"build_version":"2019-01-23","purchased_purges":1,"victory":false,"max_hp_per_floor":[82,82,82,82,82,82,82,82,82,82,82,82],"card_choices":[{"not_picked":["Ball Lightning","Redo"],"picked":"Conserve Battery","floor":1},{"not_picked":["Sweeping Beam","Lockon","Fusion"],"picked":"SKIP","floor":2},{"not_picked":["Coolheaded","Go for the Eyes"],"picked":"Conserve Battery","floor":3},{"not_picked":["Go for the Eyes","Redo","Leap"],"picked":"SKIP","floor":4},{"not_picked":["Conserve Battery","Beam Cell"],"picked":"Cold Snap","floor":5},{"not_picked":["Compile Driver","Gash","Heatsinks"],"picked":"SKIP","floor":6},{"not_picked":["Conserve Battery","Hologram","Creative AI"],"picked":"SKIP","floor":7},{"not_picked":["Sweeping Beam","Force Field"],"picked":"Consume","floor":8},{"not_picked":["Consume","Ball Lightning"],"picked":"Coolheaded","floor":11}],"player_experience":127562,"relics_obtained":[{"floor":11,"key":"Centennial Puzzle"}],"event_choices":[],"is_beta":false,"boss_relics":[],"items_purged_floors":[10],"is_endless":false,"potions_floor_spawned":[2,4,7,8],"killed_by":"Exordium Wildlife","ascension_level":2}