{"gold_per_floor":[111,111,166,177,34,61,89,114,196,220,260,272,284,329,341,353],"floor_reached":16,"playtime":668,"items_purged":[],"score":225,"play_id":"a5d4e273-c452-48ad-b5bf-6088d7fdb7b8","local_time":"20181118223014","is_ascension_mode":true,"campfire_choices":[{"floor":13,"key":"REST"},{"data":"Zap","floor":15,"key":"SMITH"}],"neow_cost":"NONE","seed_source_timestamp":642910644531219,"circlet_count":0,"master_deck":["AscendersBane","Strike_B","Strike_B","Strike_B","Strike_B","Defend_B","Defend_B","Defend_B","Zap+1","Dualcast","White Noise","Cold Snap","Glacier","Capacitor","Seek","Coolheaded","Static Discharge","Leap","Self Repair"],"relics":["Cracked Core","NeowsBlessing","Tiny Chest","MawBank","Matryoshka","PreservedInsect","Toxic Egg 2"],"potions_floor_usage":[8],"damage_taken":[{"damage":0,"enemies":"Jaw Worm","floor":1,"turns":1},{"damage":0,"enemies":"Cultist","floor":4,"turns":1},{"damage":0,"enemies":"Lagavulin","floor":6,"turns":1},{"damage":7,"enemies":"Small Slimes","floor":7,"turns":5},{"damage":15,"enemies":"Gremlin Gang","floor":8,"turns":5},{"damage":13,"enemies":"2 Fungi Beasts","floor":10,"turns":4},{"damage":8,"enemies":"3 Sentries","floor":11,"turns":12},{"damage":9,"enemies":"Lagavulin","floor":14,"turns":7},{"damage":50,"enemies":"Slime Boss","floor":16,"turns":9}],"seed_played":"-6149200611869458861","potions_obtained":[{"floor":1,"key":"Fire Potion"},{"floor":6,"key":"Dexterity Potion"},{"floor":14,"key":"Dexterity Potion"}],"is_trial":false,"path_per_floor":["M","?","T","M","$","E","M","M","T","M","E","?","R","E","R","B"],"character_chosen":"DEFECT","items_purchased":["Glacier","Capacitor"],"campfire_rested":1,"item_purchase_floors":[5,5],"current_hp_per_floor":[68,73,73,73,73,73,66,51,51,38,30,23,47,38,38,0],"gold":353,"neow_bonus":"THREE_ENEMY_KILL","is_prod":false,"is_daily":false,"chose_seed":false,"campfire_upgraded":1,"win_rate":0,"timestamp":1542605414,"path_taken":["M","?","?","?","$","E","M","M","T","M","E","?","R","E","R","BOSS"],"build_version":"2018-11-15","purchased_purges":0,"victory":false,"max_hp_per_floor":[75,80,80,80,80,80,80,80,80,80,80,80,80,80,80,80],"card_choices":[{"not_picked":["Chaos","Melter"],"picked":"White Noise","floor":1},{"not_picked":["Leap","Recycle"],"picked":"Cold Snap","floor":4},{"not_picked":["Double Energy","Beam Cell"],"picked":"Seek","floor":6},{"not_picked":["FTL","Storm","Rebound"],"picked":"SKIP","floor":7},{"not_picked":["Compile Driver","Reprogram"],"picked":"Coolheaded","floor":8},{"not_picked":["Gash","Sweeping Beam"],"picked":"Static Discharge","floor":10},{"not_picked":["Skim","Redo"],"picked":"Leap","floor":11},{"not_picked":["Cold Snap","Conserve Battery"],"picked":"Self Repair","floor":14}],"player_experience":621486,"relics_obtained":[{"floor":3,"key":"Tiny Chest"},{"floor":6,"key":"MawBank"},{"floor":9,"key":"Matryoshka"},{"floor":11,"key":"PreservedInsect"},{"floor":14,"key":"Toxic Egg 2"}],"event_choices":[{"damage_healed":0,"gold_gain":0,"player_choice":"Donut","damage_taken":0,"max_hp_gain":5,"max_hp_loss":0,"event_name":"Big Fish","floor":2,"gold_loss":0},{"cards_removed":["Defend_B"],"damage_healed":0,"gold_gain":0,"player_choice":"Card Removal","damage_taken":7,"max_hp_gain":0,"max_hp_loss":0,"event_name":"Golden Wing","floor":12,"gold_loss":0}],"is_beta":false,"boss_relics":[],"items_purged_floors":[],"is_endless":false,"potions_floor_spawned":[1,6,14],"killed_by":"Slime Boss","ascension_level":11}