{"gold_per_floor":[113,123,73,73,87,87,115,115,195,195,209,222,254,274,274,375,375,391,391,441,1,11,42,142,142,142,170,170,182,195,495,495,594,594,608,608,620,10,26,58,58,92,92,92,122,122,133,151,151,151],"floor_reached":51,"playtime":2439,"items_purged":[],"score":1012,"play_id":"f6a77c2c-a575-45d0-8531-9e155b77933b","local_time":"20180723175708","is_ascension_mode":true,"campfire_choices":[{"data":"Zap","floor":6,"key":"SMITH"},{"data":"Dualcast","floor":8,"key":"SMITH"},{"data":"Darkness","floor":15,"key":"SMITH"},{"data":"Double Energy","floor":25,"key":"SMITH"},{"floor":28,"key":"REST"},{"floor":32,"key":"REST"},{"data":"Defragment","floor":41,"key":"SMITH"},{"data":"Buffer","floor":44,"key":"SMITH"},{"data":"Creative AI","floor":49,"key":"SMITH"}],"neow_cost":"NONE","seed_source_timestamp":752386656198813,"circlet_count":0,"master_deck":["Zap+1","Dualcast+1","Biased Cognition","Chill","FTL","Leap","Skim","Double Energy+1","Barrage","Darkness+1","Coolheaded","Buffer+1","Steam","Ball Lightning","Rebound","Gash","Hologram","Streamline","Barrage","Fusion+1","Electrodynamics","Go for the Eyes+1","Gash","Self Repair","Glacier","Leap+1","Creative AI+1","Recycle","Finesse","Dramatic Entrance","Purity+1","Defragment","Aggregate","Defragment+1","Ball Lightning+1","Redo+1","Aggregate+1","Amplify","Beam Cell+1"],"relics":["Cracked Core","DataDisk","Tiny Chest","Matryoshka","Ice Cream","Pandora\u0027s Box","Unceasing Top","Happy Flower","Bag of Marbles","Oddly Smooth Stone","Smiling Mask","Centennial Puzzle","Old Coin","Cursed Key","Blood Vial","Omamori","Medical Kit","Orichalcum","Bottled Tornado","War Paint","Art of War"],"potions_floor_usage":[7,7,16,27,30,33,40,50],"damage_taken":[{"damage":6,"enemies":"2 Louse","floor":1,"turns":2},{"damage":5,"enemies":"Jaw Worm","floor":2,"turns":2},{"damage":0,"enemies":"Cultist","floor":5,"turns":3},{"damage":17,"enemies":"Gremlin Nob","floor":7,"turns":4},{"damage":1,"enemies":"Looter","floor":11,"turns":3},{"damage":0,"enemies":"Exordium Wildlife","floor":12,"turns":3},{"damage":4,"enemies":"3 Sentries","floor":13,"turns":7},{"damage":8,"enemies":"Lots of Slimes","floor":14,"turns":4},{"damage":11,"enemies":"Hexaghost","floor":16,"turns":8},{"damage":0,"enemies":"3 Byrds","floor":18,"turns":3},{"damage":41,"enemies":"2 Thieves","floor":22,"turns":3},{"damage":6,"enemies":"Gremlin Leader","floor":23,"turns":6},{"damage":19,"enemies":"Slavers","floor":27,"turns":3},{"damage":25,"enemies":"Snake Plant","floor":29,"turns":3},{"damage":0,"enemies":"3 Cultists","floor":30,"turns":3},{"damage":2,"enemies":"Automaton","floor":33,"turns":8},{"damage":0,"enemies":"Flame Bruiser 1 Orb","floor":35,"turns":5},{"damage":0,"enemies":"Orb Walker","floor":37,"turns":3},{"damage":0,"enemies":"4 Shapes","floor":39,"turns":2},{"damage":23,"enemies":"Giant Head","floor":40,"turns":7},{"damage":10,"enemies":"Nemesis","floor":42,"turns":3},{"damage":16,"enemies":"2 Orb Walkers","floor":45,"turns":2},{"damage":0,"enemies":"Maw","floor":47,"turns":5},{"damage":0,"enemies":"3 Darklings","floor":48,"turns":3},{"damage":20,"enemies":"Time Eater","floor":50,"turns":8}],"seed_played":"6910974084363233991","potions_obtained":[{"floor":1,"key":"Block Potion"},{"floor":2,"key":"FearPotion"},{"floor":14,"key":"PowerPotion"},{"floor":18,"key":"Block Potion"},{"floor":23,"key":"GamblersBrew"},{"floor":29,"key":"SkillPotion"},{"floor":30,"key":"Energy Potion"},{"floor":39,"key":"FairyPotion"},{"floor":48,"key":"SkillPotion"}],"is_trial":false,"path_per_floor":["M","M","?","?","M","R","E","R","T","T","M","M","E","M","R","B",null,"M","?","?","$","M","E","?","R","T","E","R","M","M","T","R","B",null,"M","?","M","$","M","E","R","E","T","R","E","?","M","M","R","B"],"character_chosen":"DEFECT","items_purchased":["Unceasing Top","Electrodynamics","Blood Vial","Omamori","Aggregate","Defragment","Medical Kit"],"campfire_rested":2,"item_purchase_floors":[21,21,38,38,38,38,38],"current_hp_per_floor":[69,64,64,64,64,64,47,47,47,47,46,46,42,34,34,23,75,75,75,75,75,34,28,28,28,28,9,31,13,13,13,35,40,75,75,65,72,72,75,59,59,58,58,58,51,51,60,69,69,58],"gold":151,"neow_bonus":"ONE_RANDOM_RARE_CARD","is_prod":false,"is_daily":false,"chose_seed":false,"campfire_upgraded":7,"win_rate":0,"timestamp":1532390228,"path_taken":["M","M","?","?","M","R","E","R","T","?","M","M","E","M","R","BOSS","M","?","?","$","M","E","?","R","T","E","R","M","?","?","R","BOSS","M","?","M","$","M","E","R","E","T","R","E","?","?","M","R","BOSS"],"build_version":"2018-07-19v2","purchased_purges":0,"victory":true,"max_hp_per_floor":[75,75,75,75,75,75,75,75,75,75,75,75,75,75,75,75,75,75,75,75,75,75,75,75,75,75,75,75,75,75,75,75,75,75,75,75,75,75,75,75,75,75,75,75,75,75,75,75,75,75],"card_choices":[{"not_picked":["Barrage","Gash"],"picked":"Chill","floor":1},{"not_picked":["Go for the Eyes","Turbo"],"picked":"FTL","floor":2},{"not_picked":["Steam","Hologram"],"picked":"Leap","floor":5},{"not_picked":["Compile Driver","Barrage"],"picked":"Skim","floor":7},{"not_picked":["Leap","FTL"],"picked":"Double Energy","floor":11},{"not_picked":["Stack","Sweeping Beam"],"picked":"Barrage","floor":12},{"not_picked":["Hello World","Steam Power"],"picked":"Darkness","floor":13},{"not_picked":["Streamline","Hologram"],"picked":"Coolheaded","floor":14},{"not_picked":["Biased Cognition","Multi-Cast"],"picked":"Buffer","floor":16},{"not_picked":["Beam Cell","Sweeping Beam"],"picked":"Fusion","floor":18},{"not_picked":["Leap","Coolheaded"],"picked":"Go for the Eyes+1","floor":22},{"not_picked":["Barrage+1","Coolheaded"],"picked":"Gash","floor":23},{"not_picked":["Coolheaded","Ball Lightning"],"picked":"Self Repair","floor":27},{"not_picked":["Undo","Hologram"],"picked":"Glacier","floor":29},{"not_picked":["Coolheaded","Steam"],"picked":"Leap+1","floor":30},{"not_picked":["Buffer","Multi-Cast"],"picked":"Creative AI","floor":33},{"not_picked":["Hello World","Streamline+1"],"picked":"Recycle","floor":35},{"not_picked":["Jack Of All Trades","Sadistic Nature"],"picked":"Finesse","floor":36},{"not_picked":["Mind Blast","Enlightenment"],"picked":"Dramatic Entrance","floor":36},{"not_picked":["Deep Breath","Dark Shackles"],"picked":"Purity","floor":36},{"not_picked":["Redo+1","Static Discharge+1"],"picked":"Defragment","floor":37},{"not_picked":["Cold Snap+1","Doom and Gloom+1"],"picked":"Ball Lightning+1","floor":39},{"not_picked":["Biased Cognition","Streamline+1"],"picked":"Redo","floor":40},{"not_picked":["Steam+1","Leap+1"],"picked":"Aggregate+1","floor":42},{"not_picked":["BootSequence","Skim+1","Sweeping Beam+1"],"picked":"SKIP","floor":45},{"not_picked":["Ball Lightning","Glacier+1"],"picked":"Amplify","floor":47},{"not_picked":["Streamline+1","Self Repair"],"picked":"Beam Cell+1","floor":48}],"player_experience":266485,"relics_obtained":[{"floor":7,"key":"DataDisk"},{"floor":9,"key":"Tiny Chest"},{"floor":10,"key":"Matryoshka"},{"floor":13,"key":"Ice Cream"},{"floor":23,"key":"Happy Flower"},{"floor":26,"key":"Bag of Marbles"},{"floor":26,"key":"Oddly Smooth Stone"},{"floor":27,"key":"Smiling Mask"},{"floor":31,"key":"Centennial Puzzle"},{"floor":31,"key":"Old Coin"},{"floor":40,"key":"Orichalcum"},{"floor":42,"key":"Bottled Tornado"},{"floor":43,"key":"War Paint"},{"floor":45,"key":"Art of War"}],"event_choices":[{"event_name":"The Cleric","player_choice":"Card Removal","floor":3,"damage_taken":0},{"event_name":"Liars Game","player_choice":"disagreed","floor":4,"damage_taken":0},{"event_name":"Upgrade Shrine","player_choice":"Upgraded","floor":19,"damage_taken":0},{"event_name":"The Joust","player_choice":"Bet on Murderer","floor":20,"damage_taken":0},{"event_name":"Golden Shrine","player_choice":"Pray","floor":24,"damage_taken":0},{"event_name":"SensoryStone","player_choice":"Memory 3","floor":36,"damage_taken":0},{"event_name":"The Woman in Blue","player_choice":"Bought 0 Potions","floor":46,"damage_taken":0}],"is_beta":false,"boss_relics":[{"not_picked":["Runic Dome","Orrery"],"picked":"Pandora\u0027s Box"},{"not_picked":["Lizard Tail","Eternal Feather"],"picked":"Cursed Key"}],"items_purged_floors":[],"is_endless":false,"potions_floor_spawned":[1,2,14,18,23,29,30,39,48],"ascension_level":4}