{"gold_per_floor":[110,126,301,32,32,32,62,62,62,78,96,122,139,151,151,249,249,265,279,34,34,34,34,34,82,146,158,202,245,257,281,293,404,416,447,469,493,521,41,41,16,0,52,52,65,65,83,112,112,112],"floor_reached":51,"playtime":2279,"items_purged":["Strike_B"],"score":1146,"play_id":"352e2821-eee9-494a-b6e1-fc0968c0c4cc","local_time":"20181118231230","is_ascension_mode":true,"campfire_choices":[{"data":"Fusion","floor":6.0,"key":"SMITH"},{"floor":8.0,"key":"REST"},{"floor":15.0,"key":"REST"},{"data":"Defragment","floor":23.0,"key":"SMITH"},{"data":"Defragment","floor":27.0,"key":"SMITH"},{"data":"Aggregate","floor":30.0,"key":"SMITH"},{"floor":32.0,"key":"REST"},{"floor":40.0,"key":"REST"},{"data":"Enlightenment","floor":46.0,"key":"SMITH"},{"floor":49.0,"key":"REST"}],"neow_cost":"CURSE","seed_source_timestamp":643591581296566,"circlet_count":0,"master_deck":["AscendersBane","Strike_B","Strike_B","Strike_B","Defend_B","Defend_B","Defend_B","Defend_B+1","Zap+1","Dualcast","Pain","Beam Cell","Beam Cell","Doubt","Defragment+1","Panacea","Fusion+1","Zap","Defragment+1","Leap","Force Field","Conserve Battery","Ball Lightning","Biased Cognition","Sunder","Ball Lightning","Ball Lightning","Rip and Tear","All For One","Cold Snap","Cold Snap","Streamline+1","Decay","Capacitor","Barrage","Aggregate+1","Self Repair+1","Conserve Battery+1","Biased Cognition","Chaos","Darkness+1","Capacitor","Static Discharge+1","Streamline+1","Creative AI","Biased Cognition","HandOfGreed","Rebound","Enlightenment+1","Doom and Gloom+1","Force Field","Loop","Loop","Fusion+1"],"special_seed":0,"relics":["FrozenCore","Du-Vu Doll","Prayer Wheel","Meat on the Bone","Dodecahedron","Snecko Eye","Matryoshka","MawBank","War Paint","Bag of Preparation","Omamori","Mummified Hand","Lantern","Red Mask","Blood Vial","Happy Flower"],"potions_floor_usage":[50,50],"damage_taken":[{"damage":4.0,"enemies":"2 Louse","floor":1.0,"turns":2.0},{"damage":12.0,"enemies":"Small Slimes","floor":2.0,"turns":2.0},{"damage":42.0,"enemies":"3 Sentries","floor":7.0,"turns":8.0},{"damage":7.0,"enemies":"Cultist","floor":10.0,"turns":3.0},{"damage":18.0,"enemies":"Blue Slaver","floor":11.0,"turns":6.0},{"damage":27.0,"enemies":"Lagavulin","floor":12.0,"turns":4.0},{"damage":8.0,"enemies":"Looter","floor":13.0,"turns":3.0},{"damage":8.0,"enemies":"Gremlin Gang","floor":14.0,"turns":5.0},{"damage":40.0,"enemies":"The Guardian","floor":16.0,"turns":8.0},{"damage":21.0,"enemies":"Chosen","floor":18.0,"turns":4.0},{"damage":9.0,"enemies":"Shell Parasite","floor":19.0,"turns":2.0},{"damage":0.0,"enemies":"Centurion and Healer","floor":22.0,"turns":1.0},{"damage":7.0,"enemies":"Gremlin Leader","floor":28.0,"turns":7.0},{"damage":13.0,"enemies":"Cultist and Chosen","floor":29.0,"turns":8.0},{"damage":3.0,"enemies":"3 Cultists","floor":31.0,"turns":4.0},{"damage":19.0,"enemies":"Champ","floor":33.0,"turns":7.0},{"damage":20.0,"enemies":"Orb Walker","floor":35.0,"turns":3.0},{"damage":3.0,"enemies":"3 Shapes","floor":36.0,"turns":4.0},{"damage":10.0,"enemies":"Transient","floor":37.0,"turns":5.0},{"damage":36.0,"enemies":"Writhing Mass","floor":38.0,"turns":4.0},{"damage":3.0,"enemies":"3 Darklings","floor":45.0,"turns":6.0},{"damage":14.0,"enemies":"Transient","floor":47.0,"turns":5.0},{"damage":41.0,"enemies":"Reptomancer","floor":48.0,"turns":5.0},{"damage":52,"enemies":"Donu and Deca","floor":50,"turns":8}],"seed_played":"-4747091028966497097","potions_obtained":[{"floor":10.0,"key":"FocusPotion"},{"floor":11.0,"key":"FearPotion"},{"floor":16.0,"key":"SmokeBomb"},{"floor":19.0,"key":"Fruit Juice"},{"floor":29.0,"key":"FocusPotion"},{"floor":31.0,"key":"FearPotion"},{"floor":48.0,"key":"Block Potion"}],"is_trial":false,"path_per_floor":["M","M","?","$","?","R","E","R","T","M","M","E","M","M","M","R","B",null,"M","M","$","?","M","R","?","T","T","R","E","M","M","R","M","R","B",null,"M","M","M","M","$","R","$","?","T","?","M","R","M","E","R","B",null],"character_chosen":"DEFECT","items_purchased":["Defragment","Panacea","Fusion","Matryoshka","Lantern","Biased Cognition","HandOfGreed","Rebound"],"campfire_rested":5,"item_purchase_floors":[4,4,4,20,39,39,39,41],"current_hp_per_floor":[64,52,52,52,52,52,10,32,32,37,31,16,20,24,46,18,61,40,48,48,48,48,48,48,48,48,48,41,40,40,49,73,64,76,66,63,63,39,39,63,63,63,63,63,62,62,60,43,67,39],"gold":112,"neow_bonus":"ONE_RARE_RELIC","is_prod":false,"is_daily":false,"chose_seed":false,"campfire_upgraded":5,"win_rate":0,"timestamp":1542607950,"path_taken":["M","M","?","$","?","R","E","R","T","M","M","E","?","M","R","BOSS","M","M","$","?","M","R","?","?","T","R","E","M","R","M","R","BOSS","M","?","M","M","$","R","$","?","T","?","M","R","M","E","R","BOSS"],"build_version":"2018-11-15","purchased_purges":1,"victory":true,"max_hp_per_floor":[75,75,75,75,75,75,75,75,75,75,75,75,75,75,75,75,75,75,80,80,80,80,80,80,80,80,80,80,80,80,80,80,80,80,80,80,80,80,80,80,80,80,80,80,80,80,80,80,80,80],"card_choices":[{"not_picked":["Barrage","Go for the Eyes"],"picked":"Beam Cell","floor":1.0},{"not_picked":["Genetic Algorithm","Recycle"],"picked":"Beam Cell","floor":2.0},{"not_picked":["Force Field","Fusion"],"picked":"Leap","floor":7.0},{"not_picked":["Undo","Darkness"],"picked":"Force Field","floor":10.0},{"not_picked":["Hologram","Gash"],"picked":"Conserve Battery","floor":10.0},{"not_picked":["Scrape","Heatsinks"],"picked":"Ball Lightning","floor":11.0},{"not_picked":["Melter","Hologram"],"picked":"Biased Cognition","floor":11.0},{"not_picked":["Scrape","Consume"],"picked":"Sunder","floor":12.0},{"not_picked":["Sweeping Beam","Compile Driver"],"picked":"Ball Lightning","floor":13.0},{"not_picked":["Turbo","Genetic Algorithm"],"picked":"Ball Lightning","floor":13.0},{"not_picked":["Blizzard","Doom and Gloom"],"picked":"Rip and Tear","floor":14.0},{"not_picked":["Gash","Force Field","Stack"],"picked":"SKIP","floor":14.0},{"not_picked":["Fission","Seek"],"picked":"All For One","floor":16.0},{"not_picked":["Leap","Streamline"],"picked":"Cold Snap","floor":18.0},{"not_picked":["Chill","Beam Cell"],"picked":"Cold Snap","floor":18.0},{"not_picked":["Reprogram+1","White Noise+1"],"picked":"Streamline+1","floor":19.0},{"not_picked":["Tempest","Recycle","Sweeping Beam"],"picked":"SKIP","floor":19.0},{"not_picked":["Machine Learning","Tempest"],"picked":"Capacitor","floor":28.0},{"not_picked":["Tempest","Hologram"],"picked":"Barrage","floor":29.0},{"not_picked":["Ball Lightning+1","Gash"],"picked":"Aggregate","floor":29.0},{"not_picked":["Redo+1","Genetic Algorithm+1"],"picked":"Self Repair+1","floor":31.0},{"not_picked":["Steam","Chaos"],"picked":"Conserve Battery+1","floor":31.0},{"not_picked":["Machine Learning","Hyperbeam"],"picked":"Biased Cognition","floor":33.0},{"not_picked":["Steam+1","Turbo+1"],"picked":"Chaos","floor":35.0},{"not_picked":["Turbo+1","Leap"],"picked":"Darkness+1","floor":35.0},{"not_picked":["Lockon+1","Chaos+1"],"picked":"Capacitor","floor":36.0},{"not_picked":["Gash","Turbo","Steam+1"],"picked":"SKIP","floor":36.0},{"not_picked":["Redo+1","Hyperbeam"],"picked":"Static Discharge+1","floor":37.0},{"not_picked":["Compile Driver+1","Stack+1"],"picked":"Streamline+1","floor":37.0},{"not_picked":["Leap+1","Hologram+1"],"picked":"Creative AI","floor":38.0},{"not_picked":["Leap","Cold Snap","Redo+1"],"picked":"SKIP","floor":38.0},{"not_picked":["Jack Of All Trades","Secret Technique"],"picked":"Enlightenment","floor":44.0},{"not_picked":["Sweeping Beam+1","Coolheaded"],"picked":"Doom and Gloom+1","floor":45.0},{"not_picked":["Genetic Algorithm","Beam Cell"],"picked":"Force Field","floor":45.0},{"not_picked":["Redo+1","Leap"],"picked":"Loop","floor":47.0},{"not_picked":["Barrage+1","Capacitor"],"picked":"Loop","floor":47.0},{"not_picked":["Reprogram","Stack+1"],"picked":"Fusion+1","floor":48.0}],"player_experience":622154,"relics_obtained":[{"floor":7.0,"key":"Prayer Wheel"},{"floor":9.0,"key":"Meat on the Bone"},{"floor":12.0,"key":"Dodecahedron"},{"floor":25.0,"key":"MawBank"},{"floor":25.0,"key":"War Paint"},{"floor":26.0,"key":"Bag of Preparation"},{"floor":26.0,"key":"Omamori"},{"floor":28.0,"key":"Mummified Hand"},{"floor":43.0,"key":"Blood Vial"},{"floor":48.0,"key":"Happy Flower"}],"event_choices":[{"damage_healed":0.0,"max_hp_gain":0.0,"max_hp_loss":0.0,"gold_gain":175.0,"event_name":"Liars Game","player_choice":"AGREE","floor":3.0,"gold_loss":0.0,"damage_taken":0.0,"cards_obtained":["Doubt"]},{"damage_healed":0.0,"max_hp_gain":0.0,"max_hp_loss":0.0,"gold_gain":0.0,"event_name":"Match and Keep!","player_choice":"2 cards matched","floor":5.0,"gold_loss":0.0,"damage_taken":0.0,"cards_obtained":["Zap","Defragment"]},{"damage_healed":0.0,"max_hp_gain":0.0,"max_hp_loss":0.0,"gold_gain":0.0,"event_name":"Vampires","player_choice":"Ignored","floor":21.0,"gold_loss":0.0,"damage_taken":0.0},{"damage_healed":0.0,"max_hp_gain":0.0,"max_hp_loss":0.0,"gold_gain":0.0,"event_name":"Forgotten Altar","player_choice":"Smashed Altar","floor":24.0,"gold_loss":0.0,"damage_taken":0.0,"cards_obtained":["Decay"]},{"damage_healed":0.0,"max_hp_gain":0.0,"max_hp_loss":0.0,"gold_gain":0.0,"event_name":"Tomb of Lord Red Mask","player_choice":"Paid","floor":42.0,"gold_loss":16.0,"damage_taken":0.0,"relics_obtained":["Red Mask"]},{"damage_healed":0.0,"max_hp_gain":0.0,"max_hp_loss":0.0,"gold_gain":0.0,"event_name":"SensoryStone","player_choice":"Memory 1","floor":44.0,"gold_loss":0.0,"damage_taken":0.0}],"is_beta":false,"boss_relics":[{"not_picked":["Ectoplasm","Sozu"],"picked":"Snecko Eye"},{"not_picked":["Runic Pyramid","Empty Cage"],"picked":"FrozenCore"}],"items_purged_floors":[4],"is_endless":false,"potions_floor_spawned":[10,11,13,16,19,22,29,31,35,37,48],"ascension_level":11}