{"gold_per_floor":[115,66,85,85,85,115,115,132,132,34,109,124,157,173,173,274,274,261,18,18,34,52,81,91,91,161,171,185,202,202,213,213,213],"floor_reached":33,"playtime":1345,"items_purged":["Strike_B"],"score":331,"play_id":"7e8f7051-ed1a-4eba-97cd-a9bfab823779","local_time":"20180903011816","is_ascension_mode":false,"campfire_choices":[{"data":"Zap","floor":7,"key":"SMITH"},{"data":"Glacier","floor":15,"key":"SMITH"},{"data":"Seek","floor":25,"key":"SMITH"},{"data":"Dualcast","floor":30,"key":"SMITH"},{"floor":32,"key":"REST"}],"neow_cost":"NONE","seed_source_timestamp":1260684202153029,"circlet_count":0,"master_deck":["Strike_B","Strike_B","Defend_B+1","Defend_B","Defend_B","Zap+1","Dualcast+1","Conserve Battery","Go for the Eyes+1","Cold Snap","Biased Cognition+1","Capacitor+1","Beam Cell","Glacier+1","Ball Lightning","Cold Snap","Seek+1","Scrape","FTL","Hologram","Streamline","Coolheaded","Chaos","All For One"],"relics":["Cracked Core","Frozen Egg 2","Pear","Sundial","Eternal Feather","Happy Flower","Bag of Marbles","Singing Bowl"],"potions_floor_usage":[12,23,29],"damage_taken":[{"damage":6,"enemies":"Jaw Worm","floor":1,"turns":3},{"damage":0,"enemies":"Small Slimes","floor":3,"turns":4},{"damage":20,"enemies":"Gremlin Nob","floor":6,"turns":5},{"damage":0,"enemies":"2 Louse","floor":8,"turns":3},{"damage":0,"enemies":"Gremlin Gang","floor":12,"turns":4},{"damage":0,"enemies":"Lagavulin","floor":13,"turns":6},{"damage":11,"enemies":"3 Louse","floor":14,"turns":3},{"damage":10,"enemies":"Hexaghost","floor":16,"turns":9},{"damage":0,"enemies":"2 Thieves","floor":18,"turns":4},{"damage":7,"enemies":"Shell Parasite","floor":21,"turns":4},{"damage":3,"enemies":"Centurion and Healer","floor":22,"turns":6},{"damage":46,"enemies":"Slavers","floor":23,"turns":6},{"damage":8,"enemies":"3 Cultists","floor":24,"turns":5},{"damage":0,"enemies":"Chosen and Byrds","floor":27,"turns":5},{"damage":17,"enemies":"Snake Plant","floor":28,"turns":3},{"damage":9,"enemies":"3 Cultists","floor":29,"turns":6},{"damage":12,"enemies":"Shelled Parasite and Fungi","floor":31,"turns":3},{"damage":59,"enemies":"Champ","floor":33,"turns":11}],"seed_played":"8506914940267861654","potions_obtained":[{"floor":1,"key":"SkillPotion"},{"floor":3,"key":"Dexterity Potion"},{"floor":12,"key":"GamblersBrew"},{"floor":13,"key":"Energy Potion"},{"floor":23,"key":"SkillPotion"}],"is_trial":false,"path_per_floor":["M","$","M","?","?","E","R","M","T","$","?","M","E","M","R","B",null,"M","$","?","M","M","E","M","R","T","M","M","M","R","M","R"],"character_chosen":"DEFECT","items_purchased":["Go for the Eyes","Beam Cell","Happy Flower","FTL","Hologram"],"campfire_rested":1,"item_purchase_floors":[2,10,19,19,19],"current_hp_per_floor":[69,69,69,54,54,34,34,34,44,44,33,33,33,22,22,12,85,85,85,85,78,75,29,21,33,33,33,18,11,23,13,52,0],"gold":213,"neow_bonus":"REMOVE_CARD","is_prod":false,"is_daily":false,"chose_seed":false,"campfire_upgraded":4,"win_rate":0,"timestamp":1535959096,"path_taken":["M","$","M","?","?","E","R","M","T","?","?","M","E","M","R","BOSS","M","$","?","?","M","E","M","R","T","M","M","M","R","M","R","BOSS"],"build_version":"2018-08-30","purchased_purges":1,"victory":false,"max_hp_per_floor":[75,75,75,75,75,75,75,75,85,85,85,85,85,85,85,85,85,85,85,85,85,85,85,85,85,85,85,87,89,89,91,91,91],"card_choices":[{"not_picked":["Recycle","Leap"],"picked":"Conserve Battery","floor":1},{"not_picked":["BootSequence","Doom and Gloom"],"picked":"Cold Snap","floor":3},{"not_picked":["Skim","Sweeping Beam"],"picked":"Biased Cognition","floor":6},{"not_picked":["Aggregate","Tempest"],"picked":"Capacitor+1","floor":8},{"not_picked":["Go for the Eyes","Stack"],"picked":"Glacier","floor":12},{"not_picked":["Gash","Redo"],"picked":"Ball Lightning","floor":13},{"not_picked":["Sweeping Beam","Hello World+1"],"picked":"Cold Snap","floor":14},{"not_picked":["Hyperbeam","Biased Cognition+1"],"picked":"Seek","floor":16},{"not_picked":["Compile Driver","Rebound"],"picked":"Scrape","floor":18},{"not_picked":["Recycle","Auto Shields"],"picked":"Streamline","floor":21},{"not_picked":["Redo","Reinforced Body"],"picked":"Coolheaded","floor":22},{"not_picked":["Blizzard","Turbo","Gash"],"picked":"SKIP","floor":23},{"not_picked":["Compile Driver+1","Barrage+1"],"picked":"Chaos","floor":24},{"not_picked":["Beam Cell","Ball Lightning"],"picked":"All For One","floor":27},{"not_picked":["Chill","Compile Driver","Sweeping Beam"],"picked":"Singing Bowl","floor":28},{"not_picked":["Melter+1","Doom and Gloom","Scrape"],"picked":"Singing Bowl","floor":29},{"not_picked":["Stack","Go for the Eyes","Scrape"],"picked":"Singing Bowl","floor":31}],"player_experience":453507,"relics_obtained":[{"floor":6,"key":"Frozen Egg 2"},{"floor":9,"key":"Pear"},{"floor":13,"key":"Sundial"},{"floor":23,"key":"Bag of Marbles"},{"floor":26,"key":"Singing Bowl"}],"event_choices":[{"event_name":"Shining Light","player_choice":"Entered Light","floor":4,"damage_taken":0},{"event_name":"Purifier","player_choice":"One Purge","floor":5,"damage_taken":0},{"event_name":"World of Goop","player_choice":"Gather Gold","floor":11,"damage_taken":0},{"event_name":"Ghosts","player_choice":"Ignored","floor":20,"damage_taken":0}],"is_beta":false,"boss_relics":[{"not_picked":["Snecko Eye","Ectoplasm"],"picked":"Eternal Feather"}],"items_purged_floors":[10],"is_endless":false,"potions_floor_spawned":[1,3,12,13,16,21,22,23,28],"killed_by":"Champ","ascension_level":0}