{"gold_per_floor":[116,130,12,24,24,54,54,70,70,70,70,70,70,82,82,187,187,199,212,137,149,169,169,169],"floor_reached":24,"playtime":1078,"items_purged":["Strike_G"],"score":237,"play_id":"c60d2d55-5b87-4e40-9039-8670aa9414d1","local_time":"20190318140038","is_ascension_mode":true,"campfire_choices":[{"floor":7,"key":"REST"},{"floor":10,"key":"REST"},{"data":"Blade Dance","floor":13,"key":"SMITH"},{"data":"Blade Dance","floor":15,"key":"SMITH"},{"floor":23,"key":"REST"}],"neow_cost":"NONE","seed_source_timestamp":307552066667496,"circlet_count":0,"master_deck":["Defend_G","Defend_G","Defend_G","Defend_G","Defend_G","Strike_G","Strike_G","Strike_G","Strike_G","Survivor","Neutralize","A Thousand Cuts","Slice","Blade Dance+1","Infinite Blades","Blade Dance+1","Dagger Spray","Cloak And Dagger","PiercingWail","Unload","Slice","Deflect+1"],"relics":["Ring of the Snake","Vajra","Darkstone Periapt","Kunai","Spirit Poop","Lizard Tail"],"potions_floor_usage":[8,18,24],"damage_taken":[{"damage":0,"enemies":"2 Louse","floor":1,"turns":3},{"damage":7,"enemies":"Jaw Worm","floor":2,"turns":6},{"damage":0,"enemies":"Cultist","floor":4,"turns":4},{"damage":42,"enemies":"3 Sentries","floor":6,"turns":8},{"damage":5,"enemies":"Red Slaver","floor":8,"turns":4},{"damage":1,"enemies":"2 Fungi Beasts","floor":14,"turns":4},{"damage":23,"enemies":"Hexaghost","floor":16,"turns":10},{"damage":7,"enemies":"2 Thieves","floor":18,"turns":4},{"damage":0,"enemies":"3 Byrds","floor":19,"turns":5},{"damage":31,"enemies":"Shelled Parasite and Fungi","floor":21,"turns":6},{"damage":36,"enemies":"Snake Plant","floor":22,"turns":6},{"damage":71,"enemies":"Book of Stabbing","floor":24,"turns":8}],"seed_played":"6614314598375718746","potions_obtained":[{"floor":4,"key":"SkillPotion"},{"floor":6,"key":"Explosive Potion"},{"floor":21,"key":"SpeedPotion"}],"is_trial":false,"path_per_floor":["?","?","?","M"],"character_chosen":"THE_SILENT","items_purchased":["Infinite Blades","Blade Dance"],"campfire_rested":3,"item_purchase_floors":[3,3],"current_hp_per_floor":[70,63,63,63,63,21,42,37,37,58,64,64,64,63,63,40,76,69,69,69,38,2,24,0],"gold":169,"neow_bonus":"ONE_RANDOM_RARE_CARD","is_prod":false,"is_daily":false,"chose_seed":false,"campfire_upgraded":2,"win_rate":0,"timestamp":1552914038,"path_taken":["M","M","$","M","?","E","R","M","T","R","?","?","R","?","R","BOSS","M","M","$","M","M","R","E"],"build_version":"2019-01-23","purchased_purges":1,"victory":false,"max_hp_per_floor":[70,70,70,70,70,70,70,70,70,70,76,76,76,76,76,76,76,76,76,76,76,76,76,76],"card_choices":[{"not_picked":["Sucker Punch","Underhanded Strike"],"picked":"Slice","floor":1},{"not_picked":["Deflect","Expertise"],"picked":"Blade Dance","floor":2},{"not_picked":["Crippling Poison","Flying Knee"],"picked":"Dagger Spray","floor":4},{"not_picked":["Bane","Poisoned Stab"],"picked":"Cloak And Dagger","floor":6},{"not_picked":["Sucker Punch","Underhanded Strike","Bane"],"picked":"SKIP","floor":8},{"not_picked":["Bane","Deadly Poison"],"picked":"PiercingWail","floor":14},{"not_picked":["Venomology","Wraith Form v2"],"picked":"Unload","floor":16},{"not_picked":["Catalyst","Dagger Throw","Concentrate"],"picked":"SKIP","floor":18},{"not_picked":["Noxious Fumes","Riddle With Holes"],"picked":"Slice","floor":19},{"not_picked":["Underhanded Strike+1","Prepared","Expertise+1"],"picked":"SKIP","floor":21},{"not_picked":["Dash","Noxious Fumes"],"picked":"Deflect+1","floor":22}],"player_experience":384423,"relics_obtained":[{"floor":6,"key":"Vajra"},{"floor":9,"key":"Darkstone Periapt"}],"event_choices":[{"damage_healed":0,"gold_gain":0,"player_choice":"Ignored","damage_taken":0,"max_hp_gain":0,"max_hp_loss":0,"event_name":"Golden Wing","floor":5,"gold_loss":0},{"damage_healed":0,"gold_gain":0,"player_choice":"Box","damage_taken":0,"relics_obtained":["Kunai"],"max_hp_gain":0,"max_hp_loss":0,"event_name":"Big Fish","floor":11,"gold_loss":0,"cards_obtained":["Regret"]},{"cards_removed":["Regret"],"damage_healed":0,"gold_gain":0,"player_choice":"Offered Curse","damage_taken":0,"relics_obtained":["Spirit Poop"],"max_hp_gain":0,"max_hp_loss":0,"event_name":"Bonfire Elementals","floor":12,"gold_loss":0}],"is_beta":false,"boss_relics":[{"not_picked":["Pandora\u0027s Box","Tiny House"],"picked":"Lizard Tail"}],"items_purged_floors":[20],"is_endless":false,"potions_floor_spawned":[4,6,21],"killed_by":"Book of Stabbing","ascension_level":4}