{"gold_per_floor":[14,26,101,112,130,130,161,189,264,264,264,264,280,306,306,405,405,416,416,42,141,155,155,175,203,286,298,343,355,29,47,47,47],"floor_reached":33,"playtime":1583,"items_purged":["Writhe","Strike_G"],"score":407,"play_id":"3e48a659-1d68-4d6f-9093-ab1a28a67d7a","local_time":"20180814151816","is_ascension_mode":true,"campfire_choices":[{"data":"Neutralize","floor":6,"key":"SMITH"},{"data":"Terror","floor":10,"key":"SMITH"},{"data":"Backflip","floor":12,"key":"SMITH"},{"data":"Cloak And Dagger","floor":15,"key":"SMITH"},{"data":"A Thousand Cuts","floor":23,"key":"SMITH"},{"data":"Blade Dance","floor":27,"key":"SMITH"},{"data":"Infinite Blades","floor":32,"key":"SMITH"}],"neow_cost":"NO_GOLD","seed_source_timestamp":2644313967121872,"circlet_count":0,"master_deck":["Defend_G","Defend_G","Defend_G+1","Defend_G","Defend_G","Strike_G","Strike_G","Strike_G","Survivor+1","Neutralize+1","Backflip+1","Flying Knee","Blade Dance","Backstab","Terror+1","Blade Dance+1","Cloak And Dagger+1","Acrobatics","A Thousand Cuts+1","Infinite Blades+1"],"relics":["Ring of the Snake","Torii","Thread and Needle","Odd Mushroom","Darkstone Periapt","War Paint","WristBlade","Singing Bowl","Bottled Lightning","MawBank","Kunai","Mummified Hand","Bottled Tornado"],"potions_floor_usage":[7,14,14,22,22,22,25,25],"damage_taken":[{"damage":0,"enemies":"Small Slimes","floor":1,"turns":4},{"damage":1,"enemies":"2 Louse","floor":2,"turns":4},{"damage":2,"enemies":"Jaw Worm","floor":4,"turns":4},{"damage":2,"enemies":"3 Louse","floor":5,"turns":4},{"damage":10,"enemies":"Gremlin Nob","floor":7,"turns":3},{"damage":1,"floor":8,"turns":5},{"damage":0,"enemies":"Red Slaver","floor":13,"turns":2},{"damage":0,"enemies":"3 Sentries","floor":14,"turns":6},{"damage":3,"enemies":"The Guardian","floor":16,"turns":14},{"damage":0,"enemies":"Shell Parasite","floor":18,"turns":3},{"damage":9,"enemies":"3 Byrds","floor":22,"turns":4},{"damage":10,"enemies":"Snake Plant","floor":24,"turns":4},{"damage":4,"enemies":"Book of Stabbing","floor":25,"turns":5},{"damage":16,"enemies":"Slavers","floor":28,"turns":6},{"damage":0,"enemies":"Chosen and Byrds","floor":31,"turns":5},{"damage":55,"enemies":"Automaton","floor":33,"turns":6}],"seed_played":"7319662169097156013","potions_obtained":[{"floor":2,"key":"Weak Potion"},{"floor":5,"key":"SteroidPotion"},{"floor":11,"key":"Fire Potion"},{"floor":11,"key":"GamblersBrew"},{"floor":14,"key":"Explosive Potion"},{"floor":16,"key":"Block Potion"},{"floor":22,"key":"Block Potion"},{"floor":24,"key":"Energy Potion"},{"floor":28,"key":"EssenceOfSteel"}],"is_trial":false,"path_per_floor":["M","M","?","M","M","R","E","?","T","R","?","R","M","E","R","B",null,"M","?","$","?","M","R","M","E","T","R","E","?","$","M","R"],"character_chosen":"THE_SILENT","items_purchased":["Bottled Lightning","Infinite Blades","Bottled Tornado"],"campfire_rested":0,"item_purchase_floors":[20,20,30],"current_hp_per_floor":[70,69,58,56,54,54,44,43,43,43,43,43,43,43,43,40,70,70,76,76,76,69,69,61,59,59,59,45,45,45,47,47,0],"gold":47,"neow_bonus":"ONE_RARE_RELIC","is_prod":false,"is_daily":false,"chose_seed":false,"campfire_upgraded":7,"win_rate":0,"timestamp":1534281496,"path_taken":["M","M","?","M","M","R","E","?","T","R","?","R","M","E","R","BOSS","M","?","$","?","?","R","M","E","T","R","E","?","$","M","R","BOSS"],"build_version":"2018-08-09","purchased_purges":2,"victory":false,"max_hp_per_floor":[70,70,70,70,70,70,70,70,70,70,70,70,70,70,70,70,70,70,76,76,76,78,78,80,82,82,82,84,84,84,86,86,86],"card_choices":[{"not_picked":["Blade Dance","Distraction"],"picked":"Backflip","floor":1},{"not_picked":["Dodge and Roll","Poisoned Stab"],"picked":"Flying Knee","floor":2},{"not_picked":["Catalyst","Choke"],"picked":"Blade Dance","floor":4},{"not_picked":["Doppelganger","Poisoned Stab"],"picked":"Backstab","floor":5},{"not_picked":["Underhanded Strike","Blade Dance"],"picked":"Terror","floor":7},{"not_picked":["Underhanded Strike","PiercingWail"],"picked":"Blade Dance","floor":8},{"not_picked":["Acrobatics","Deflect"],"picked":"Cloak And Dagger","floor":13},{"not_picked":["Reflex","Dash"],"picked":"Acrobatics","floor":14},{"not_picked":["Grand Finale","Night Terror"],"picked":"A Thousand Cuts","floor":16},{"not_picked":["Deflect","Deadly Poison","Leg Sweep+1"],"picked":"SKIP","floor":18},{"not_picked":["Tactician","Sucker Punch+1","Deadly Poison"],"picked":"Singing Bowl","floor":22},{"not_picked":["Underhanded Strike","Deadly Poison","Dodge and Roll+1"],"picked":"Singing Bowl","floor":24},{"not_picked":["Underhanded Strike+1","Corpse Explosion","Prepared"],"picked":"Singing Bowl","floor":25},{"not_picked":["Dagger Throw","Bouncing Flask","Riddle With Holes"],"picked":"Singing Bowl","floor":28},{"not_picked":["Poisoned Stab","Endless Agony","PiercingWail"],"picked":"Singing Bowl","floor":31}],"player_experience":386674,"relics_obtained":[{"floor":7,"key":"Thread and Needle"},{"floor":8,"key":"Odd Mushroom"},{"floor":9,"key":"Darkstone Periapt"},{"floor":14,"key":"War Paint"},{"floor":25,"key":"MawBank"},{"floor":26,"key":"Kunai"},{"floor":28,"key":"Mummified Hand"}],"event_choices":[{"event_name":"World of Goop","player_choice":"Gather Gold","floor":3,"damage_taken":0},{"event_name":"Mushrooms","player_choice":"Fought Mushrooms","floor":8,"damage_taken":0},{"event_name":"The Lab","player_choice":"Got Potions","floor":11,"damage_taken":0},{"event_name":"The Mausoleum","player_choice":"Yes","floor":19,"damage_taken":0},{"event_name":"Nest","player_choice":"Stole From Cult","floor":21,"damage_taken":0},{"event_name":"Purifier","player_choice":"One Purge","floor":29,"damage_taken":0}],"is_beta":false,"boss_relics":[{"not_picked":["Eternal Feather","Empty Cage"],"picked":"WristBlade"}],"items_purged_floors":[20,30],"is_endless":false,"potions_floor_spawned":[2,5,14,16,22,24,28],"killed_by":"Automaton","ascension_level":4}