{"gold_per_floor":[16,16,33,33,33,68,82,82,133,36,36,54,54,70,70,70],"floor_reached":16,"playtime":1052,"items_purged":[],"score":100,"play_id":"c6bcfd64-aea7-4558-a984-31006ed6ab45","local_time":"20190204192256","is_ascension_mode":false,"campfire_choices":[{"floor":8,"key":"REST"},{"floor":15,"key":"REST"}],"neow_cost":"NO_GOLD","seed_source_timestamp":32518715618095,"circlet_count":0,"master_deck":["Strike_R","Strike_R","Strike_R","Strike_R","Defend_R","Defend_R","Defend_R","Defend_R","Bash","Barricade","Body Slam","Armaments","Body Slam","Iron Wave","Shrug It Off"],"relics":["Burning Blood","Smiling Mask","Pen Nib","Golden Idol","Question Card"],"potions_floor_usage":[16],"damage_taken":[{"damage":5,"enemies":"2 Louse","floor":1,"turns":5},{"damage":11,"enemies":"Cultist","floor":3,"turns":6},{"damage":56,"enemies":"3 Sentries","floor":6,"turns":17},{"damage":5,"enemies":"Small Slimes","floor":7,"turns":6},{"damage":3,"enemies":"Exordium Wildlife","floor":12,"turns":5},{"damage":2,"enemies":"Large Slime","floor":14,"turns":7},{"damage":57,"enemies":"Slime Boss","floor":16,"turns":7}],"seed_played":"-3337805713053415945","potions_obtained":[{"floor":12,"key":"PowerPotion"},{"floor":14,"key":"SteroidPotion"}],"is_trial":false,"path_per_floor":["?","M","?","?","?","M","?"],"character_chosen":"IRONCLAD","items_purchased":["Body Slam","Iron Wave"],"campfire_rested":2,"item_purchase_floors":[10,10],"current_hp_per_floor":[80,80,75,68,68,18,19,43,43,43,43,46,28,32,54,0],"gold":70,"neow_bonus":"THREE_RARE_CARDS","is_prod":false,"is_daily":false,"chose_seed":false,"campfire_upgraded":0,"win_rate":0,"timestamp":1549304576,"path_taken":["M","?","?","?","?","E","M","R","T","$","?","?","?","M","R","BOSS"],"build_version":"2019-01-23","purchased_purges":0,"victory":false,"max_hp_per_floor":[80,80,80,80,80,80,80,80,80,80,74,74,74,74,74,74],"card_choices":[{"not_picked":["Demon Form","Impervious"],"picked":"Barricade","floor":0},{"not_picked":["Havoc","Anger"],"picked":"Body Slam","floor":1},{"not_picked":["Pommel Strike","Anger","Blood for Blood"],"picked":"SKIP","floor":3},{"not_picked":["True Grit","Perfected Strike"],"picked":"Armaments","floor":6},{"not_picked":["Shockwave","Clothesline","Barricade"],"picked":"SKIP","floor":7},{"not_picked":["Pommel Strike","Intimidate","Rage"],"picked":"SKIP","floor":12},{"not_picked":["Bloodletting","Thunderclap","Burning Pact"],"picked":"Shrug It Off","floor":14}],"player_experience":95193,"relics_obtained":[{"floor":6,"key":"Smiling Mask"},{"floor":9,"key":"Pen Nib"}],"event_choices":[{"damage_healed":0,"gold_gain":0,"player_choice":"Cursed","damage_taken":0,"max_hp_gain":0,"max_hp_loss":0,"event_name":"Wheel of Change","floor":2,"gold_loss":0,"cards_obtained":["Decay"]},{"cards_removed":["Decay"],"damage_healed":0,"gold_gain":0,"player_choice":"Card Removal","damage_taken":7,"max_hp_gain":0,"max_hp_loss":0,"event_name":"Golden Wing","floor":4,"gold_loss":0},{"cards_removed":["Strike_R"],"damage_healed":0,"gold_gain":0,"player_choice":"Forget","damage_taken":0,"max_hp_gain":0,"max_hp_loss":0,"event_name":"Living Wall","floor":5,"gold_loss":0},{"damage_healed":0,"gold_gain":0,"player_choice":"Lose Max HP","damage_taken":0,"relics_obtained":["Golden Idol"],"max_hp_gain":0,"max_hp_loss":6,"event_name":"Golden Idol","floor":11,"gold_loss":0},{"damage_healed":0,"gold_gain":0,"player_choice":"Success","damage_taken":18,"relics_obtained":["Question Card"],"max_hp_gain":0,"max_hp_loss":0,"event_name":"Scrap Ooze","floor":13,"gold_loss":0}],"is_beta":false,"boss_relics":[],"items_purged_floors":[],"is_endless":false,"potions_floor_spawned":[12,14],"killed_by":"Slime Boss","ascension_level":0}