{"gold_per_floor":[111,124,124,48,67,99,99,128,128,128,140,160,160,160,160,255,255,255,255,283,295,295,295,295,306,306,62,62,161,174,185,185,282,282,294,219,236,236],"floor_reached":38,"playtime":3849,"items_purged":["Defend_G"],"score":409,"play_id":"4a35f0d9-9b50-4801-b1f5-630be1dcc02f","local_time":"20190210152314","is_ascension_mode":false,"campfire_choices":[{"data":"Bouncing Flask","floor":7,"key":"SMITH"},{"floor":10,"key":"REST"},{"floor":15,"key":"REST"},{"data":"Deadly Poison","floor":24,"key":"SMITH"},{"data":"Prepared","floor":28,"key":"SMITH"},{"floor":32,"key":"REST"}],"neow_cost":"NONE","seed_source_timestamp":935138425899591,"circlet_count":0,"master_deck":["Defend_G","Defend_G","Defend_G","Survivor","Neutralize","Dagger Throw","PiercingWail","Bouncing Flask+1","PiercingWail","Backflip","Deadly Poison+1","Bite","Bite","Bite","Bite","Bite","Prepared+1","Prepared","Prepared+1","Adrenaline","Well Laid Plans+1"],"relics":["Ring of the Snake","Ginger","Bottled Lightning","Frozen Egg 2","FossilizedHelix","Torii","Lizard Tail","Red Mask","Gremlin Horn","TwistedFunnel","Orrery"],"potions_floor_usage":[18,25,33,33,33],"damage_taken":[{"damage":0,"enemies":"2 Louse","floor":1,"turns":3},{"damage":0,"enemies":"Cultist","floor":2,"turns":3},{"damage":8,"enemies":"Jaw Worm","floor":5,"turns":6},{"damage":26,"enemies":"Lagavulin","floor":6,"turns":7},{"damage":27,"enemies":"3 Sentries","floor":8,"turns":9},{"damage":0,"enemies":"Looter","floor":11,"turns":3},{"damage":5,"enemies":"3 Louse","floor":12,"turns":3},{"damage":14,"enemies":"Hexaghost","floor":16,"turns":10},{"damage":0,"enemies":"2 Thieves","floor":18,"turns":1},{"damage":77,"enemies":"Masked Bandits","floor":20,"turns":8},{"damage":0,"enemies":"Shell Parasite","floor":21,"turns":5},{"damage":0,"enemies":"Shelled Parasite and Fungi","floor":25,"turns":6},{"damage":1,"enemies":"Snake Plant","floor":30,"turns":3},{"damage":14,"enemies":"3 Cultists","floor":31,"turns":7},{"damage":20,"enemies":"Automaton","floor":33,"turns":10},{"damage":18,"enemies":"3 Shapes","floor":35,"turns":5},{"damage":1,"enemies":"3 Darklings","floor":37,"turns":5},{"damage":73,"enemies":"Transient","floor":38,"turns":5}],"seed_played":"528426447809512028","potions_obtained":[{"floor":1,"key":"FearPotion"},{"floor":8,"key":"SmokeBomb"},{"floor":12,"key":"FearPotion"},{"floor":16,"key":"Explosive Potion"},{"floor":25,"key":"GhostInAJar"},{"floor":30,"key":"Ancient Potion"},{"floor":31,"key":"FearPotion"}],"is_trial":false,"path_per_floor":["M","M","?","$","M","E","R","E","T","R","M","M","?","?","R","B",null,"M","?","?","M","?","$","R","M","T","$","R","?","M","M","R","B",null,"M","$","M","M"],"character_chosen":"THE_SILENT","items_purchased":["Bouncing Flask","TwistedFunnel","Prepared"],"campfire_rested":3,"item_purchase_floors":[4,27,27],"current_hp_per_floor":[77,77,77,77,69,43,43,16,16,39,39,34,27,20,43,29,77,77,77,38,38,38,38,38,44,44,44,44,44,49,43,53,45,53,39,39,42,0],"gold":236,"neow_bonus":"TEN_PERCENT_HP_BONUS","is_prod":false,"is_daily":false,"chose_seed":false,"campfire_upgraded":3,"win_rate":0.0,"timestamp":1549840994,"path_taken":["M","M","?","$","M","E","R","E","T","R","?","M","?","?","R","BOSS","M","?","?","M","?","$","R","M","T","$","R","?","M","M","R","BOSS","M","$","M","M"],"build_version":"2019-01-23","purchased_purges":1,"victory":false,"max_hp_per_floor":[77,77,77,77,77,77,77,77,77,77,77,77,77,77,77,77,77,77,77,77,77,53,53,53,53,53,53,53,53,53,53,53,53,53,53,53,53,53],"card_choices":[{"not_picked":["Flechettes","Heel Hook"],"picked":"Dagger Throw","floor":1},{"not_picked":["Flying Knee","Calculated Gamble"],"picked":"PiercingWail","floor":2},{"not_picked":["Reflex","Dodge and Roll","Expertise"],"picked":"SKIP","floor":5},{"not_picked":["Slice","Unload","Wraith Form v2"],"picked":"SKIP","floor":6},{"not_picked":["Outmaneuver","Dodge and Roll"],"picked":"PiercingWail","floor":8},{"not_picked":["Predator","Dash"],"picked":"Backflip","floor":11},{"not_picked":["Acrobatics","Dodge and Roll","Deflect"],"picked":"SKIP","floor":12},{"not_picked":["Dagger Spray","Quick Slash"],"picked":"Deadly Poison","floor":20},{"not_picked":["Flechettes","Dagger Spray","Quick Slash"],"picked":"SKIP","floor":21},{"not_picked":["All Out Attack","Eviscerate","Dagger Throw"],"picked":"SKIP","floor":25},{"not_picked":["Underhanded Strike+1","Blade Dance"],"picked":"Prepared","floor":30},{"not_picked":["Slice","Underhanded Strike+1"],"picked":"Prepared+1","floor":31},{"not_picked":["Die Die Die","Tools of the Trade+1"],"picked":"Adrenaline","floor":33},{"not_picked":["PiercingWail","Blade Dance"],"picked":"Well Laid Plans+1","floor":35},{"not_picked":["Caltrops+1","Backflip","Dagger Throw+1"],"picked":"SKIP","floor":37}],"player_experience":22509,"relics_obtained":[{"floor":6,"key":"Bottled Lightning"},{"floor":8,"key":"Frozen Egg 2"},{"floor":9,"key":"FossilizedHelix"},{"floor":20,"key":"Red Mask"},{"floor":26,"key":"Gremlin Horn"}],"event_choices":[{"damage_healed":0,"gold_gain":0,"player_choice":"Gave Potion","damage_taken":0,"relics_obtained":["Ginger"],"max_hp_gain":0,"max_hp_loss":0,"event_name":"WeMeetAgain","floor":3,"gold_loss":0},{"cards_removed":["Defend_G"],"damage_healed":0,"gold_gain":0,"player_choice":"Card Removal","damage_taken":7,"max_hp_gain":0,"max_hp_loss":0,"event_name":"Golden Wing","floor":13,"gold_loss":0},{"damage_healed":0,"gold_gain":0,"player_choice":"Success","damage_taken":7,"relics_obtained":["Torii"],"max_hp_gain":0,"max_hp_loss":0,"event_name":"Scrap Ooze","floor":14,"gold_loss":0},{"damage_healed":0,"gold_gain":0,"player_choice":"Ignored","damage_taken":0,"max_hp_gain":0,"max_hp_loss":0,"event_name":"The Mausoleum","floor":19,"gold_loss":0},{"damage_healed":0,"gold_gain":0,"player_choice":"Fought Bandits","damage_taken":0,"max_hp_gain":0,"max_hp_loss":0,"event_name":"Masked Bandits","floor":20,"gold_loss":0},{"damage_healed":0,"gold_gain":0,"player_choice":"Became a vampire","damage_taken":0,"max_hp_gain":0,"max_hp_loss":24,"event_name":"Vampires","floor":22,"gold_loss":0,"cards_obtained":["Bite","Bite","Bite","Bite","Bite"]},{"damage_healed":0,"gold_gain":99,"player_choice":"Stole From Cult","damage_taken":0,"max_hp_gain":0,"max_hp_loss":0,"event_name":"Nest","floor":29,"gold_loss":0}],"is_beta":false,"boss_relics":[{"not_picked":["Black Star","Eternal Feather"],"picked":"Lizard Tail"},{"not_picked":["Velvet Choker","HoveringKite"],"picked":"Orrery"}],"items_purged_floors":[36],"is_endless":false,"potions_floor_spawned":[1,8,12,16,25,30,31],"killed_by":"Transient","ascension_level":0}