{"gold_per_floor":[113,113,113,124,135,135,166,166,166,166,183,183,111,137,137,233,233,252,281,281,281,300,300,151,163,217,217,227,227,175,175,175,175],"floor_reached":33,"playtime":1037,"items_purged":["Writhe"],"score":351,"play_id":"a488044a-6ad3-467d-ad61-008b41896daa","local_time":"20190317131016","is_ascension_mode":true,"campfire_choices":[{"data":"Doom and Gloom","floor":6.0,"key":"SMITH"},{"data":"Undo","floor":8.0,"key":"SMITH"},{"data":"Ball Lightning","floor":10.0,"key":"SMITH"},{"floor":15.0,"key":"REST"},{"data":"Creative AI","floor":23.0,"key":"SMITH"},{"data":"Rainbow","floor":27,"key":"SMITH"},{"data":"Capacitor","floor":29,"key":"SMITH"},{"data":"Zap","floor":32,"key":"SMITH"}],"neow_cost":"NONE","seed_source_timestamp":0,"circlet_count":0,"master_deck":["Defend_B+1","Defend_B+1","Zap+1","Dualcast","Ball Lightning+1","Doom and Gloom+1","Undo+1","Conserve Battery","Melter+1","Creative AI+1","Melter+1","Hologram+1","Turbo+1","Rebound+1","Consume+1","Rainbow+1","Capacitor+1","Beam Cell"],"special_seed":0,"relics":["Cracked Core","NeowsBlessing","Orichalcum","Blue Candle","Symbiotic Virus","Astrolabe","Red Mask","Cables","Whetstone"],"potions_floor_usage":[33,33,33],"damage_taken":[{"damage":0.0,"enemies":"Small Slimes","floor":1.0,"turns":1.0},{"damage":0.0,"enemies":"Jaw Worm","floor":4.0,"turns":1.0},{"damage":0.0,"enemies":"2 Louse","floor":5.0,"turns":1.0},{"damage":18.0,"enemies":"Gremlin Nob","floor":7.0,"turns":3.0},{"damage":1.0,"enemies":"Looter","floor":11.0,"turns":3.0},{"damage":9.0,"enemies":"Lagavulin","floor":14.0,"turns":4.0},{"damage":8.0,"enemies":"The Guardian","floor":16.0,"turns":11.0},{"damage":11.0,"enemies":"2 Thieves","floor":18.0,"turns":3.0},{"damage":12.0,"enemies":"Masked Bandits","floor":19.0,"turns":3.0},{"damage":1.0,"enemies":"Shell Parasite","floor":22.0,"turns":3.0},{"damage":10,"enemies":"Snake Plant","floor":25,"turns":4},{"damage":2,"enemies":"Cultist and Chosen","floor":28,"turns":4},{"damage":65,"enemies":"Automaton","floor":33,"turns":6}],"seed_played":"-7195644572505515548","potions_obtained":[{"floor":5.0,"key":"Dexterity Potion"},{"floor":16.0,"key":"Weak Potion"},{"floor":18.0,"key":"Poison Potion"},{"floor":22.0,"key":"Swift Potion"},{"floor":25,"key":"AttackPotion"}],"is_trial":false,"path_per_floor":["M","?","?","M","M","R","E","R","T","R","M","?","$","E","R","B",null,"M","?","?","?","M","R","$","M","T","R","M","R","$","?","R","B"],"character_chosen":"DEFECT","items_purchased":["Melter","Rainbow","PowerPotion"],"campfire_rested":1,"item_purchase_floors":[13,24,30],"current_hp_per_floor":[68,61,61,61,61,61,43,43,43,43,42,27,27,18,40,32,64,53,41,41,66,65,65,65,55,55,55,53,53,53,53,53,0],"gold":175,"neow_bonus":"THREE_ENEMY_KILL","is_prod":false,"is_daily":false,"chose_seed":false,"campfire_upgraded":7,"win_rate":0,"timestamp":1552846216,"path_taken":["M","?","?","M","?","R","E","R","T","R","M","?","$","E","R","BOSS","M","?","?","?","M","R","$","M","T","R","M","R","$","?","R","BOSS"],"build_version":"2019-01-23","purchased_purges":1,"victory":false,"max_hp_per_floor":[75,75,75,75,75,75,75,75,75,75,75,75,75,75,75,75,75,75,75,75,75,75,75,75,75,75,75,75,75,75,75,75,75],"card_choices":[{"not_picked":["Scrape","Gash"],"picked":"Ball Lightning","floor":1.0},{"not_picked":["Barrage","Compile Driver"],"picked":"Undo","floor":4.0},{"not_picked":["Hologram","Fusion"],"picked":"Conserve Battery","floor":5.0},{"not_picked":["Reprogram","Sunder","Steam"],"picked":"SKIP","floor":7.0},{"not_picked":["Sweeping Beam","Stack","Go for the Eyes"],"picked":"SKIP","floor":11.0},{"not_picked":["Storm","Cold Snap","Heatsinks"],"picked":"SKIP","floor":14.0},{"not_picked":["Thunder Strike","Biased Cognition"],"picked":"Creative AI","floor":16.0},{"not_picked":["Leap","Stack","Go for the Eyes"],"picked":"SKIP","floor":18.0},{"not_picked":["Barrage","Steam"],"picked":"Rebound+1","floor":19.0},{"not_picked":["Coolheaded","Conserve Battery"],"picked":"Consume+1","floor":22.0},{"not_picked":["Rebound+1","Redo"],"picked":"Capacitor","floor":25},{"not_picked":["Self Repair","Go for the Eyes"],"picked":"Beam Cell","floor":28}],"player_experience":554302,"relics_obtained":[{"floor":7.0,"key":"Orichalcum"},{"floor":9.0,"key":"Blue Candle"},{"floor":14.0,"key":"Symbiotic Virus"},{"floor":19.0,"key":"Red Mask"},{"floor":26,"key":"Whetstone"}],"event_choices":[{"cards_removed":["Strike_B"],"damage_healed":0.0,"max_hp_gain":0.0,"max_hp_loss":0.0,"gold_gain":0.0,"event_name":"Golden Wing","player_choice":"Card Removal","floor":2.0,"gold_loss":0.0,"damage_taken":7.0},{"damage_healed":0.0,"max_hp_gain":0.0,"max_hp_loss":0.0,"gold_gain":0.0,"cards_transformed":["Strike_B"],"event_name":"Living Wall","player_choice":"Change","floor":3.0,"gold_loss":0.0,"damage_taken":0.0,"cards_obtained":["Doom and Gloom"]},{"damage_healed":0.0,"max_hp_gain":0.0,"max_hp_loss":0.0,"gold_gain":0.0,"event_name":"Shining Light","player_choice":"Entered Light","floor":12.0,"gold_loss":0.0,"damage_taken":15.0,"cards_upgraded":["Defend_B","Defend_B"]},{"damage_healed":0.0,"max_hp_gain":0.0,"max_hp_loss":0.0,"gold_gain":0.0,"event_name":"Masked Bandits","player_choice":"Fought Bandits","floor":19.0,"gold_loss":0.0,"damage_taken":0.0},{"damage_healed":0.0,"max_hp_gain":0.0,"max_hp_loss":0.0,"gold_gain":0.0,"event_name":"The Mausoleum","player_choice":"Opened","floor":20.0,"gold_loss":0.0,"damage_taken":0.0,"relics_obtained":["Cables"],"cards_obtained":["Writhe"]},{"damage_healed":25.0,"max_hp_gain":0.0,"max_hp_loss":0.0,"gold_gain":0.0,"event_name":"The Library","player_choice":"Heal","floor":21.0,"gold_loss":0.0,"damage_taken":0.0},{"cards_removed":["Defend_B"],"damage_healed":0,"gold_gain":0,"player_choice":"Elegance","damage_taken":0,"max_hp_gain":0,"max_hp_loss":0,"event_name":"Back to Basics","floor":31,"gold_loss":0}],"is_beta":false,"boss_relics":[{"not_picked":["Pandora\u0027s Box","Velvet Choker"],"picked":"Astrolabe"}],"items_purged_floors":[24],"is_endless":false,"potions_floor_spawned":[5,16,18,22,25],"killed_by":"Automaton","ascension_level":8}