{"gold_per_floor":[109,59,75,150,150,180,190,190,190,255,269,319,34,84,84,187,187,206,171,320,370,384,409,409,434,504,537,537,665,734,764,764,866,866,878,1028,265,315,375,403,453,486,486,14,64,96,112,123,123,123],"floor_reached":51,"playtime":4193,"items_purged":[],"score":1591,"play_id":"f1343226-ba17-4626-81d1-73e20979a5ed","local_time":"20181112160553","is_ascension_mode":true,"campfire_choices":[{"data":"Neutralize","floor":8.0,"key":"SMITH"},{"data":"Sucker Punch","floor":15.0,"key":"SMITH"},{"floor":24.0,"key":"REST"},{"floor":28.0,"key":"REST"},{"data":"Envenom","floor":32.0,"key":"SMITH"},{"data":"Noxious Fumes","floor":49,"key":"SMITH"}],"neow_cost":"NONE","seed_source_timestamp":534739328396,"circlet_count":0,"master_deck":["Defend_G+1","Defend_G+1","Defend_G+1","Defend_G+1","Defend_G+1","Strike_G+1","Strike_G+1","Strike_G+1","Strike_G+1","Survivor","Neutralize+1","Caltrops","Deflect+1","Dagger Throw","Slice","Sucker Punch+1","Jack Of All Trades","Well Laid Plans","Envenom+1","Footwork+1","Caltrops","Sucker Punch+1","Blade Dance","Well Laid Plans","Deflect+1","Venomology+1","Chrysalis+1","Finesse+1","Noxious Fumes+1","Blade Dance+1","PiercingWail+1","Blade Dance+1","Deflect+1","Blade Dance+1","Violence+1","Madness+1","Madness+1","Deflect+1"],"special_seed":0,"relics":["Ring of the Snake","Strawberry","SsserpentHead","Meat on the Bone","War Paint","Medical Kit","Mummified Hand","Black Star","Lantern","Unceasing Top","Thread and Needle","Kunai","Gremlin Horn","Pantograph","Blue Candle","Singing Bowl","Toxic Egg 2","Paper Crane","Darkstone Periapt","Coffee Dripper","Calipers","Ornamental Fan","TwistedFunnel","Tough Bandages","FossilizedHelix","Omamori","Anchor","Mercury Hourglass","Toolbox","PreservedInsect","Juzu Bracelet"],"potions_floor_usage":[36,39,40,42,46,47,50],"damage_taken":[{"damage":0.0,"enemies":"Jaw Worm","floor":1.0,"turns":8.0},{"damage":0.0,"enemies":"2 Louse","floor":3.0,"turns":5.0},{"damage":51.0,"enemies":"Lagavulin","floor":6.0,"turns":12.0},{"damage":0.0,"enemies":"Small Slimes","floor":7.0,"turns":3.0},{"damage":5.0,"enemies":"Red Slaver","floor":10.0,"turns":5.0},{"damage":5.0,"enemies":"2 Fungi Beasts","floor":11.0,"turns":4.0},{"damage":9.0,"enemies":"The Guardian","floor":16.0,"turns":12.0},{"damage":17.0,"enemies":"3 Byrds","floor":18.0,"turns":5.0},{"damage":5.0,"enemies":"Spheric Guardian","floor":22.0,"turns":6.0},{"damage":29.0,"enemies":"Gremlin Leader","floor":23.0,"turns":8.0},{"damage":37.0,"enemies":"Slavers","floor":25.0,"turns":7.0},{"damage":20.0,"enemies":"Gremlin Leader","floor":27.0,"turns":10.0},{"damage":4.0,"enemies":"Cultist and Chosen","floor":30.0,"turns":7.0},{"damage":1.0,"enemies":"Book of Stabbing","floor":31.0,"turns":4.0},{"damage":0.0,"enemies":"Automaton","floor":33.0,"turns":14.0},{"damage":0,"enemies":"3 Shapes","floor":35,"turns":6},{"damage":6,"enemies":"Mind Bloom Boss Battle","floor":36,"turns":7},{"damage":0,"enemies":"3 Darklings","floor":39,"turns":4},{"damage":0,"enemies":"Giant Head","floor":40,"turns":7},{"damage":0,"enemies":"Nemesis","floor":42,"turns":5},{"damage":0,"enemies":"Reptomancer","floor":46,"turns":5},{"damage":0,"enemies":"Maw","floor":47,"turns":4},{"damage":0,"enemies":"Jaw Worm Horde","floor":48,"turns":4},{"damage":0,"enemies":"Awakened One","floor":50,"turns":12}],"seed_played":"5629988989468575743","potions_obtained":[{"floor":1.0,"key":"Ancient Potion"},{"floor":3.0,"key":"Energy Potion"},{"floor":6.0,"key":"SteroidPotion"},{"floor":11.0,"key":"Swift Potion"},{"floor":18.0,"key":"AttackPotion"},{"floor":27.0,"key":"Strength Potion"},{"floor":30.0,"key":"Explosive Potion"},{"floor":35,"key":"SkillPotion"},{"floor":39,"key":"Block Potion"},{"floor":40,"key":"PowerPotion"}],"is_trial":false,"path_per_floor":["M","?","M","?","?","E","M","R","T","M","M","?","$","?","R","B",null,"M","?","?","?","M","E","R","E","T","E","R","T","M","E","R","B",null,"M","?","$","?","M","E","?","E","T","$","?","E","M","M","R","B",null],"character_chosen":"THE_SILENT","items_purchased":["Medical Kit","Jack Of All Trades","Well Laid Plans","Chrysalis+1","Finesse+1","Ornamental Fan","Noxious Fumes","TwistedFunnel","Deflect+1","Blade Dance+1","Toolbox","Violence+1"],"campfire_rested":2,"item_purchase_floors":[13,13,13,37,37,37,37,37,44,44,44,44],"current_hp_per_floor":[70,70,70,59,59,8,20,20,20,27,34,34,34,34,34,37,67,50,50,50,50,45,28,51,26,26,20,43,43,51,50,50,75,78,80,77,77,82,82,82,82,82,82,82,72,74,74,76,76,87],"gold":123,"neow_bonus":"RANDOM_COMMON_RELIC","is_prod":false,"is_daily":false,"chose_seed":false,"campfire_upgraded":4,"win_rate":0,"timestamp":1542067553,"path_taken":["M","?","M","?","?","E","M","R","T","?","M","?","?","?","R","BOSS","M","?","?","?","M","E","R","E","T","E","R","?","?","E","R","BOSS","M","?","$","?","?","E","?","E","T","$","?","E","M","M","R","BOSS"],"build_version":"2018-11-08","purchased_purges":0,"victory":true,"max_hp_per_floor":[77,77,77,77,77,77,77,77,77,77,77,77,77,77,77,77,77,77,77,77,77,77,77,77,77,77,79,79,79,79,79,79,79,79,81,83,83,83,83,83,83,83,83,83,83,85,85,87,87,87],"card_choices":[{"not_picked":["Outmaneuver","Concentrate"],"picked":"Caltrops","floor":1.0},{"not_picked":["Acrobatics","Riddle With Holes"],"picked":"Deflect","floor":3.0},{"not_picked":["Bane","Bouncing Flask"],"picked":"Deadly Poison","floor":6.0},{"not_picked":["Blade Dance","Dagger Spray"],"picked":"Dagger Throw","floor":7.0},{"not_picked":["Prepared","PiercingWail"],"picked":"Slice","floor":10.0},{"not_picked":["Dagger Throw","Underhanded Strike"],"picked":"Sucker Punch","floor":11.0},{"not_picked":["Glass Knife","Grand Finale"],"picked":"Envenom","floor":16.0},{"not_picked":["Poisoned Stab","Backflip"],"picked":"Footwork+1","floor":18.0},{"not_picked":["Prepared","Quick Slash"],"picked":"Caltrops","floor":22.0},{"not_picked":["Bane+1","Flying Knee"],"picked":"Sucker Punch+1","floor":23.0},{"not_picked":["Poisoned Stab+1","Flying Knee"],"picked":"Blade Dance","floor":25.0},{"not_picked":["Acrobatics","Dagger Throw","Setup"],"picked":"Singing Bowl","floor":27.0},{"not_picked":["Concentrate+1","Quick Slash+1"],"picked":"Well Laid Plans","floor":30.0},{"not_picked":["Envenom","Dodge and Roll+1"],"picked":"Deflect+1","floor":31.0},{"not_picked":["Wraith Form v2","Storm of Steel+1"],"picked":"Venomology+1","floor":33.0},{"not_picked":["Bouncing Flask+1","Quick Slash+1","Poisoned Stab+1"],"picked":"Singing Bowl","floor":35},{"not_picked":["Quick Slash","Masterful Stab","Bane"],"picked":"Singing Bowl","floor":36},{"not_picked":["Deadly Poison+1","Crippling Poison+1"],"picked":"Blade Dance+1","floor":39},{"not_picked":["Flying Knee","Accuracy"],"picked":"PiercingWail+1","floor":40},{"not_picked":["Bane","Heel Hook"],"picked":"Blade Dance+1","floor":42},{"not_picked":["Quick Slash+1","Crippling Poison+1","Bane+1"],"picked":"Singing Bowl","floor":46},{"not_picked":["Storm of Steel+1","Cloak And Dagger+1"],"picked":"Deflect+1","floor":47},{"not_picked":["Bane+1","Accuracy","Tactician+1"],"picked":"Singing Bowl","floor":48}],"player_experience":563516,"relics_obtained":[{"floor":6.0,"key":"Meat on the Bone"},{"floor":9.0,"key":"War Paint"},{"floor":23.0,"key":"Unceasing Top"},{"floor":23.0,"key":"Thread and Needle"},{"floor":25.0,"key":"Kunai"},{"floor":25.0,"key":"Gremlin Horn"},{"floor":26.0,"key":"Pantograph"},{"floor":27.0,"key":"Blue Candle"},{"floor":27.0,"key":"Singing Bowl"},{"floor":29.0,"key":"Toxic Egg 2"},{"floor":31.0,"key":"Paper Crane"},{"floor":31.0,"key":"Darkstone Periapt"},{"floor":36,"key":"Calipers"},{"floor":40,"key":"Tough Bandages"},{"floor":40,"key":"FossilizedHelix"},{"floor":42,"key":"Omamori"},{"floor":42,"key":"Anchor"},{"floor":43,"key":"Mercury Hourglass"},{"floor":46,"key":"PreservedInsect"},{"floor":46,"key":"Juzu Bracelet"}],"event_choices":[{"cards_removed":["Strike_G"],"damage_healed":0.0,"max_hp_gain":0.0,"max_hp_loss":0.0,"gold_gain":0.0,"event_name":"The Cleric","player_choice":"Card Removal","floor":2.0,"gold_loss":50.0,"damage_taken":0.0},{"damage_healed":0.0,"max_hp_gain":0.0,"max_hp_loss":0.0,"gold_gain":75.0,"event_name":"World of Goop","player_choice":"Gather Gold","floor":4.0,"gold_loss":0.0,"damage_taken":11.0},{"damage_healed":0.0,"max_hp_gain":0.0,"max_hp_loss":0.0,"gold_gain":0.0,"event_name":"FaceTrader","player_choice":"Trade","floor":5.0,"gold_loss":0.0,"damage_taken":0.0,"relics_obtained":["SsserpentHead"]},{"damage_healed":0.0,"max_hp_gain":0.0,"max_hp_loss":0.0,"gold_gain":0.0,"event_name":"Living Wall","player_choice":"Grow","floor":12.0,"gold_loss":0.0,"damage_taken":0.0,"cards_upgraded":["Deflect"]},{"damage_healed":0.0,"max_hp_gain":0.0,"max_hp_loss":0.0,"gold_gain":0.0,"event_name":"WeMeetAgain","player_choice":"Gave Potion","floor":14.0,"gold_loss":0.0,"damage_taken":0.0,"relics_obtained":["Mummified Hand"]},{"damage_healed":0.0,"max_hp_gain":0.0,"max_hp_loss":0.0,"gold_gain":0.0,"event_name":"Addict","player_choice":"Obtained Relic","floor":19.0,"gold_loss":85.0,"damage_taken":0.0,"relics_obtained":["Lantern"]},{"damage_healed":0.0,"max_hp_gain":0.0,"max_hp_loss":0.0,"gold_gain":99.0,"event_name":"Nest","player_choice":"Stole From Cult","floor":20.0,"gold_loss":0.0,"damage_taken":0.0},{"damage_healed":0.0,"max_hp_gain":0.0,"max_hp_loss":0.0,"gold_gain":0.0,"event_name":"Back to Basics","player_choice":"Simplicity","floor":21.0,"gold_loss":0.0,"damage_taken":0.0,"cards_upgraded":["Defend_G","Defend_G","Defend_G","Strike_G","Strike_G","Strike_G","Strike_G"]},{"damage_healed":0,"gold_gain":0,"player_choice":"Fight","damage_taken":0,"max_hp_gain":0,"max_hp_loss":0,"event_name":"MindBloom","floor":36,"gold_loss":0},{"cards_removed":["Deadly Poison"],"damage_healed":5,"gold_gain":0,"player_choice":"Offered Common","damage_taken":0,"max_hp_gain":0,"max_hp_loss":0,"event_name":"Bonfire Elementals","floor":38,"gold_loss":0},{"cards_removed":["Deadly Poison"],"damage_healed":5,"gold_gain":0,"player_choice":"Offered Special","damage_taken":0,"max_hp_gain":0,"max_hp_loss":0,"event_name":"Bonfire Elementals","floor":38,"gold_loss":0},{"damage_healed":0,"gold_gain":0,"player_choice":"Ignored","damage_taken":0,"max_hp_gain":0,"max_hp_loss":0,"event_name":"Tomb of Lord Red Mask","floor":41,"gold_loss":0},{"damage_healed":0,"gold_gain":0,"player_choice":"Embrace Madness","damage_taken":10,"max_hp_gain":0,"max_hp_loss":0,"event_name":"Winding Halls","floor":45,"gold_loss":0,"cards_obtained":["Madness","Madness"]}],"is_beta":false,"boss_relics":[{"not_picked":["Astrolabe","Ectoplasm"],"picked":"Black Star"},{"not_picked":["Eternal Feather","Velvet Choker"],"picked":"Coffee Dripper"}],"items_purged_floors":[],"is_endless":false,"potions_floor_spawned":[1,3,6,11,18,27,30,35,39,40,42],"ascension_level":9}