{"gold_per_floor":[113,78,78,89,108,108,121,103,129,129,162,175,175,175,175,271,271,291,320,335,335,353,353,353],"floor_reached":24,"playtime":1643,"items_purged":[],"score":245,"play_id":"6184ab89-2439-4048-9bbc-9f40b1a4c153","local_time":"20190130212635","is_ascension_mode":true,"campfire_choices":[{"floor":6,"key":"DIG"},{"floor":10,"key":"REST"},{"floor":13,"key":"DIG"},{"floor":15,"key":"DIG"},{"floor":23,"key":"REST"}],"neow_cost":"TEN_PERCENT_HP_LOSS","seed_source_timestamp":193037653648871,"circlet_count":0,"master_deck":["Strike_R","Strike_R","Strike_R","Strike_R","Strike_R","Defend_R","Defend_R","Defend_R","Defend_R+1","Bash+1","Metallicize","Perfected Strike","Clash","Clothesline","Uppercut","Clash","Impervious","Regret","Demon Form","Shrug It Off","Sever Soul","Armaments","Bash+1","Flame Barrier"],"relics":["Burning Blood","Shovel","Ancient Tea Set","Bag of Preparation","Vajra","Kunai","Anchor","Ornamental Fan","Philosopher\u0027s Stone","Red Mask"],"potions_floor_usage":[16,16,19,22],"damage_taken":[{"damage":24,"enemies":"Jaw Worm","floor":1,"turns":5},{"damage":15,"enemies":"Small Slimes","floor":4,"turns":3},{"damage":0,"enemies":"2 Louse","floor":5,"turns":2},{"damage":8,"enemies":"Looter","floor":7,"turns":3},{"damage":3,"enemies":"Exordium Thugs","floor":8,"turns":4},{"damage":0,"enemies":"Gremlin Nob","floor":11,"turns":3},{"damage":0,"enemies":"Large Slime","floor":12,"turns":4},{"damage":60,"enemies":"The Guardian","floor":16,"turns":11},{"damage":18,"enemies":"2 Thieves","floor":18,"turns":4},{"damage":46,"enemies":"Masked Bandits","floor":19,"turns":6},{"damage":0,"enemies":"Chosen","floor":20,"turns":2},{"damage":13,"enemies":"Shelled Parasite and Fungi","floor":22,"turns":4},{"damage":46,"enemies":"Gremlin Leader","floor":24,"turns":3}],"seed_played":"-3702067770672987682","potions_obtained":[{"floor":1,"key":"Explosive Potion"},{"floor":5,"key":"Fire Potion"},{"floor":8,"key":"Poison Potion"},{"floor":19,"key":"Explosive Potion"}],"is_trial":false,"path_per_floor":["?","?","M","?","?","?","M"],"character_chosen":"IRONCLAD","items_purchased":[],"campfire_rested":2,"item_purchase_floors":[],"current_hp_per_floor":[54,72,58,49,55,55,53,56,56,72,72,72,72,72,72,18,72,60,20,26,26,19,40,0],"gold":353,"neow_bonus":"ONE_RARE_RELIC","is_prod":false,"is_daily":false,"chose_seed":false,"campfire_upgraded":0,"win_rate":0,"timestamp":1548879995,"path_taken":["M","?","?","M","?","R","M","M","T","R","E","M","R","?","R","BOSS","M","?","M","?","?","R","E"],"build_version":"2019-01-23","purchased_purges":0,"victory":false,"max_hp_per_floor":[72,72,72,72,72,72,72,72,72,72,72,72,72,72,72,72,72,72,72,72,72,72,72,72],"card_choices":[{"not_picked":["Headbutt","Seeing Red"],"picked":"Metallicize","floor":1},{"not_picked":["Fire Breathing","Headbutt"],"picked":"Perfected Strike","floor":4},{"not_picked":["Twin Strike","Iron Wave"],"picked":"Clash","floor":5},{"not_picked":["Entrench","Dropkick"],"picked":"Clothesline","floor":7},{"not_picked":["Sword Boomerang","Headbutt"],"picked":"Uppercut","floor":8},{"not_picked":["Havoc","Blood for Blood"],"picked":"Clash","floor":11},{"not_picked":["Sever Soul","Thunderclap"],"picked":"Impervious","floor":12},{"not_picked":["Bludgeon","Juggernaut"],"picked":"Demon Form","floor":16},{"not_picked":["Evolve","Reckless Charge"],"picked":"Shrug It Off","floor":18},{"not_picked":["Evolve","Reckless Charge"],"picked":"Sever Soul","floor":19},{"not_picked":["Ghostly Armor","Clothesline"],"picked":"Armaments","floor":20},{"not_picked":["Second Wind","Sword Boomerang+1"],"picked":"Flame Barrier","floor":22}],"player_experience":48132,"relics_obtained":[{"floor":6,"key":"Ancient Tea Set"},{"floor":9,"key":"Bag of Preparation"},{"floor":11,"key":"Vajra"},{"floor":13,"key":"Kunai"},{"floor":15,"key":"Ornamental Fan"},{"floor":19,"key":"Red Mask"}],"event_choices":[{"damage_healed":18,"gold_gain":0,"player_choice":"Healed","damage_taken":0,"max_hp_gain":0,"max_hp_loss":0,"event_name":"The Cleric","floor":2,"gold_loss":35},{"damage_healed":0,"gold_gain":0,"player_choice":"Entered Light","damage_taken":14,"max_hp_gain":0,"max_hp_loss":0,"event_name":"Shining Light","floor":3,"gold_loss":0,"cards_upgraded":["Bash","Defend_R"]},{"damage_healed":0,"gold_gain":0,"player_choice":"Box","damage_taken":0,"relics_obtained":["Anchor"],"max_hp_gain":0,"max_hp_loss":0,"event_name":"Big Fish","floor":14,"gold_loss":0,"cards_obtained":["Regret"]},{"damage_healed":0,"gold_gain":0,"player_choice":"Fought Bandits","damage_taken":0,"max_hp_gain":0,"max_hp_loss":0,"event_name":"Masked Bandits","floor":19,"gold_loss":0},{"damage_healed":0,"gold_gain":0,"player_choice":"Copied","damage_taken":0,"max_hp_gain":0,"max_hp_loss":0,"event_name":"Duplicator","floor":21,"gold_loss":0,"cards_obtained":["Bash"]}],"is_beta":false,"boss_relics":[{"not_picked":["Mark of Pain","Sozu"],"picked":"Philosopher\u0027s Stone"}],"items_purged_floors":[],"is_endless":false,"potions_floor_spawned":[1,5,8,12,19],"killed_by":"Gremlin Leader","ascension_level":2}