{"gold_per_floor":[110,127,127,139,149,149,104,139,208,208,208],"floor_reached":11,"playtime":786,"items_purged":[],"score":124,"play_id":"a5b8f5b3-0a2a-466d-a0e8-e8d831235f99","local_time":"20190319181504","is_ascension_mode":true,"campfire_choices":[{"data":"Perfected Strike","floor":6,"key":"SMITH"}],"neow_cost":"NONE","seed_source_timestamp":370406753597262,"circlet_count":0,"master_deck":["AscendersBane","Strike_R","Strike_R","Strike_R","Strike_R","Defend_R","Defend_R","Defend_R","Defend_R","Bash","Evolve","Perfected Strike+1","Double Tap","Headbutt"],"relics":["Burning Blood","NeowsBlessing","Nunchaku","Pantograph"],"potions_floor_usage":[11,11],"damage_taken":[{"damage":0,"enemies":"Cultist","floor":1,"turns":1},{"damage":0,"enemies":"2 Louse","floor":2,"turns":1},{"damage":0,"enemies":"Jaw Worm","floor":4,"turns":1},{"damage":14,"enemies":"2 Fungi Beasts","floor":5,"turns":4},{"damage":45,"enemies":"3 Sentries","floor":8,"turns":10},{"damage":28,"enemies":"Lots of Slimes","floor":11,"turns":2}],"seed_played":"7891759794967614678","potions_obtained":[{"floor":2,"key":"LiquidBronze"},{"floor":8,"key":"Energy Potion"}],"is_trial":false,"path_per_floor":["M","M","?","M","M","R","$","E","T","?","M"],"character_chosen":"IRONCLAD","items_purchased":["Headbutt"],"campfire_rested":0,"item_purchase_floors":[7],"current_hp_per_floor":[74,75,75,75,67,67,67,28,28,28,0],"gold":208,"neow_bonus":"THREE_ENEMY_KILL","is_prod":false,"is_daily":false,"chose_seed":false,"campfire_upgraded":1,"win_rate":0,"timestamp":1552986904,"path_taken":["M","M","?","M","?","R","$","E","T","?","?"],"build_version":"2019-01-23","purchased_purges":0,"victory":false,"max_hp_per_floor":[75,75,75,75,75,75,75,75,75,75,75],"card_choices":[{"not_picked":["Sword Boomerang","Clothesline","Twin Strike"],"picked":"SKIP","floor":1},{"not_picked":["Anger","Flex"],"picked":"Evolve","floor":2},{"not_picked":["Clash","Reckless Charge"],"picked":"Perfected Strike","floor":4},{"not_picked":["Shockwave","Armaments"],"picked":"Double Tap","floor":5},{"not_picked":["True Grit","Sentinel","Sword Boomerang"],"picked":"SKIP","floor":8}],"player_experience":439416,"relics_obtained":[{"floor":8,"key":"Nunchaku"},{"floor":9,"key":"Pantograph"}],"event_choices":[{"cards_removed":["Strike_R"],"damage_healed":0,"gold_gain":0,"player_choice":"Purged","damage_taken":0,"max_hp_gain":0,"max_hp_loss":0,"event_name":"Purifier","floor":3,"gold_loss":0},{"damage_healed":0,"gold_gain":0,"player_choice":"Bought 0 Potions","damage_taken":0,"max_hp_gain":0,"max_hp_loss":0,"event_name":"The Woman in Blue","floor":10,"gold_loss":0}],"is_beta":false,"boss_relics":[],"items_purged_floors":[],"is_endless":false,"potions_floor_spawned":[2,8],"killed_by":"Lots of Slimes","ascension_level":14}