{"gold_per_floor":[209,209,228,228,239,150,150,5,5,36,36,36,52,62,62,163,163,177,177,177,189,38,69,81,81,105,105,123,138,152,152,152,152],"floor_reached":33,"playtime":1709,"items_purged":[],"score":280,"play_id":"c534f5a7-040d-446b-bd0e-a1faab79d4b0","local_time":"20190130103503","is_ascension_mode":true,"campfire_choices":[{"data":"Thunderclap","floor":7,"key":"SMITH"},{"floor":11,"key":"REST"},{"data":"Bash","floor":15,"key":"SMITH"},{"floor":27,"key":"REST"},{"floor":32,"key":"REST"}],"neow_cost":"NONE","seed_source_timestamp":153881276589702,"circlet_count":0,"master_deck":["Strike_R+1","Strike_R+1","Strike_R+1","Strike_R+1","Strike_R+1","Defend_R+1","Defend_R+1","Defend_R+1","Defend_R+1","Bash+1","Carnage","Thunderclap+1","Clash","Bandage Up","Anger","Reaper","Uppercut","Fiend Fire","Pain","Doubt","Doubt","Thunderclap","RitualDagger","Headbutt","Clothesline+1","Shrug It Off+1","Clothesline","Blood for Blood","Thunderclap+1","Flex","Shrug It Off"],"relics":["Burning Blood","Regal Pillow","Red Skull","Bag of Marbles","Calling Bell","Dream Catcher","Self Forming Clay","Charon\u0027s Ashes","PreservedInsect","Vajra","Strawberry","Matryoshka"],"potions_floor_usage":[33],"damage_taken":[{"damage":6,"enemies":"Jaw Worm","floor":1,"turns":3},{"damage":6,"enemies":"Cultist","floor":3,"turns":3},{"damage":5,"enemies":"2 Louse","floor":5,"turns":2},{"damage":36,"enemies":"Lagavulin","floor":10,"turns":5},{"damage":0,"enemies":"Blue Slaver","floor":13,"turns":1},{"damage":12,"enemies":"Exordium Wildlife","floor":14,"turns":2},{"damage":57,"enemies":"Hexaghost","floor":16,"turns":10},{"damage":36,"enemies":"3 Byrds","floor":18,"turns":5},{"damage":11,"enemies":"Spheric Guardian","floor":21,"turns":3},{"damage":34,"enemies":"Slavers","floor":23,"turns":5},{"damage":21,"enemies":"Snake Plant","floor":24,"turns":2},{"damage":13,"enemies":"Colosseum Slavers","floor":25,"turns":2},{"damage":19,"enemies":"Centurion and Healer","floor":28,"turns":4},{"damage":35,"enemies":"Shelled Parasite and Fungi","floor":29,"turns":4},{"damage":27,"enemies":"Snake Plant","floor":30,"turns":3},{"damage":77,"enemies":"Collector","floor":33,"turns":7}],"seed_played":"-3869776372351279499","potions_obtained":[{"floor":5,"key":"Weak Potion"},{"floor":24,"key":"Weak Potion"},{"floor":28,"key":"GamblersBrew"}],"is_trial":false,"path_per_floor":["?","M","?","$","?","?","M","?","T"],"character_chosen":"IRONCLAD","items_purchased":["Bandage Up","Regal Pillow","PreservedInsect"],"campfire_rested":3,"item_purchase_floors":[6,8,22],"current_hp_per_floor":[80,80,80,80,80,80,80,80,80,54,80,80,80,74,74,33,80,56,50,50,49,49,43,28,21,28,69,74,49,28,28,69,0],"gold":152,"neow_bonus":"HUNDRED_GOLD","is_prod":false,"is_daily":false,"chose_seed":false,"campfire_upgraded":2,"win_rate":0,"timestamp":1548840903,"path_taken":["M","?","?","?","M","?","R","$","T","E","R","$","M","M","R","BOSS","M","?","?","?","$","E","M","?","T","R","M","M","M","?","R","BOSS"],"build_version":"2019-01-23","purchased_purges":0,"victory":false,"max_hp_per_floor":[80,80,80,80,80,80,80,80,80,80,80,80,80,80,80,80,80,80,80,80,80,80,80,80,80,87,87,87,87,87,87,87,87],"card_choices":[{"not_picked":["Thunderclap","Havoc"],"picked":"Carnage","floor":1},{"not_picked":["Reckless Charge","Pummel"],"picked":"Thunderclap","floor":3},{"not_picked":["Headbutt","True Grit"],"picked":"Clash","floor":5},{"not_picked":["Heavy Blade","Sword Boomerang"],"picked":"Anger","floor":10},{"not_picked":["Battle Trance","Bloodletting"],"picked":"Reaper","floor":13},{"not_picked":["Pommel Strike","Pummel"],"picked":"Uppercut","floor":14},{"not_picked":["Impervious","Exhume"],"picked":"Fiend Fire","floor":16},{"not_picked":["Rupture","Intimidate"],"picked":"Thunderclap","floor":18},{"not_picked":["Warcry","Dropkick+1"],"picked":"Headbutt","floor":21},{"not_picked":["Carnage+1","Dual Wield"],"picked":"Clothesline+1","floor":23},{"not_picked":["Pummel","Shockwave"],"picked":"Shrug It Off+1","floor":24},{"not_picked":["Wild Strike","Burning Pact"],"picked":"Clothesline","floor":27},{"not_picked":["Thunderclap","True Grit"],"picked":"Blood for Blood","floor":28},{"not_picked":["Blood for Blood","Metallicize"],"picked":"Thunderclap+1","floor":29},{"not_picked":["Warcry","Blood for Blood"],"picked":"Flex","floor":30},{"not_picked":["Battle Trance+1","Havoc+1"],"picked":"Shrug It Off","floor":32}],"player_experience":34293,"relics_obtained":[{"floor":9,"key":"Red Skull"},{"floor":10,"key":"Bag of Marbles"},{"floor":17,"key":"Dream Catcher"},{"floor":17,"key":"Self Forming Clay"},{"floor":17,"key":"Charon\u0027s Ashes"},{"floor":23,"key":"Vajra"},{"floor":26,"key":"Strawberry"},{"floor":31,"key":"Matryoshka"}],"event_choices":[{"damage_healed":0,"gold_gain":0,"player_choice":"Ignored","damage_taken":0,"max_hp_gain":0,"max_hp_loss":0,"event_name":"Purifier","floor":2,"gold_loss":0},{"damage_healed":0,"gold_gain":0,"player_choice":"Bought 0 Potions","damage_taken":0,"max_hp_gain":0,"max_hp_loss":0,"event_name":"The Woman in Blue","floor":4,"gold_loss":0},{"damage_healed":0,"gold_gain":0,"player_choice":"Joined the Cult","damage_taken":6,"max_hp_gain":0,"max_hp_loss":0,"event_name":"Nest","floor":19,"gold_loss":0,"cards_obtained":["RitualDagger"]},{"damage_healed":0,"gold_gain":0,"player_choice":"Simplicity","damage_taken":0,"max_hp_gain":0,"max_hp_loss":0,"event_name":"Back to Basics","floor":20,"gold_loss":0,"cards_upgraded":["Strike_R","Strike_R","Strike_R","Strike_R","Strike_R","Defend_R","Defend_R","Defend_R","Defend_R"]},{"damage_healed":0,"gold_gain":0,"player_choice":"Fight","damage_taken":0,"max_hp_gain":0,"max_hp_loss":0,"event_name":"Colosseum","floor":25,"gold_loss":0},{"damage_healed":0,"gold_gain":0,"player_choice":"Fled From Nobs","damage_taken":0,"max_hp_gain":0,"max_hp_loss":0,"event_name":"Colosseum","floor":25,"gold_loss":0}],"is_beta":false,"boss_relics":[{"not_picked":["Empty Cage","Runic Dome"],"picked":"Calling Bell"}],"items_purged_floors":[],"is_endless":false,"potions_floor_spawned":[5,24,28,29],"killed_by":"Collector","ascension_level":1}