{"gold_per_floor":[116,116,129,129,144,144,30,50,77,77,89,89,89,8,8,104,104,114,130,142,142,52,77,77,102,149,149,166,180,199,19,19,19],"floor_reached":33,"playtime":1082,"items_purged":[],"score":327,"play_id":"df804d76-5f0b-4c81-aae2-5a974fdef401","local_time":"20180910021255","is_ascension_mode":false,"campfire_choices":[{"data":"Second Wind","floor":6,"key":"SMITH"},{"data":"Feel No Pain","floor":12,"key":"SMITH"},{"data":"Demon Form","floor":15,"key":"SMITH"},{"data":"Corruption","floor":24,"key":"SMITH"},{"data":"True Grit","floor":27,"key":"SMITH"},{"data":"Metamorphosis","floor":32,"key":"SMITH"}],"neow_cost":"PERCENT_DAMAGE","seed_source_timestamp":1868952288269674,"circlet_count":0,"master_deck":["Strike_R","Strike_R+1","Defend_R+1","Defend_R","Defend_R","Bash","Uppercut","Shrug It Off+1","Second Wind+1","Feel No Pain+1","Dropkick","Thunderclap","Demon Form+1","True Grit+1","Inflame","Offering","Havoc+1","Feel No Pain","Barricade","Corruption+1","Armaments","Sever Soul","Sentinel+1","True Grit","Sever Soul+1","Metamorphosis+1"],"relics":["Burning Blood","Dead Branch","Anchor","Empty Cage","Bag of Marbles","Art of War","Boot"],"potions_floor_usage":[11,20,29,29],"damage_taken":[{"damage":7,"enemies":"2 Louse","floor":1,"turns":4},{"damage":3,"enemies":"Small Slimes","floor":3,"turns":3},{"damage":0,"enemies":"Cultist","floor":5,"turns":3},{"damage":8,"enemies":"Large Slime","floor":8,"turns":6},{"damage":0,"enemies":"Looter","floor":11,"turns":4},{"damage":13,"enemies":"Hexaghost","floor":16,"turns":7},{"damage":20,"enemies":"2 Thieves","floor":18,"turns":4},{"damage":6,"enemies":"Chosen","floor":19,"turns":5},{"damage":18,"enemies":"Centurion and Healer","floor":20,"turns":5},{"damage":33,"enemies":"Gremlin Leader","floor":23,"turns":5},{"damage":6,"enemies":"Book of Stabbing","floor":25,"turns":6},{"damage":15,"enemies":"Snecko","floor":28,"turns":4},{"damage":0,"enemies":"Cultist and Chosen","floor":29,"turns":7},{"damage":16,"enemies":"Snake Plant","floor":30,"turns":3},{"damage":34,"enemies":"Collector","floor":33,"turns":3}],"seed_played":"-9192943601892155575","potions_obtained":[{"floor":8,"key":"GamblersBrew"},{"floor":11,"key":"Ancient Potion"},{"floor":19,"key":"Regen Potion"},{"floor":25,"key":"BloodPotion"},{"floor":28,"key":"SkillPotion"}],"is_trial":false,"path_per_floor":["M","?","M","?","M","R","$","M","T","?","M","R","?","$","R","B",null,"M","M","M","?","$","E","R","E","T","R","M","M","M","$","R"],"character_chosen":"IRONCLAD","items_purchased":["Feel No Pain","Dropkick","True Grit","Inflame","Corruption","Armaments","Metamorphosis"],"campfire_rested":0,"item_purchase_floors":[7,7,14,14,22,22,31],"current_hp_per_floor":[55,39,42,42,48,48,48,46,46,46,52,52,52,52,52,45,80,66,66,66,66,66,39,39,39,39,39,30,44,34,34,34,0],"gold":19,"neow_bonus":"ONE_RARE_RELIC","is_prod":false,"is_daily":false,"chose_seed":false,"campfire_upgraded":6,"win_rate":0,"timestamp":1536567175,"path_taken":["M","?","M","?","M","R","$","M","T","?","?","R","?","?","R","BOSS","M","M","M","?","?","E","R","E","T","R","M","M","M","$","R","BOSS"],"build_version":"2018-09-06","purchased_purges":0,"victory":false,"max_hp_per_floor":[80,80,80,80,80,80,80,80,80,80,80,80,80,80,80,80,80,80,80,80,80,80,80,80,80,80,80,80,80,80,80,80,80],"card_choices":[{"not_picked":["True Grit","Body Slam"],"picked":"Uppercut","floor":1},{"not_picked":["Armaments","Thunderclap"],"picked":"Shrug It Off","floor":3},{"not_picked":["Flame Barrier","Whirlwind"],"picked":"Second Wind","floor":5},{"not_picked":["Blood for Blood","Carnage","Uppercut"],"picked":"SKIP","floor":8},{"not_picked":["Ghostly Armor","Dual Wield"],"picked":"Thunderclap","floor":11},{"not_picked":["Fiend Fire","Demon Form"],"picked":"Offering","floor":16},{"not_picked":["Wild Strike","Shockwave"],"picked":"Havoc+1","floor":18},{"not_picked":["Clothesline+1","Flex"],"picked":"Feel No Pain","floor":19},{"not_picked":["Clothesline","Flame Barrier","Pommel Strike"],"picked":"SKIP","floor":20},{"not_picked":["Perfected Strike","Cleave+1"],"picked":"Sever Soul","floor":23},{"not_picked":["Feel No Pain","Double Tap"],"picked":"Sentinel+1","floor":25},{"not_picked":["Body Slam","Headbutt"],"picked":"True Grit","floor":28},{"not_picked":["Flame Barrier","True Grit","Iron Wave"],"picked":"SKIP","floor":29},{"not_picked":["Shrug It Off","Armaments"],"picked":"Sever Soul+1","floor":30}],"player_experience":468372,"relics_obtained":[{"floor":9,"key":"Anchor"},{"floor":23,"key":"Bag of Marbles"},{"floor":25,"key":"Art of War"},{"floor":26,"key":"Boot"}],"event_choices":[{"event_name":"Shining Light","player_choice":"Entered Light","floor":2,"damage_taken":0},{"event_name":"Living Wall","player_choice":"Grow","floor":4,"damage_taken":0},{"event_name":"Purifier","player_choice":"One Purge","floor":10,"damage_taken":0},{"event_name":"Match and Keep!","player_choice":"1 cards matched","floor":13,"damage_taken":0},{"event_name":"Transmorgrifier","player_choice":"Transform","floor":21,"damage_taken":0}],"is_beta":false,"boss_relics":[{"not_picked":["Mark of Pain","Snecko Eye"],"picked":"Empty Cage"}],"items_purged_floors":[],"is_endless":false,"potions_floor_spawned":[8,11,19,25,28],"killed_by":"Collector","ascension_level":0}