{"gold_per_floor":[117,117,128,148,1,27,27,27,27,27,27,47,72,90,90,90],"floor_reached":16,"playtime":624,"items_purged":["Strike_R"],"score":165,"play_id":"84260f26-29de-47a6-b11c-7a3440bd7207","local_time":"20181111201027","is_ascension_mode":true,"campfire_choices":[{"data":"Spot Weakness","floor":7,"key":"SMITH"},{"data":"Whirlwind","floor":10,"key":"SMITH"},{"floor":15,"key":"REST"}],"neow_cost":"NONE","seed_source_timestamp":29843371708593,"circlet_count":0,"master_deck":["AscendersBane","Strike_R","Strike_R","Strike_R","Defend_R","Defend_R","Defend_R","Defend_R","Bash","Spot Weakness+1","Metallicize","Whirlwind+1","Inflame","Uppercut","Metallicize","Berserk","Whirlwind+1"],"relics":["Burning Blood","Omamori","Blue Candle","The Courier","Molten Egg 2"],"potions_floor_usage":[6,14,14],"damage_taken":[{"damage":3,"enemies":"2 Louse","floor":1,"turns":4},{"damage":3,"enemies":"Cultist","floor":3,"turns":5},{"damage":12,"enemies":"Jaw Worm","floor":4,"turns":4},{"damage":34,"enemies":"Lagavulin","floor":6,"turns":6},{"damage":28,"enemies":"Large Slime","floor":12,"turns":5},{"damage":17,"enemies":"3 Sentries","floor":13,"turns":5},{"damage":7,"enemies":"Exordium Wildlife","floor":14,"turns":2},{"damage":39,"enemies":"Slime Boss","floor":16,"turns":7}],"seed_played":"2106794363055204300","potions_obtained":[{"floor":1,"key":"LiquidBronze"},{"floor":12,"key":"SneckoOil"},{"floor":13,"key":"Energy Potion"}],"is_trial":false,"path_per_floor":["M","?","M","M","$","E","R","$","T","R","?","M","E","M","R","B"],"character_chosen":"IRONCLAD","items_purchased":["Inflame"],"campfire_rested":1,"item_purchase_floors":[5],"current_hp_per_floor":[75,75,78,72,72,44,44,44,44,44,44,22,11,10,34,0],"gold":90,"neow_bonus":"RANDOM_COMMON_RELIC","is_prod":false,"is_daily":false,"chose_seed":false,"campfire_upgraded":2,"win_rate":0,"timestamp":1541992227,"path_taken":["M","?","?","M","$","E","R","$","T","R","?","M","E","M","R","BOSS"],"build_version":"2018-11-08","purchased_purges":1,"victory":false,"max_hp_per_floor":[80,80,80,80,80,80,80,80,80,80,80,80,80,80,80,80],"card_choices":[{"not_picked":["Reckless Charge","True Grit"],"picked":"Spot Weakness","floor":1},{"not_picked":["Thunderclap","Rampage"],"picked":"Whirlwind","floor":3},{"not_picked":["Combust","Clash","Iron Wave"],"picked":"SKIP","floor":4},{"not_picked":["Reckless Charge","Flex"],"picked":"Uppercut","floor":6},{"not_picked":["Flex","Sever Soul"],"picked":"Metallicize","floor":12},{"not_picked":["Thunderclap","Combust"],"picked":"Berserk","floor":13},{"not_picked":["Armaments","Entrench"],"picked":"Whirlwind+1","floor":14}],"player_experience":593717,"relics_obtained":[{"floor":6,"key":"Blue Candle"},{"floor":9,"key":"The Courier"},{"floor":13,"key":"Molten Egg 2"}],"event_choices":[{"damage_healed":0,"gold_gain":0,"cards_transformed":["Strike_R"],"player_choice":"Transformed","damage_taken":0,"max_hp_gain":0,"max_hp_loss":0,"event_name":"Transmorgrifier","floor":2,"gold_loss":0,"cards_obtained":["Metallicize"]},{"damage_healed":0,"gold_gain":0,"player_choice":"Ignored","damage_taken":0,"max_hp_gain":0,"max_hp_loss":0,"event_name":"Liars Game","floor":11,"gold_loss":0}],"is_beta":false,"boss_relics":[],"items_purged_floors":[5],"is_endless":false,"potions_floor_spawned":[1,12,13],"killed_by":"Slime Boss","ascension_level":10}