{"gold_per_floor":[114,134,148,148,167,167,180,200,200,220,220,232,199,47,47,145,145,158,158,177,197,197,197,197,197,222,239,239,239],"floor_reached":29,"playtime":1232,"items_purged":[],"score":219,"play_id":"9372d97d-b01c-4d74-bf0a-a427fc377794","local_time":"20180701215208","is_ascension_mode":false,"campfire_choices":[{"data":"Fission","floor":6,"key":"SMITH"},{"floor":15,"key":"REST"},{"data":"Defragment","floor":23,"key":"SMITH"},{"floor":25,"key":"REST"}],"neow_cost":"NONE","seed_source_timestamp":12088078132953,"circlet_count":0,"master_deck":["Strike_B","Strike_B","Strike_B","Defend_B+1","Defend_B","Defend_B","Zap","Dualcast","Redo","Leap","Gash+1","Beam Cell","Fission+1","Stack","Redo","Conserve Battery","Conserve Battery","Loop","Chill","Multi-Cast","Ball Lightning","RitualDagger","Turbo+1","Defragment+1","Decay","Glacier"],"relics":["Cracked Core","Letter Opener","Velvet Choker","Regal Pillow","Enchiridion"],"potions_floor_usage":[16,16,21],"damage_taken":[{"damage":0,"enemies":"Cultist","floor":1,"turns":3},{"damage":2,"enemies":"2 Louse","floor":2,"turns":2},{"damage":0,"enemies":"Small Slimes","floor":3,"turns":3},{"damage":5,"enemies":"Gremlin Gang","floor":5,"turns":4},{"damage":12,"enemies":"Exordium Wildlife","floor":7,"turns":3},{"damage":7,"enemies":"Blue Slaver","floor":8,"turns":3},{"damage":20,"enemies":"Large Slime","floor":10,"turns":6},{"damage":4,"enemies":"Exordium Thugs","floor":12,"turns":4},{"damage":31,"enemies":"The Guardian","floor":16,"turns":13},{"damage":4,"enemies":"Shell Parasite","floor":18,"turns":8},{"damage":20,"enemies":"Spheric Guardian","floor":20,"turns":4},{"damage":38,"enemies":"3 Cultists","floor":21,"turns":7},{"damage":9,"enemies":"Centurion and Healer","floor":27,"turns":12},{"damage":20,"enemies":"Snake Plant","floor":29,"turns":2}],"seed_played":"6442502934711421118","potions_obtained":[{"floor":2,"key":"Explosive Potion"},{"floor":5,"key":"Dexterity Potion"},{"floor":8,"key":"EssenceOfSteel"},{"floor":18,"key":"Regen Potion"},{"floor":27,"key":"FocusPotion"}],"is_trial":false,"path_per_floor":["M","M","M","?","M","R","M","M","T","M","?","M","?","$","R","B",null,"M","?","M","M","?","R","?","R","T","M","?"],"character_chosen":"DEFECT","items_purchased":["Loop","Chill"],"campfire_rested":2,"item_purchase_floors":[14,14],"current_hp_per_floor":[75,73,73,73,68,68,56,49,49,29,14,10,10,10,32,1,75,71,65,45,19,19,19,19,41,41,32,16,0],"gold":239,"neow_bonus":"TRANSFORM_CARD","is_prod":false,"is_daily":false,"chose_seed":false,"campfire_upgraded":2,"win_rate":0,"timestamp":1530503528,"path_taken":["M","M","M","?","M","R","M","M","T","M","?","?","?","$","R","BOSS","M","?","M","M","?","R","?","R","T","M","?","M"],"build_version":"2018-06-28","purchased_purges":0,"victory":false,"max_hp_per_floor":[75,75,75,75,75,75,75,75,75,75,75,75,75,75,75,75,75,75,75,75,75,75,75,75,75,75,75,75,75],"card_choices":[{"not_picked":["Compile Driver","Streamline"],"picked":"Leap","floor":1},{"not_picked":["Streamline","BootSequence"],"picked":"Gash","floor":2},{"not_picked":["Reprogram","Capacitor"],"picked":"Beam Cell","floor":3},{"not_picked":["Compile Driver","Turbo"],"picked":"Fission","floor":5},{"not_picked":["Beam Cell","Turbo"],"picked":"Stack","floor":7},{"not_picked":["Beam Cell","Force Field"],"picked":"Redo","floor":8},{"not_picked":["Streamline","Auto Shields"],"picked":"Conserve Battery","floor":10},{"not_picked":["Hello World","Beam Cell"],"picked":"Conserve Battery","floor":12},{"not_picked":["Hyperbeam","Reboot"],"picked":"Multi-Cast","floor":16},{"not_picked":["Cold Snap+1","Skim"],"picked":"Ball Lightning","floor":18},{"not_picked":["Sweeping Beam","Steam"],"picked":"Turbo+1","floor":20},{"not_picked":["Redo","Sweeping Beam+1"],"picked":"Defragment","floor":21},{"not_picked":["Gash","Hologram"],"picked":"Glacier","floor":27}],"player_experience":104041,"relics_obtained":[{"floor":9,"key":"Letter Opener"},{"floor":26,"key":"Regal Pillow"},{"floor":28,"key":"Enchiridion"}],"event_choices":[{"event_name":"Bonfire Elementals","player_choice":"BASIC","floor":4,"damage_taken":0},{"event_name":"Shining Light","player_choice":"Entered Light","floor":11,"damage_taken":0},{"event_name":"World of Goop","player_choice":"Left","floor":13,"damage_taken":0},{"event_name":"Nest","player_choice":"Joined the Cult","floor":19,"damage_taken":0},{"event_name":"Accursed Blacksmith","player_choice":"Ignore","floor":22,"damage_taken":0},{"event_name":"Forgotten Altar","player_choice":"Smashed Altar","floor":24,"damage_taken":0},{"event_name":"Cursed Tome","player_choice":"Obtained Book","floor":28,"damage_taken":0}],"boss_relics":[{"not_picked":["Astrolabe","Fusion Hammer"],"picked":"Velvet Choker"}],"items_purged_floors":[],"is_endless":false,"potions_floor_spawned":[2,5,8,12,18,27],"killed_by":"Snake Plant","ascension_level":0}