{"gold_per_floor":[169,181,256,276,287,317,317,328,328,328,347,365,393,448,448,548,548,562,582,507,507,22,22,49,62,62,72,72],"floor_reached":28,"playtime":1335,"items_purged":[],"score":315,"play_id":"d5011456-5efe-45b8-8cbf-6981bfa3cde4","local_time":"20180726231841","is_ascension_mode":true,"campfire_choices":[{"data":"Terror","floor":7.0,"key":"SMITH"},{"data":"Setup","floor":10.0,"key":"SMITH"},{"floor":15.0,"key":"REST"},{"data":"Panache","floor":23.0,"key":"SMITH"}],"neow_cost":"NONE","seed_source_timestamp":0,"circlet_count":0,"master_deck":["Defend_G","Defend_G","Defend_G","Defend_G","Defend_G","Survivor","Neutralize","Blur","Setup+1","Terror+1","Quick Slash","Predator","Phantasmal Killer","Cloak And Dagger","Prepared","Dagger Spray","After Image","Adrenaline","Endless Agony","Cloak And Dagger+1","Bite","Bite","Bite","Bite","Bite","Panache+1","Calculated Gamble","Sucker Punch","Backflip+1","Writhe","Dash"],"special_seed":0,"relics":["Tiny House","Potion Belt","Dodecahedron","Blue Candle","Cursed Key","Mercury Hourglass","Boot","Darkstone Periapt"],"potions_floor_usage":[28,28,28],"damage_taken":[{"damage":1.0,"enemies":"Cultist","floor":1.0,"turns":5.0},{"damage":7.0,"enemies":"Small Slimes","floor":2.0,"turns":4.0},{"damage":5.0,"enemies":"2 Louse","floor":4.0,"turns":5.0},{"damage":5.0,"enemies":"Blue Slaver","floor":5.0,"turns":5.0},{"damage":17.0,"enemies":"Gremlin Nob","floor":6.0,"turns":4.0},{"damage":1.0,"enemies":"2 Fungi Beasts","floor":8.0,"turns":3.0},{"damage":8.0,"enemies":"Exordium Wildlife","floor":11.0,"turns":4.0},{"damage":3.0,"enemies":"Blue Slaver","floor":12.0,"turns":4.0},{"damage":9.0,"enemies":"3 Sentries","floor":13.0,"turns":7.0},{"damage":14.0,"enemies":"Slime Boss","floor":16.0,"turns":11.0},{"damage":12.0,"enemies":"Shell Parasite","floor":18.0,"turns":7.0},{"damage":16.0,"enemies":"Spheric Guardian","floor":19.0,"turns":4.0},{"damage":19.0,"enemies":"Book of Stabbing","floor":24.0,"turns":5.0},{"damage":22.0,"enemies":"3 Cultists","floor":25.0,"turns":5.0},{"damage":18.0,"enemies":"Snake Plant","floor":27.0,"turns":4.0},{"damage":15,"enemies":"Gremlin Leader","floor":28,"turns":2}],"seed_played":"9149686928080760506","potions_obtained":[{"floor":0.0,"key":"LiquidBronze"},{"floor":1.0,"key":"Explosive Potion"},{"floor":2.0,"key":"Weak Potion"},{"floor":6.0,"key":"Energy Potion"},{"floor":11.0,"key":"PowerPotion"},{"floor":13.0,"key":"Block Potion"},{"floor":18.0,"key":"LiquidBronze"},{"floor":24.0,"key":"Dexterity Potion"},{"floor":27.0,"key":"Strength Potion"}],"is_trial":false,"path_per_floor":["M","M","?","M","M","E","R","M","T","R","M","M","E","?","R","B",null,"M","M","?","?","$","R","E","M","T","M"],"character_chosen":"THE_SILENT","items_purchased":["Mercury Hourglass","Panache","Calculated Gamble"],"campfire_rested":1,"item_purchase_floors":[22,22,22],"current_hp_per_floor":[74,67,56,51,46,29,29,28,28,28,20,17,8,8,30,16,75,63,47,47,47,47,47,36,26,26,12,0],"gold":72,"neow_bonus":"BOSS_RELIC","is_prod":false,"is_daily":false,"chose_seed":false,"campfire_upgraded":3,"win_rate":0,"timestamp":1532668721,"path_taken":["M","M","?","M","M","E","R","M","T","R","M","M","E","?","R","BOSS","M","M","?","?","$","R","E","M","T","M","E"],"build_version":"2018-07-26","purchased_purges":0,"victory":false,"max_hp_per_floor":[75,75,75,75,75,75,75,75,75,75,75,75,75,75,75,75,75,75,75,75,52,52,52,52,52,52,52,52],"card_choices":[{"not_picked":["Dodge and Roll","Slice"],"picked":"Blur","floor":0.0},{"not_picked":["Dodge and Roll","Sucker Punch"],"picked":"Setup","floor":1.0},{"not_picked":["Flying Knee","Escape Plan"],"picked":"Terror","floor":2.0},{"not_picked":["Deflect","Predator"],"picked":"Quick Slash","floor":4.0},{"not_picked":["Terror","Bouncing Flask"],"picked":"Predator","floor":5.0},{"not_picked":["All Out Attack","Poisoned Stab"],"picked":"Phantasmal Killer","floor":6.0},{"not_picked":["Underhanded Strike","Concentrate"],"picked":"Cloak And Dagger","floor":8.0},{"not_picked":["Dagger Spray","Poisoned Stab"],"picked":"Prepared","floor":11.0},{"not_picked":["PiercingWail","Bane"],"picked":"Dagger Spray","floor":12.0},{"not_picked":["Deflect","Slice"],"picked":"After Image","floor":13.0},{"not_picked":["After Image","Venomology"],"picked":"Adrenaline","floor":16.0},{"not_picked":["Poisoned Stab","Skewer"],"picked":"Endless Agony","floor":18.0},{"not_picked":["Flechettes+1","PiercingWail"],"picked":"Cloak And Dagger+1","floor":19.0},{"not_picked":["Underhanded Strike+1","Bane"],"picked":"Sucker Punch","floor":24.0},{"not_picked":["Blade Dance","Dodge and Roll"],"picked":"Backflip+1","floor":25.0},{"not_picked":["Bane+1","Prepared"],"picked":"Dash","floor":27.0}],"player_experience":275693,"relics_obtained":[{"floor":6.0,"key":"Potion Belt"},{"floor":9.0,"key":"Dodecahedron"},{"floor":13.0,"key":"Blue Candle"},{"floor":24.0,"key":"Boot"},{"floor":26.0,"key":"Darkstone Periapt"}],"event_choices":[{"event_name":"World of Goop","player_choice":"Gather Gold","floor":3.0,"damage_taken":0.0},{"event_name":"Golden Wing","player_choice":"Gained Gold","floor":14.0,"damage_taken":0.0},{"event_name":"Beggar","player_choice":"Gave Gold","floor":20.0,"damage_taken":0.0},{"event_name":"Vampires","player_choice":"Became a vampire","floor":21.0,"damage_taken":0.0}],"is_beta":false,"boss_relics":[{"not_picked":["Snecko Eye","Orrery"],"picked":"Cursed Key"}],"items_purged_floors":[],"is_endless":false,"potions_floor_spawned":[1,2,5,6,11,13,18,24,27],"killed_by":"Gremlin Leader","ascension_level":3}