{"gold_per_floor":[109,128,148,159,159,159,193,204,227,246,271,271,291,309,309,410,410,430,430],"floor_reached":19,"playtime":973,"items_purged":[],"score":263,"play_id":"2f3eab55-ee1f-4425-a34f-072b5ac43467","local_time":"20181014233301","is_ascension_mode":true,"campfire_choices":[{"data":"Envenom","floor":6.0,"key":"SMITH"},{"floor":12,"key":"REST"},{"floor":15,"key":"REST"}],"neow_cost":"","seed_source_timestamp":951621377376344,"circlet_count":0,"master_deck":["Defend_G","Defend_G","Defend_G","Defend_G","Defend_G","Strike_G","Strike_G","Strike_G","Strike_G","Strike_G","Survivor","Neutralize","Sucker Punch","Flying Knee","Dagger Throw","Envenom+1","Sucker Punch","Acrobatics","Quick Slash","Footwork","Quick Slash","Adrenaline","Well Laid Plans"],"special_seed":0,"relics":["Ring of the Serpent","FaceOfCleric","Blood Vial","Strawberry","Art of War"],"potions_floor_usage":[11,11,19],"damage_taken":[{"damage":1.0,"enemies":"Jaw Worm","floor":1.0,"turns":8.0},{"damage":2.0,"enemies":"Cultist","floor":2.0,"turns":5.0},{"damage":0.0,"enemies":"2 Louse","floor":3.0,"turns":2.0},{"damage":16.0,"enemies":"Large Slime","floor":4.0,"turns":7.0},{"damage":23.0,"enemies":"Gremlin Nob","floor":7.0,"turns":4.0},{"damage":10.0,"enemies":"2 Fungi Beasts","floor":8.0,"turns":3.0},{"damage":0,"enemies":"Red Slaver","floor":10,"turns":5},{"damage":15,"enemies":"Lagavulin","floor":11,"turns":5},{"damage":7,"enemies":"Exordium Wildlife","floor":13,"turns":6},{"damage":9,"enemies":"2 Fungi Beasts","floor":14,"turns":4},{"damage":43,"enemies":"The Guardian","floor":16,"turns":15},{"damage":29,"enemies":"Shell Parasite","floor":18,"turns":12},{"damage":43,"enemies":"3 Byrds","floor":19,"turns":7}],"seed_played":"5220977756780408066","potions_obtained":[{"floor":2.0,"key":"SkillPotion"},{"floor":3.0,"key":"Dexterity Potion"},{"floor":7.0,"key":"AttackPotion"},{"floor":11,"key":"SteroidPotion"},{"floor":18,"key":"EssenceOfSteel"}],"is_trial":false,"path_per_floor":["M","M","M","M","?","R","E","M","T","M","E","R","M","M","R","B",null,"M"],"character_chosen":"THE_SILENT","items_purchased":[],"campfire_rested":2,"item_purchase_floors":[],"current_hp_per_floor":[62,60,60,44,44,44,22,15,22,25,13,37,33,27,51,11,66,40,0],"gold":430,"neow_bonus":"","is_prod":false,"is_daily":false,"chose_seed":false,"campfire_upgraded":1,"win_rate":0,"timestamp":1539581581,"path_taken":["M","M","M","M","?","R","E","M","T","M","E","R","M","M","R","BOSS","M","M"],"build_version":"2018-10-11","purchased_purges":0,"victory":false,"max_hp_per_floor":[70,70,70,70,70,70,71,72,79,80,81,81,82,83,83,84,84,85,85],"card_choices":[{"not_picked":["Calculated Gamble","Quick Slash"],"picked":"Sucker Punch","floor":1.0},{"not_picked":["Dagger Spray","Poisoned Stab"],"picked":"Flying Knee","floor":2.0},{"not_picked":["Dagger Spray","Bane"],"picked":"Dagger Throw","floor":3.0},{"not_picked":["Dagger Throw","Quick Slash"],"picked":"Envenom","floor":4.0},{"not_picked":["Noxious Fumes","Heel Hook"],"picked":"Sucker Punch","floor":7.0},{"not_picked":["Reflex","Bane"],"picked":"Acrobatics","floor":8},{"not_picked":["Slice","Riddle With Holes"],"picked":"Quick Slash","floor":10},{"not_picked":["Dagger Throw","Reflex"],"picked":"Footwork","floor":11},{"not_picked":["Outmaneuver","Acrobatics"],"picked":"Quick Slash","floor":13},{"not_picked":["PiercingWail","Bane","Accuracy"],"picked":"SKIP","floor":14},{"not_picked":["Grand Finale","Burst"],"picked":"Adrenaline","floor":16},{"not_picked":["Flying Knee","Poisoned Stab+1"],"picked":"Well Laid Plans","floor":18}],"player_experience":519661,"relics_obtained":[{"floor":7.0,"key":"Blood Vial"},{"floor":9,"key":"Strawberry"},{"floor":11,"key":"Art of War"}],"event_choices":[{"event_name":"FaceTrader","player_choice":"Trade","floor":5.0,"damage_taken":0.0}],"is_beta":false,"boss_relics":[{"not_picked":["Orrery","Lizard Tail"],"picked":"Ring of the Serpent"}],"items_purged_floors":[],"is_endless":false,"potions_floor_spawned":[2,3,7,11,18],"killed_by":"3 Byrds","ascension_level":6}