{"gold_per_floor":[110,12,30,40,40,40,74,74,152,184,184,203,81,114,114,217,217,228,228,245,255,272,272,300,315,315,315,315,67,78,3,3,98,98,109,109,109,109,119,137,152,152,152,152,27,46,46,0,0,0],"floor_reached":50,"playtime":2330,"items_purged":["Defend_G","Strike_G","Madness"],"score":530,"play_id":"58f4eff1-dc17-4a8f-9553-c202523a4c2c","local_time":"20180706112826","is_ascension_mode":false,"campfire_choices":[{"data":"Setup","floor":6,"key":"SMITH"},{"data":"Bouncing Flask","floor":8,"key":"SMITH"},{"data":"Backstab","floor":11,"key":"SMITH"},{"data":"Adrenaline","floor":15,"key":"SMITH"},{"data":"Riddle With Holes","floor":23,"key":"SMITH"},{"data":"Phantasmal Killer","floor":28,"key":"SMITH"},{"data":"Dash","floor":32,"key":"SMITH"},{"data":"Die Die Die","floor":42,"key":"SMITH"},{"data":"Choke","floor":44,"key":"SMITH"},{"data":"Endless Agony","floor":49,"key":"SMITH"}],"neow_cost":"NONE","seed_source_timestamp":405509431619605,"circlet_count":0,"master_deck":["Defend_G+1","Defend_G","Defend_G","Survivor+1","Neutralize","PiercingWail","Flying Knee","Deflect","Bouncing Flask+1","Setup+1","Dash+1","Backstab+1","Escape Plan","Adrenaline+1","Flying Knee","Choke+1","Phantasmal Killer+1","Riddle With Holes+1","RitualDagger","Flying Knee","Flying Knee+1","Endless Agony+1","Crippling Poison+1","Die Die Die+1","Madness","Trip","Terror","Crippling Poison+1"],"relics":["Empty Cage","Vajra","Pear","War Paint","Bag of Marbles","Eternal Feather","Mercury Hourglass","Ninja Scroll","Blood Vial","Busted Crown","Lantern","Red Mask"],"potions_floor_usage":[7,7,7,10,33,50,50],"damage_taken":[{"damage":1,"enemies":"2 Louse","floor":1,"turns":3},{"damage":5,"enemies":"Jaw Worm","floor":3,"turns":5},{"damage":0,"enemies":"Cultist","floor":4,"turns":3},{"damage":11,"enemies":"3 Sentries","floor":7,"turns":11},{"damage":0,"enemies":"Gremlin Nob","floor":10,"turns":3},{"damage":0,"enemies":"Looter","floor":12,"turns":3},{"damage":8,"enemies":"3 Sentries","floor":14,"turns":8},{"damage":33,"enemies":"Slime Boss","floor":16,"turns":11},{"damage":4,"enemies":"2 Thieves","floor":18,"turns":4},{"damage":5,"enemies":"Chosen","floor":20,"turns":4},{"damage":1,"enemies":"3 Cultists","floor":21,"turns":5},{"damage":10,"enemies":"Snake Plant","floor":22,"turns":4},{"damage":20,"enemies":"Book of Stabbing","floor":24,"turns":4},{"damage":8,"enemies":"Centurion and Healer","floor":25,"turns":4},{"damage":0,"enemies":"Sentry and Sphere","floor":30,"turns":2},{"damage":73,"enemies":"Automaton","floor":33,"turns":11},{"damage":4,"enemies":"3 Darklings","floor":35,"turns":3},{"damage":0,"enemies":"Orb Walker","floor":39,"turns":1},{"damage":5,"enemies":"4 Shapes","floor":40,"turns":5},{"damage":6,"enemies":"3 Darklings","floor":41,"turns":5},{"damage":6,"enemies":"Sphere and 2 Shapes","floor":46,"turns":4},{"damage":89,"enemies":"Time Eater","floor":50,"turns":7}],"seed_played":"-825325867744175166","potions_obtained":[{"floor":1,"key":"Fire Potion"},{"floor":4,"key":"EntropicBrew"},{"floor":7,"key":"Swift Potion"},{"floor":12,"key":"Dexterity Potion"},{"floor":16,"key":"GhostInAJar"},{"floor":40,"key":"SteroidPotion"}],"is_trial":false,"path_per_floor":["M","$","M","M","?","R","E","R","T","E","R","M","$","E","R","B",null,"M","?","M","M","M","R","E","M","T","?","R","$","M","?","R","B",null,"M","?","?","?","M","M","M","R","T","R","$","M","?","?","R"],"character_chosen":"THE_SILENT","items_purchased":["Flying Knee","Deflect","Flying Knee","Blood Vial"],"campfire_rested":0,"item_purchase_floors":[2,2,13,29],"current_hp_per_floor":[69,69,64,64,64,64,53,53,63,63,63,63,63,55,55,22,80,76,70,65,64,54,64,44,36,36,62,72,72,74,74,80,7,80,76,66,66,66,68,65,61,71,71,80,80,74,74,74,80,0],"gold":0,"neow_bonus":"BOSS_RELIC","is_prod":false,"is_daily":false,"chose_seed":false,"campfire_upgraded":10,"win_rate":0.0,"timestamp":1530898106,"path_taken":["M","$","M","M","?","R","E","R","T","E","R","M","?","E","R","BOSS","M","?","M","M","M","R","E","M","T","?","R","$","M","?","R","BOSS","M","?","?","?","M","M","M","R","T","R","$","?","?","?","R","BOSS"],"build_version":"2018-07-05","purchased_purges":3,"victory":false,"max_hp_per_floor":[70,70,70,70,70,70,70,70,80,80,80,80,80,80,80,80,80,80,80,80,80,80,80,80,80,80,80,80,80,80,80,80,80,80,80,80,80,80,80,80,80,80,80,80,80,80,80,80,80,80],"card_choices":[{"not_picked":["Masterful Stab","Bane"],"picked":"PiercingWail","floor":1},{"not_picked":["Expertise","Poisoned Stab"],"picked":"Bouncing Flask","floor":3},{"not_picked":["Dodge and Roll","Concentrate"],"picked":"Setup","floor":4},{"not_picked":["Acrobatics","Well Laid Plans"],"picked":"Backstab","floor":7},{"not_picked":["Setup","Calculated Gamble"],"picked":"Escape Plan","floor":10},{"not_picked":["Concentrate","Sucker Punch"],"picked":"Adrenaline","floor":12},{"not_picked":["Catalyst","Slice"],"picked":"Choke","floor":14},{"not_picked":["Bullet Time","Grand Finale"],"picked":"Phantasmal Killer","floor":16},{"not_picked":["PiercingWail","Predator"],"picked":"Riddle With Holes","floor":18},{"not_picked":["Dodge and Roll","Prepared"],"picked":"Flying Knee","floor":20},{"not_picked":["Prepared","Backflip"],"picked":"Flying Knee+1","floor":21},{"not_picked":["Outmaneuver","Dagger Throw+1"],"picked":"Endless Agony","floor":22},{"not_picked":["Accuracy","Heel Hook+1","Dagger Spray"],"picked":"SKIP","floor":24},{"not_picked":["PiercingWail","Bane"],"picked":"Crippling Poison+1","floor":25},{"not_picked":["Doppelganger","Quick Slash","All Out Attack"],"picked":"SKIP","floor":30},{"not_picked":["Bullet Time","Phantasmal Killer"],"picked":"Die Die Die","floor":33},{"not_picked":["Dagger Spray"],"picked":"SKIP","floor":35},{"not_picked":[],"picked":"Trip","floor":38},{"not_picked":[],"picked":"Terror","floor":39},{"not_picked":["Masterful Stab+1"],"picked":"SKIP","floor":40},{"not_picked":["Dagger Spray+1"],"picked":"SKIP","floor":41},{"not_picked":[],"picked":"Crippling Poison+1","floor":46}],"player_experience":154497,"relics_obtained":[{"floor":7,"key":"Vajra"},{"floor":9,"key":"Pear"},{"floor":10,"key":"War Paint"},{"floor":14,"key":"Bag of Marbles"},{"floor":24,"key":"Mercury Hourglass"},{"floor":26,"key":"Ninja Scroll"},{"floor":43,"key":"Lantern"}],"event_choices":[{"event_name":"Living Wall","player_choice":"Change","floor":5,"damage_taken":0},{"event_name":"Nest","player_choice":"Joined the Cult","floor":19,"damage_taken":0},{"event_name":"The Library","player_choice":"Heal","floor":27,"damage_taken":0},{"event_name":"Beggar","player_choice":"Gave Gold","floor":31,"damage_taken":0},{"event_name":"Winding Halls","player_choice":"Embrace Madness","floor":36,"damage_taken":0},{"event_name":"Falling","player_choice":"Removed Attack","floor":37,"damage_taken":0},{"event_name":"SensoryStone","player_choice":"Memory 1","floor":38,"damage_taken":0},{"event_name":"The Lab","player_choice":"Got Potions","floor":47,"damage_taken":0},{"event_name":"Tomb of Lord Red Mask","player_choice":"Paid","floor":48,"damage_taken":0}],"boss_relics":[{"not_picked":["White Beast Statue","Runic Dome"],"picked":"Eternal Feather"},{"not_picked":["Cursed Key","Astrolabe"],"picked":"Busted Crown"}],"items_purged_floors":[13,29,45],"is_endless":false,"potions_floor_spawned":[1,4,7,12,16,18,21,24,25,30,40,46],"killed_by":"Time Eater","ascension_level":0}