{"gold_per_floor":[113,126,139,155,155,186,186,200,223,252,264,276,301,342,354,471,483,514,556,579,625,736,748,772,784,796,826,838],"floor_reached":28,"playtime":896,"items_purged":[],"score":226,"play_id":"f8f04bc2-09ea-408e-bb37-58c8ea30f1af","local_time":"20180910232928","is_ascension_mode":false,"campfire_choices":[{"data":"Evolve","floor":7.0,"key":"SMITH"},{"floor":11.0,"key":"REST"},{"data":"Whirlwind","floor":15.0,"key":"SMITH"},{"floor":23,"key":"REST"},{"data":"Limit Break","floor":25,"key":"SMITH"}],"neow_cost":"NONE","seed_source_timestamp":1383812209118,"circlet_count":0,"master_deck":["Strike_R","Strike_R","Strike_R","Strike_R","Defend_R","Defend_R","Defend_R","Defend_R","Bash","Brutality","Cleave","Seeing Red","Evolve+1","Whirlwind+1","Wild Strike","Wild Strike","Iron Wave","Dropkick","Spot Weakness","Limit Break+1","Thunderclap+1","Sword Boomerang+1","Flame Barrier","Flex","Parasite","Feed"],"special_seed":0,"relics":["Burning Blood","Lantern","Regal Pillow","MawBank","Cursed Key","Red Mask","Potion Belt"],"potions_floor_usage":[27],"damage_taken":[{"damage":0.0,"enemies":"Small Slimes","floor":1.0,"turns":3.0},{"damage":9.0,"enemies":"Jaw Worm","floor":2.0,"turns":4.0},{"damage":5.0,"enemies":"Cultist","floor":3.0,"turns":4.0},{"damage":16.0,"enemies":"2 Fungi Beasts","floor":4.0,"turns":5.0},{"damage":13.0,"enemies":"3 Sentries","floor":6.0,"turns":3.0},{"damage":21.0,"enemies":"Gremlin Gang","floor":8.0,"turns":5.0},{"damage":18.0,"enemies":"Large Slime","floor":10.0,"turns":5.0},{"damage":3.0,"enemies":"2 Fungi Beasts","floor":13.0,"turns":4.0},{"damage":5.0,"enemies":"3 Louse","floor":14.0,"turns":3.0},{"damage":36.0,"enemies":"Slime Boss","floor":16.0,"turns":7.0},{"damage":17.0,"enemies":"Shell Parasite","floor":18.0,"turns":4.0},{"damage":10.0,"enemies":"2 Thieves","floor":19.0,"turns":2.0},{"damage":32,"enemies":"Centurion and Healer","floor":20,"turns":5},{"damage":24,"enemies":"Masked Bandits","floor":21,"turns":4},{"damage":12,"enemies":"Cultist and Chosen","floor":24,"turns":5},{"damage":21,"enemies":"Snecko","floor":27,"turns":6},{"damage":45,"enemies":"Slavers","floor":28,"turns":2}],"seed_played":"4566086356437137737","potions_obtained":[{"floor":1.0,"key":"SteroidPotion"},{"floor":3.0,"key":"SkillPotion"},{"floor":6.0,"key":"Swift Potion"},{"floor":10.0,"key":"Dexterity Potion"},{"floor":13.0,"key":"Fire Potion"},{"floor":18.0,"key":"Dexterity Potion"}],"is_trial":false,"path_per_floor":["M","M","M","M","?","E","R","M","T","M","R","?","M","M","R","B",null,"M","M","M","?","?","R","M","R","T","M"],"character_chosen":"IRONCLAD","items_purchased":[],"campfire_rested":2,"item_purchase_floors":[],"current_hp_per_floor":[80,77,78,68,43,36,36,21,21,9,48,41,44,45,45,15,80,69,65,39,21,21,60,54,54,54,39,0],"gold":838,"neow_bonus":"ONE_RANDOM_RARE_CARD","is_prod":false,"is_daily":false,"chose_seed":false,"campfire_upgraded":3,"win_rate":0,"timestamp":1536643768,"path_taken":["M","M","M","M","?","E","R","M","T","M","R","?","?","M","R","BOSS","M","M","?","?","?","R","M","R","T","M","E"],"build_version":"2018-09-06","purchased_purges":0,"victory":false,"max_hp_per_floor":[80,80,80,80,80,80,80,80,80,80,80,80,80,80,80,80,80,80,80,80,80,80,80,80,80,80,80,80],"card_choices":[{"not_picked":["Searing Blow","Infernal Blade"],"picked":"Cleave","floor":1.0},{"not_picked":["Power Through","Sever Soul"],"picked":"Seeing Red","floor":2.0},{"not_picked":["Reckless Charge","Carnage"],"picked":"Evolve","floor":3.0},{"not_picked":["Twin Strike","Dropkick"],"picked":"Whirlwind","floor":4.0},{"not_picked":["Body Slam","Headbutt"],"picked":"Wild Strike","floor":6.0},{"not_picked":["Thunderclap","Headbutt"],"picked":"Wild Strike","floor":8.0},{"not_picked":["Bloodletting","True Grit"],"picked":"Iron Wave","floor":10.0},{"not_picked":["Evolve","Second Wind"],"picked":"Dropkick","floor":13.0},{"not_picked":["Flex","Cleave"],"picked":"Spot Weakness","floor":14.0},{"not_picked":["Reaper","Bludgeon"],"picked":"Limit Break","floor":16.0},{"not_picked":["Bloodletting+1","Iron Wave"],"picked":"Thunderclap+1","floor":18.0},{"not_picked":["Carnage","Warcry+1"],"picked":"Sword Boomerang+1","floor":19},{"not_picked":["Sword Boomerang","Anger"],"picked":"Flame Barrier","floor":20},{"not_picked":["Clash+1","Seeing Red+1"],"picked":"Flex","floor":21},{"not_picked":["Clash","Sword Boomerang","Combust"],"picked":"SKIP","floor":24},{"not_picked":["Sever Soul","True Grit+1"],"picked":"Feed","floor":27}],"player_experience":471133,"relics_obtained":[{"floor":6.0,"key":"Regal Pillow"},{"floor":9.0,"key":"MawBank"},{"floor":21,"key":"Red Mask"},{"floor":26,"key":"Potion Belt"}],"event_choices":[{"event_name":"Scrap Ooze","player_choice":"success","floor":5.0,"damage_taken":25.0},{"event_name":"Golden Wing","player_choice":"Card Removal","floor":12.0,"damage_taken":0.0},{"event_name":"Masked Bandits","player_choice":"Fought Bandits","floor":21,"damage_taken":0},{"event_name":"Nest","player_choice":"Stole From Cult","floor":22,"damage_taken":0}],"is_beta":false,"boss_relics":[{"not_picked":["Tiny House","Runic Pyramid"],"picked":"Cursed Key"}],"items_purged_floors":[],"is_endless":false,"potions_floor_spawned":[1,3,6,10,13,18,19,20],"killed_by":"Slavers","ascension_level":0}