{"gold_per_floor":[119,129,147,147,161,161,190,190,270,148,148,1,33,46,46,46],"floor_reached":16,"playtime":813,"items_purged":["Strike_R","Regret"],"score":138,"play_id":"d4eff80c-9e28-4623-b9d9-fb5c0abd0aeb","local_time":"20190315193632","is_ascension_mode":true,"campfire_choices":[{"data":"Armaments","floor":6,"key":"SMITH"},{"floor":8,"key":"REST"},{"floor":15,"key":"REST"}],"neow_cost":"NONE","seed_source_timestamp":68766523941312,"circlet_count":0,"master_deck":["Strike_R","Strike_R","Strike_R","Strike_R","Defend_R","Defend_R","Defend_R","Defend_R","Bash","Dramatic Entrance","Iron Wave","Twin Strike","Armaments+1","Pommel Strike","Shrug It Off","Shrug It Off","Shrug It Off"],"relics":["Burning Blood","Incense Burner","Pantograph","Dream Catcher","Pocketwatch"],"potions_floor_usage":[16],"damage_taken":[{"damage":0,"enemies":"Cultist","floor":1,"turns":3},{"damage":8,"enemies":"Jaw Worm","floor":2,"turns":4},{"damage":0,"enemies":"Small Slimes","floor":3,"turns":3},{"damage":5,"enemies":"Exordium Wildlife","floor":5,"turns":3},{"damage":42,"enemies":"Gremlin Nob","floor":7,"turns":5},{"damage":21,"enemies":"3 Sentries","floor":13,"turns":11},{"damage":7,"enemies":"2 Fungi Beasts","floor":14,"turns":3},{"damage":86,"enemies":"Hexaghost","floor":16,"turns":14}],"seed_played":"-6034824026782119094","potions_obtained":[{"floor":1,"key":"Strength Potion"},{"floor":2,"key":"GamblersBrew"},{"floor":7,"key":"GamblersBrew"}],"is_trial":false,"path_per_floor":["?","?"],"character_chosen":"IRONCLAD","items_purchased":["Shrug It Off","Shrug It Off"],"campfire_rested":2,"item_purchase_floors":[10,12],"current_hp_per_floor":[80,78,80,80,80,80,44,68,68,68,68,68,53,52,76,0],"gold":46,"neow_bonus":"RANDOM_COLORLESS","is_prod":false,"is_daily":false,"chose_seed":false,"campfire_upgraded":1,"win_rate":0,"timestamp":1552674992,"path_taken":["M","M","M","?","M","R","E","R","T","$","?","$","E","M","R","BOSS"],"build_version":"2019-01-23","purchased_purges":2,"victory":false,"max_hp_per_floor":[80,80,80,80,80,80,80,80,80,80,80,80,80,80,80,80],"card_choices":[{"not_picked":["Dual Wield","Warcry"],"picked":"Iron Wave","floor":1},{"not_picked":["Disarm","Body Slam"],"picked":"Twin Strike","floor":2},{"not_picked":["Headbutt","Body Slam"],"picked":"Armaments","floor":3},{"not_picked":["Body Slam","Exhume"],"picked":"Pommel Strike","floor":5},{"not_picked":["Body Slam","Armaments"],"picked":"Shrug It Off","floor":7},{"not_picked":["Anger","Havoc","Heavy Blade"],"picked":"SKIP","floor":13},{"not_picked":["Blood for Blood","Cleave","Armaments"],"picked":"SKIP","floor":14}],"player_experience":323665,"relics_obtained":[{"floor":7,"key":"Incense Burner"},{"floor":9,"key":"Pantograph"},{"floor":13,"key":"Pocketwatch"}],"event_choices":[{"damage_healed":0,"gold_gain":0,"player_choice":"Ignored","damage_taken":0,"max_hp_gain":0,"max_hp_loss":0,"event_name":"Golden Wing","floor":4,"gold_loss":0},{"damage_healed":0,"gold_gain":0,"player_choice":"Box","damage_taken":0,"relics_obtained":["Dream Catcher"],"max_hp_gain":0,"max_hp_loss":0,"event_name":"Big Fish","floor":11,"gold_loss":0,"cards_obtained":["Regret"]}],"is_beta":false,"boss_relics":[],"items_purged_floors":[10,12],"is_endless":false,"potions_floor_spawned":[1,2,7],"killed_by":"Hexaghost","ascension_level":5}