{"gold_per_floor":[109,109,121,134,62,62,97,108,108,208,218,229,229,243,243,340,340,354,31,46,46,63,63,88,88,159,174,191,211,211,225,225,225],"floor_reached":33,"playtime":1285,"items_purged":["Clumsy"],"score":435,"play_id":"a0a14e07-d005-471f-b310-2c3b9688655b","local_time":"20180822124810","is_ascension_mode":true,"campfire_choices":[{"data":"Hologram","floor":6,"key":"SMITH"},{"data":"Zap","floor":13,"key":"SMITH"},{"floor":15,"key":"REST"},{"data":"Dualcast","floor":23,"key":"SMITH"},{"data":"Glacier","floor":25,"key":"SMITH"},{"floor":30,"key":"REST"},{"floor":32,"key":"REST"}],"neow_cost":"NONE","seed_source_timestamp":265451894071924,"circlet_count":0,"master_deck":["Strike_B","Strike_B","Strike_B+1","Strike_B","Defend_B+1","Defend_B+1","Defend_B","Defend_B","Zap+1","Dualcast+1","AscendersBane","Sunder","Ball Lightning","Go for the Eyes+1","Hologram+1","Ball Lightning","Sweeping Beam","Beam Cell","White Noise","Core Surge","Sweeping Beam","All For One","Hello World","Glacier+1","Cold Snap","Darkness","Coolheaded+1","Beam Cell","Doubt","Coolheaded","Coolheaded+1","Core Surge","Ball Lightning"],"relics":["Cursed Key","Strawberry","War Paint","Nuclear Battery","Whetstone","Darkstone Periapt","Bottled Lightning"],"potions_floor_usage":[8,8,33,33,33],"damage_taken":[{"damage":7,"enemies":"2 Louse","floor":1,"turns":3},{"damage":0,"enemies":"Cultist","floor":3,"turns":2},{"damage":2,"enemies":"Small Slimes","floor":4,"turns":3},{"damage":25,"enemies":"3 Sentries","floor":7,"turns":5},{"damage":2,"enemies":"Exordium Wildlife","floor":8,"turns":3},{"damage":3,"enemies":"Looter","floor":11,"turns":3},{"damage":5,"enemies":"Lots of Slimes","floor":12,"turns":3},{"damage":7,"enemies":"Exordium Wildlife","floor":14,"turns":2},{"damage":32,"enemies":"The Guardian","floor":16,"turns":10},{"damage":0,"enemies":"Chosen","floor":18,"turns":3},{"damage":4,"enemies":"3 Byrds","floor":20,"turns":3},{"damage":24,"enemies":"Snecko","floor":22,"turns":4},{"damage":14,"enemies":"Book of Stabbing","floor":24,"turns":6},{"damage":0,"enemies":"Centurion and Healer","floor":27,"turns":5},{"damage":0,"enemies":"Cultist and Chosen","floor":28,"turns":4},{"damage":16,"enemies":"Shelled Parasite and Fungi","floor":29,"turns":6},{"damage":35,"enemies":"Sentry and Sphere","floor":31,"turns":6},{"damage":47,"enemies":"Champ","floor":33,"turns":8}],"seed_played":"-7251673883516004211","potions_obtained":[{"floor":4,"key":"SpeedPotion"},{"floor":7,"key":"SkillPotion"},{"floor":14,"key":"GamblersBrew"},{"floor":16,"key":"SteroidPotion"},{"floor":18,"key":"SteroidPotion"},{"floor":22,"key":"AttackPotion"},{"floor":29,"key":"FearPotion"},{"floor":31,"key":"Fruit Juice"}],"is_trial":false,"path_per_floor":["M","$","M","M","$","R","E","M","T","?","M","M","R","M","R","B",null,"M","$","M","?","M","R","E","R","T","M","M","M","R","M","R"],"character_chosen":"DEFECT","items_purchased":["Hologram","Ball Lightning","Whetstone","Glacier","Cold Snap"],"campfire_rested":3,"item_purchase_floors":[5,5,19,19,19],"current_hp_per_floor":[61,61,61,59,59,59,41,39,39,39,36,31,31,24,48,16,66,73,73,69,69,45,45,31,31,37,37,37,21,47,12,38,0],"gold":225,"neow_bonus":"BOSS_RELIC","is_prod":false,"is_daily":false,"chose_seed":false,"campfire_upgraded":4,"win_rate":0,"timestamp":1534963690,"path_taken":["M","$","M","M","$","R","E","M","T","?","M","M","R","?","R","BOSS","M","$","M","?","M","R","E","R","T","M","M","?","R","?","R","BOSS"],"build_version":"2018-08-16","purchased_purges":1,"victory":false,"max_hp_per_floor":[75,75,75,75,75,75,82,82,82,82,82,82,82,82,82,82,82,82,82,82,82,82,82,82,82,88,88,88,88,88,88,88,93],"card_choices":[{"not_picked":["Turbo","Stack"],"picked":"Sunder","floor":1},{"not_picked":["Sweeping Beam","Force Field"],"picked":"Ball Lightning","floor":3},{"not_picked":["Static Discharge","Double Energy"],"picked":"Go for the Eyes","floor":4},{"not_picked":["Rebound","Turbo"],"picked":"Sweeping Beam","floor":7},{"not_picked":["Recycle","Redo"],"picked":"Beam Cell","floor":8},{"not_picked":["FTL","Double Energy"],"picked":"White Noise","floor":11},{"not_picked":["Streamline","Reinforced Body"],"picked":"Core Surge","floor":12},{"not_picked":["Barrage","Aggregate"],"picked":"Sweeping Beam","floor":14},{"not_picked":["Buffer","Meteor Strike"],"picked":"All For One","floor":16},{"not_picked":["Chaos","Hologram"],"picked":"Hello World","floor":18},{"not_picked":["Barrage+1","Stack"],"picked":"Darkness","floor":20},{"not_picked":["Skim","Steam Power"],"picked":"Coolheaded+1","floor":22},{"not_picked":["Turbo","Tempest"],"picked":"Beam Cell","floor":24},{"not_picked":["Darkness","Stack"],"picked":"Coolheaded","floor":27},{"not_picked":["Leap","Compile Driver"],"picked":"Coolheaded+1","floor":28},{"not_picked":["Compile Driver","Undo"],"picked":"Core Surge","floor":29},{"not_picked":["Go for the Eyes","Rip and Tear"],"picked":"Ball Lightning","floor":31}],"player_experience":420416,"relics_obtained":[{"floor":7,"key":"Strawberry"},{"floor":9,"key":"War Paint"},{"floor":24,"key":"Darkstone Periapt"},{"floor":26,"key":"Bottled Lightning"}],"event_choices":[{"event_name":"Golden Shrine","player_choice":"Pray","floor":10,"damage_taken":0},{"event_name":"Addict","player_choice":"Ignored","floor":21,"damage_taken":0}],"is_beta":false,"boss_relics":[{"not_picked":["Orrery","Astrolabe"],"picked":"Nuclear Battery"}],"items_purged_floors":[19],"is_endless":false,"potions_floor_spawned":[4,7,14,16,18,22,28,29,31],"killed_by":"Champ","ascension_level":10}