{"gold_per_floor":[112,127,137,214,214,214,184,216,242,242,312,312,267,297,297,297],"floor_reached":16,"playtime":639,"items_purged":[],"score":151,"play_id":"adc6bc70-23c3-4f91-b56b-87345934e1c9","local_time":"20190318183210","is_ascension_mode":true,"campfire_choices":[{"data":"Bash","floor":6,"key":"SMITH"},{"floor":10,"key":"REST"},{"data":"True Grit","floor":12,"key":"SMITH"},{"floor":15,"key":"REST"}],"neow_cost":"NONE","seed_source_timestamp":324284850248577,"circlet_count":0,"master_deck":["Strike_R","Strike_R","Strike_R","Strike_R","Defend_R","Defend_R","Defend_R","Defend_R","Bash+1","True Grit+1","Battle Trance","Clothesline","Rage","Limit Break","Clash","Shrug It Off","Whirlwind","Havoc","Infernal Blade"],"relics":["Burning Blood","Dream Catcher","PreservedInsect","Pen Nib","Ornamental Fan","Sundial"],"potions_floor_usage":[],"damage_taken":[{"damage":8,"enemies":"Jaw Worm","floor":1,"turns":4},{"damage":1,"enemies":"Small Slimes","floor":2,"turns":5},{"damage":1,"enemies":"2 Louse","floor":3,"turns":3},{"damage":3,"enemies":"Looter","floor":7,"turns":4},{"damage":54,"enemies":"3 Sentries","floor":8,"turns":15},{"damage":12,"enemies":"Exordium Thugs","floor":13,"turns":5},{"damage":7,"enemies":"Lagavulin","floor":14,"turns":6},{"damage":73,"enemies":"Hexaghost","floor":16,"turns":11}],"seed_played":"-4241964799241040737","potions_obtained":[{"floor":3,"key":"FearPotion"},{"floor":14,"key":"Explosive Potion"}],"is_trial":false,"path_per_floor":["?","?","T"],"character_chosen":"IRONCLAD","items_purchased":[],"campfire_rested":2,"item_purchase_floors":[],"current_hp_per_floor":[70,75,80,80,80,80,80,32,32,56,56,56,50,49,73,0],"gold":297,"neow_bonus":"RANDOM_COMMON_RELIC","is_prod":false,"is_daily":false,"chose_seed":false,"campfire_upgraded":2,"win_rate":0,"timestamp":1552930330,"path_taken":["M","M","M","?","?","R","M","E","T","R","?","R","M","E","R","BOSS"],"build_version":"2019-01-23","purchased_purges":0,"victory":false,"max_hp_per_floor":[80,80,80,80,80,80,80,80,80,80,80,80,80,80,80,80],"card_choices":[{"not_picked":["Heavy Blade","Seeing Red"],"picked":"True Grit","floor":1},{"not_picked":["Warcry","Thunderclap"],"picked":"Battle Trance","floor":2},{"not_picked":["Combust","Fire Breathing"],"picked":"Clothesline","floor":3},{"not_picked":["True Grit","Rupture"],"picked":"Limit Break","floor":7},{"not_picked":["Evolve","Wild Strike"],"picked":"Clash","floor":8},{"not_picked":["Entrench","Heavy Blade"],"picked":"Shrug It Off","floor":10},{"not_picked":["Burning Pact","Havoc"],"picked":"Whirlwind","floor":13},{"not_picked":["Heavy Blade","Evolve"],"picked":"Havoc","floor":14},{"not_picked":["Warcry","Perfected Strike"],"picked":"Infernal Blade","floor":15}],"player_experience":388992,"relics_obtained":[{"floor":8,"key":"PreservedInsect"},{"floor":9,"key":"Pen Nib"},{"floor":11,"key":"Ornamental Fan"},{"floor":14,"key":"Sundial"}],"event_choices":[{"damage_healed":0,"gold_gain":77,"player_choice":"Gained Gold","damage_taken":0,"max_hp_gain":0,"max_hp_loss":0,"event_name":"Golden Wing","floor":4,"gold_loss":0},{"damage_healed":0,"gold_gain":0,"cards_transformed":["Strike_R"],"player_choice":"Change","damage_taken":0,"max_hp_gain":0,"max_hp_loss":0,"event_name":"Living Wall","floor":5,"gold_loss":0,"cards_obtained":["Rage"]}],"is_beta":false,"boss_relics":[],"items_purged_floors":[],"is_endless":false,"potions_floor_spawned":[3,14],"killed_by":"Hexaghost","ascension_level":8}