{"gold_per_floor":[115,115,40,40,40,40,70,70,125,159,24,99,99,117,117,117],"floor_reached":16,"playtime":505,"items_purged":["Strike_R"],"score":108,"play_id":"da84ed5a-0d44-4d90-9ca5-584dfe851176","local_time":"20190206192834","is_ascension_mode":true,"campfire_choices":[{"data":"Bash","floor":6,"key":"SMITH"},{"data":"Cleave","floor":8,"key":"SMITH"},{"floor":15,"key":"REST"}],"neow_cost":"NONE","seed_source_timestamp":206234812344361,"circlet_count":0,"master_deck":["Strike_R","Strike_R","Strike_R","Defend_R","Defend_R","Defend_R","Bash+1","Cleave+1","Twin Strike","Juggernaut","Flame Barrier"],"relics":["Burning Blood","Bag of Preparation","Dodecahedron"],"potions_floor_usage":[],"damage_taken":[{"damage":9,"enemies":"Jaw Worm","floor":1,"turns":5},{"damage":37,"enemies":"Lagavulin","floor":10,"turns":6},{"damage":18,"enemies":"Small Slimes","floor":14,"turns":3},{"damage":50,"enemies":"The Guardian","floor":16,"turns":10}],"seed_played":"8514789630639498038","potions_obtained":[],"is_trial":false,"path_per_floor":["?","?","?","?","?","$"],"character_chosen":"IRONCLAD","items_purchased":["Juggernaut"],"campfire_rested":1,"item_purchase_floors":[11],"current_hp_per_floor":[77,77,77,77,77,77,77,77,77,46,46,35,35,23,47,0],"gold":117,"neow_bonus":"REMOVE_CARD","is_prod":false,"is_daily":false,"chose_seed":false,"campfire_upgraded":2,"win_rate":0,"timestamp":1549477714,"path_taken":["M","?","$","?","?","R","?","R","T","E","$","?","?","M","R","BOSS"],"build_version":"2019-01-23","purchased_purges":1,"victory":false,"max_hp_per_floor":[80,80,80,80,80,80,80,80,80,80,80,80,80,80,80,80],"card_choices":[{"not_picked":["Headbutt","Carnage"],"picked":"Cleave","floor":1},{"not_picked":["Anger","Hemokinesis"],"picked":"Twin Strike","floor":10},{"not_picked":["Twin Strike","Infernal Blade"],"picked":"Flame Barrier","floor":14}],"player_experience":113098,"relics_obtained":[{"floor":9,"key":"Bag of Preparation"},{"floor":10,"key":"Dodecahedron"}],"event_choices":[{"damage_healed":0,"gold_gain":0,"player_choice":"Ignored","damage_taken":0,"max_hp_gain":0,"max_hp_loss":0,"event_name":"Shining Light","floor":2,"gold_loss":0},{"cards_removed":["Defend_R"],"damage_healed":0,"gold_gain":0,"player_choice":"Forget","damage_taken":0,"max_hp_gain":0,"max_hp_loss":0,"event_name":"Living Wall","floor":4,"gold_loss":0},{"damage_healed":0,"gold_gain":0,"player_choice":"Leave","damage_taken":0,"max_hp_gain":0,"max_hp_loss":0,"event_name":"The Cleric","floor":5,"gold_loss":0},{"damage_healed":0,"gold_gain":30,"player_choice":"Searched \u00271\u0027 times","damage_taken":0,"max_hp_gain":0,"max_hp_loss":0,"event_name":"Dead Adventurer","floor":7,"gold_loss":0},{"damage_healed":0,"gold_gain":75,"player_choice":"Gather Gold","damage_taken":11,"max_hp_gain":0,"max_hp_loss":0,"event_name":"World of Goop","floor":12,"gold_loss":0}],"is_beta":false,"boss_relics":[],"items_purged_floors":[3],"is_endless":false,"potions_floor_spawned":[],"killed_by":"The Guardian","ascension_level":3}