{"gold_per_floor":[116,129,129,139,64,64,89,89,89,103,121,172,172,187,187,286,286,297,109,109,124,144,144,173,173,173,188,207,207],"floor_reached":29,"playtime":1256,"items_purged":["Strike_R","Strike_R"],"score":247,"play_id":"4e017c38-6bad-40a2-9612-cd5e80467b89","local_time":"20180730144129","is_ascension_mode":false,"campfire_choices":[{"data":"Offering","floor":6,"key":"SMITH"},{"data":"Armaments","floor":13,"key":"SMITH"},{"floor":15,"key":"REST"},{"data":"Barricade","floor":23,"key":"SMITH"},{"data":"Anger","floor":25,"key":"SMITH"}],"neow_cost":"FIFTY_PERCENT_DAMAGE","seed_source_timestamp":1346613792052927,"circlet_count":0,"master_deck":["Strike_R","Strike_R","Defend_R","Defend_R","Defend_R","Bash","Exhume","Offering+1","Seeing Red","Twin Strike","Thunderclap","Disarm","Armaments+1","Barricade+1","Anger+1","Dramatic Entrance","Shrug It Off","Clash+1","Thunderclap+1"],"relics":["Burning Blood"],"potions_floor_usage":[7,11,11,16,24,24,28,28],"damage_taken":[{"damage":3,"enemies":"Small Slimes","floor":1,"turns":3},{"damage":1,"enemies":"2 Louse","floor":2,"turns":3},{"damage":0,"enemies":"Cultist","floor":4,"turns":3},{"damage":26,"enemies":"Lagavulin","floor":7,"turns":5},{"damage":14,"enemies":"Exordium Wildlife","floor":10,"turns":5},{"damage":16,"enemies":"Lots of Slimes","floor":11,"turns":4},{"damage":6,"enemies":"Looter","floor":14,"turns":3},{"damage":15,"enemies":"Hexaghost","floor":16,"turns":9},{"damage":20,"enemies":"Spheric Guardian","floor":18,"turns":10},{"damage":5,"enemies":"Chosen","floor":21,"turns":6},{"damage":21,"enemies":"Snake Plant","floor":22,"turns":4},{"damage":12,"enemies":"Slavers","floor":24,"turns":3},{"damage":29,"enemies":"Slaver and Parasite","floor":27,"turns":4},{"damage":29,"enemies":"Cultist and Chosen","floor":28,"turns":7},{"damage":11,"enemies":"Centurion and Healer","floor":29,"turns":2}],"seed_played":"-3204732345144757616","potions_obtained":[{"floor":1,"key":"Weak Potion"},{"floor":4,"key":"EssenceOfSteel"},{"floor":8,"key":"Swift Potion"},{"floor":8,"key":"Strength Potion"},{"floor":8,"key":"BloodPotion"},{"floor":11,"key":"Ancient Potion"},{"floor":18,"key":"FearPotion"},{"floor":21,"key":"BloodPotion"},{"floor":27,"key":"GamblersBrew"},{"floor":28,"key":"Dexterity Potion"}],"is_trial":false,"path_per_floor":["M","M","?","M","$","R","E","?","T","M","M","T","R","M","R","B",null,"M","$","?","M","M","R","E","R","T","M","M"],"character_chosen":"IRONCLAD","items_purchased":["Dramatic Entrance"],"campfire_rested":1,"item_purchase_floors":[19],"current_hp_per_floor":[43,48,48,54,54,54,34,34,34,26,24,24,24,24,48,39,80,66,66,66,67,52,52,46,46,46,23,8,0],"gold":207,"neow_bonus":"TRANSFORM_TWO_CARDS","is_prod":false,"is_daily":false,"chose_seed":false,"campfire_upgraded":4,"win_rate":0,"timestamp":1532983289,"path_taken":["M","M","?","M","$","R","E","?","T","M","?","?","R","M","R","BOSS","M","$","?","M","M","R","E","R","T","M","M","M"],"build_version":"2018-07-26","purchased_purges":2,"victory":false,"max_hp_per_floor":[80,80,80,80,80,80,80,80,80,80,80,80,80,80,80,80,80,80,80,80,80,80,80,80,80,80,80,80,80],"card_choices":[{"not_picked":["Rage","Flame Barrier"],"picked":"Seeing Red","floor":1},{"not_picked":["Corruption","Pommel Strike"],"picked":"Twin Strike","floor":2},{"not_picked":["Clothesline","Rupture"],"picked":"Thunderclap","floor":4},{"not_picked":["Perfected Strike","Armaments"],"picked":"Disarm","floor":7},{"not_picked":["Wild Strike","Fire Breathing"],"picked":"Armaments","floor":10},{"not_picked":["Havoc","Feel No Pain","Disarm"],"picked":"SKIP","floor":11},{"not_picked":["Heavy Blade","Feel No Pain","Seeing Red"],"picked":"SKIP","floor":14},{"not_picked":["Exhume","Dark Embrace"],"picked":"Barricade","floor":16},{"not_picked":["Pommel Strike","Fire Breathing"],"picked":"Anger","floor":18},{"not_picked":["True Grit","Combust"],"picked":"Clash+1","floor":21},{"not_picked":["Power Through+1","Shrug It Off"],"picked":"Thunderclap+1","floor":22},{"not_picked":["Shrug It Off","Entrench","Clothesline"],"picked":"SKIP","floor":24},{"not_picked":["Perfected Strike+1","Pommel Strike","Dark Embrace"],"picked":"SKIP","floor":27},{"not_picked":["Battle Trance","Cleave","Pommel Strike"],"picked":"SKIP","floor":28}],"player_experience":298362,"relics_obtained":[],"event_choices":[{"event_name":"Liars Game","player_choice":"disagreed","floor":3,"damage_taken":0},{"event_name":"The Lab","player_choice":"Got Potions","floor":8,"damage_taken":0},{"event_name":"The Library","player_choice":"Read","floor":20,"damage_taken":0}],"is_beta":false,"boss_relics":[{"not_picked":["Lizard Tail","Mark of Pain","Snecko Eye"]}],"items_purged_floors":[5,19],"is_endless":false,"potions_floor_spawned":[1,4,10,11,18,21,27,28],"killed_by":"Centurion and Healer","ascension_level":0}