{"gold_per_floor":[112,43,53,53,1,1,13,13,67,67,67,67,80,100,100,100],"floor_reached":16,"playtime":301,"items_purged":[],"score":90,"play_id":"3f95aa09-9582-4b58-b018-5aee5c1678c9","local_time":"20190313151121","is_ascension_mode":false,"campfire_choices":[{"data":"Bash","floor":6,"key":"SMITH"},{"data":"Dropkick","floor":15,"key":"SMITH"}],"neow_cost":"NONE","seed_source_timestamp":2401340599148900,"circlet_count":0,"master_deck":["Strike_R","Strike_R+1","Strike_R","Strike_R","Strike_R","Defend_R","Defend_R","Defend_R","Defend_R+1","Bash+1","Dropkick+1"],"relics":["Burning Blood","NeowsBlessing","Shuriken","Potion Belt","Golden Idol","Darkstone Periapt"],"potions_floor_usage":[16],"damage_taken":[{"damage":0,"enemies":"Cultist","floor":1,"turns":1},{"damage":0,"enemies":"Small Slimes","floor":3,"turns":1},{"damage":0,"enemies":"Jaw Worm","floor":7,"turns":1},{"damage":19,"enemies":"3 Louse","floor":13,"turns":3},{"damage":12,"enemies":"Looter","floor":14,"turns":3},{"damage":47,"enemies":"Hexaghost","floor":16,"turns":10}],"seed_played":"-3958130437542777503","potions_obtained":[{"floor":13,"key":"Poison Potion"}],"is_trial":false,"path_per_floor":["M","$","M","$","?","R","M","?","T","?","?","T","M","M","R","B"],"character_chosen":"IRONCLAD","items_purchased":["Dropkick"],"campfire_rested":0,"item_purchase_floors":[2],"current_hp_per_floor":[80,80,80,80,80,80,80,85,85,79,63,63,50,44,44,0],"gold":100,"neow_bonus":"THREE_ENEMY_KILL","is_prod":false,"is_daily":false,"chose_seed":false,"campfire_upgraded":2,"win_rate":0,"timestamp":1552457481,"path_taken":["M","$","?","?","?","R","?","?","T","?","?","?","M","M","R","BOSS"],"build_version":"2019-01-23","purchased_purges":0,"victory":false,"max_hp_per_floor":[80,80,80,80,80,80,80,85,85,79,79,79,79,79,79,79],"card_choices":[{"not_picked":["Pommel Strike","Armaments","Rage"],"picked":"SKIP","floor":1},{"not_picked":["Warcry","Reckless Charge","True Grit"],"picked":"SKIP","floor":3},{"not_picked":["Headbutt","Thunderclap","Sword Boomerang"],"picked":"SKIP","floor":7},{"not_picked":["Perfected Strike","Rampage","Heavy Blade"],"picked":"SKIP","floor":13},{"not_picked":["Flex","Havoc","Ghostly Armor"],"picked":"SKIP","floor":14}],"player_experience":355422,"relics_obtained":[{"floor":9,"key":"Potion Belt"},{"floor":12,"key":"Darkstone Periapt"}],"event_choices":[{"damage_healed":0,"gold_gain":0,"player_choice":"Paid Gold","damage_taken":0,"relics_obtained":["Shuriken"],"max_hp_gain":0,"max_hp_loss":0,"event_name":"WeMeetAgain","floor":5,"gold_loss":52},{"damage_healed":0,"gold_gain":0,"player_choice":"Donut","damage_taken":0,"max_hp_gain":5,"max_hp_loss":0,"event_name":"Big Fish","floor":8,"gold_loss":0},{"damage_healed":0,"gold_gain":0,"player_choice":"Lose Max HP","damage_taken":0,"relics_obtained":["Golden Idol"],"max_hp_gain":0,"max_hp_loss":6,"event_name":"Golden Idol","floor":10,"gold_loss":0},{"damage_healed":0,"gold_gain":0,"player_choice":"Entered Light","damage_taken":16,"max_hp_gain":0,"max_hp_loss":0,"event_name":"Shining Light","floor":11,"gold_loss":0,"cards_upgraded":["Defend_R","Strike_R"]}],"is_beta":false,"boss_relics":[],"items_purged_floors":[],"is_endless":false,"potions_floor_spawned":[13],"killed_by":"Hexaghost","ascension_level":0}