{"gold_per_floor":[109,109,109,109,129,158,83,94,94,128,128],"floor_reached":11,"playtime":474,"items_purged":["Regret"],"score":81,"play_id":"242acc44-ccd6-4ed4-ace7-2a05c1b26bf9","local_time":"20190308111856","is_ascension_mode":false,"campfire_choices":[],"neow_cost":"NONE","seed_source_timestamp":1955198559239353,"circlet_count":0,"master_deck":["Strike_R","Strike_R","Strike_R","Strike_R","Strike_R","Defend_R","Defend_R","Defend_R","Defend_R","Bash","Perfected Strike","Pommel Strike","Reaper","Corruption","Dual Wield"],"relics":["Burning Blood","Centennial Puzzle","Mummified Hand","Letter Opener","Pen Nib","Molten Egg 2","Regal Pillow"],"potions_floor_usage":[6,10,11],"damage_taken":[{"damage":2,"enemies":"Small Slimes","floor":1,"turns":4},{"damage":16,"enemies":"Jaw Worm","floor":5,"turns":4},{"damage":17,"enemies":"Gremlin Nob","floor":6,"turns":3},{"damage":6,"enemies":"Cultist","floor":8,"turns":3},{"damage":47,"enemies":"Lagavulin","floor":10,"turns":7},{"damage":18,"enemies":"Large Slime","floor":11,"turns":5}],"seed_played":"-6519242671853948341","potions_obtained":[{"floor":4,"key":"FearPotion"},{"floor":4,"key":"Block Potion"},{"floor":4,"key":"SneckoOil"},{"floor":6,"key":"PowerPotion"}],"is_trial":false,"path_per_floor":["M","?","?","?","M","E","$","M","T","E","M"],"character_chosen":"IRONCLAD","items_purchased":[],"campfire_rested":0,"item_purchase_floors":[],"current_hp_per_floor":[80,80,73,73,63,52,52,58,58,20,10],"gold":128,"neow_bonus":"RANDOM_COMMON_RELIC","is_prod":false,"is_daily":false,"chose_seed":false,"campfire_upgraded":0,"win_rate":0,"timestamp":1552011536,"path_taken":["M","?","?","?","M","E","$","M","T","E","M"],"build_version":"2019-01-23","purchased_purges":1,"victory":false,"max_hp_per_floor":[80,80,80,80,80,80,80,80,80,80,80],"card_choices":[{"not_picked":["Wild Strike","Dual Wield"],"picked":"Perfected Strike","floor":1},{"not_picked":["Armaments","Body Slam"],"picked":"Pommel Strike","floor":5},{"not_picked":["Armaments","Evolve"],"picked":"Reaper","floor":6},{"not_picked":["Anger","Wild Strike"],"picked":"Corruption","floor":8},{"not_picked":["Wild Strike+1","Pummel+1"],"picked":"Dual Wield","floor":10}],"player_experience":211165,"relics_obtained":[{"floor":6,"key":"Pen Nib"},{"floor":9,"key":"Molten Egg 2"},{"floor":10,"key":"Regal Pillow"}],"event_choices":[{"damage_healed":0,"gold_gain":0,"player_choice":"Box","damage_taken":0,"relics_obtained":["Mummified Hand"],"max_hp_gain":0,"max_hp_loss":0,"event_name":"Big Fish","floor":2,"gold_loss":0,"cards_obtained":["Regret"]},{"damage_healed":0,"gold_gain":0,"player_choice":"Success","damage_taken":7,"relics_obtained":["Letter Opener"],"max_hp_gain":0,"max_hp_loss":0,"event_name":"Scrap Ooze","floor":3,"gold_loss":0},{"damage_healed":0,"gold_gain":0,"player_choice":"Got Potions","damage_taken":0,"max_hp_gain":0,"max_hp_loss":0,"event_name":"Lab","floor":4,"gold_loss":0}],"is_beta":false,"boss_relics":[],"items_purged_floors":[7],"is_endless":false,"potions_floor_spawned":[5,6,8],"killed_by":"Large Slime","ascension_level":0}