{"gold_per_floor":[111,130,130,145,145,145,179,179,236,253,265,24,24,43,43,141,141,160,160,185,200,200,200,212,61,137,155,168,188,188,206,206,301,301,314,90,90,390,403,423,438,451,451,451,451],"floor_reached":45,"playtime":4312,"items_purged":[],"score":446,"play_id":"bedaa186-0400-49b8-a69d-e41fb82ac117","local_time":"20180629012315","is_ascension_mode":false,"campfire_choices":[{"data":"Dualcast","floor":6,"key":"SMITH"},{"data":"Redo","floor":8,"key":"SMITH"},{"data":"Zap","floor":13,"key":"SMITH"},{"data":"Ball Lightning","floor":15,"key":"SMITH"},{"data":"Conserve Battery","floor":23,"key":"SMITH"},{"floor":30,"key":"REST"},{"data":"Hologram","floor":32,"key":"SMITH"},{"floor":44,"key":"REST"}],"neow_cost":"","seed_source_timestamp":200819312480218,"circlet_count":0,"master_deck":["Strike_B+1","Defend_B+1","Defend_B+1","Defend_B","Defend_B","Zap+1","Dualcast+1","Redo+1","Self Repair","Barrage+1","Hologram+1","Ball Lightning","Ball Lightning+1","Aggregate","Gash","Storm","Reboot","Beam Cell","Conserve Battery+1","Go for the Eyes+1","Genetic Algorithm+1","Gash+1","Hologram","Reprogram","Conserve Battery","Amplify","Tempest+1","Cold Snap+1","Defragment+1","Barrage+1","Consume","Madness","Madness","Hello World+1","Thunder Strike","Leap","Double Energy","Static Discharge+1"],"relics":["Cracked Core","Potion Belt","Matryoshka","Mercury Hourglass","Tiny Chest","War Paint","Inserter","Bottled Tornado","Blood Vial","Bag of Marbles","Letter Opener","Astrolabe","Whetstone","Old Coin","Toolbox"],"potions_floor_usage":[7,11,33,33,41],"damage_taken":[{"damage":0,"enemies":"2 Louse","floor":1,"turns":2},{"damage":1,"enemies":"Cultist","floor":2,"turns":4},{"damage":6,"enemies":"Jaw Worm","floor":4,"turns":3},{"damage":30,"enemies":"Lagavulin","floor":7,"turns":6},{"damage":2,"enemies":"2 Fungi Beasts","floor":10,"turns":3},{"damage":6,"enemies":"Large Slime","floor":11,"turns":5},{"damage":0,"enemies":"3 Louse","floor":14,"turns":2},{"damage":10,"enemies":"Slime Boss","floor":16,"turns":7},{"damage":22,"enemies":"Shell Parasite","floor":18,"turns":5},{"damage":5,"enemies":"Spheric Guardian","floor":21,"turns":3},{"damage":36,"enemies":"3 Cultists","floor":24,"turns":6},{"damage":14,"enemies":"Cultist and Chosen","floor":27,"turns":5},{"damage":7,"enemies":"Centurion and Healer","floor":28,"turns":6},{"damage":8,"enemies":"3 Cultists","floor":29,"turns":4},{"damage":8,"enemies":"Sentry and Sphere","floor":31,"turns":4},{"damage":56,"enemies":"Automaton","floor":33,"turns":9},{"damage":8,"enemies":"3 Shapes","floor":35,"turns":4},{"damage":0,"floor":38,"turns":5},{"damage":32,"enemies":"3 Darklings","floor":39,"turns":4},{"damage":19,"enemies":"Maw","floor":40,"turns":7},{"damage":21,"enemies":"Sphere and 2 Shapes","floor":41,"turns":4},{"damage":27,"enemies":"4 Shapes","floor":42,"turns":4},{"damage":50,"enemies":"2 Orb Walkers","floor":45,"turns":4}],"seed_played":"2463569321919270547","potions_obtained":[{"floor":1,"key":"Energy Potion"},{"floor":7,"key":"FearPotion"},{"floor":11,"key":"SteroidPotion"},{"floor":27,"key":"Ancient Potion"},{"floor":39,"key":"Weak Potion"},{"floor":40,"key":"Strength Potion"},{"floor":41,"key":"Energy Potion"}],"is_trial":false,"path_per_floor":["M","M","?","M","?","R","E","R","T","M","M","$","R","M","R","B",null,"M","?","T","M","?","R","M","$","T","M","M","M","R","M","R","B",null,"M","$","?","?","M","M","M","M","T","R"],"character_chosen":"DEFECT","items_purchased":["Aggregate","War Paint","Gash","Bag of Marbles","Consume","Whetstone"],"campfire_rested":2,"item_purchase_floors":[12,12,12,25,36,36],"current_hp_per_floor":[75,74,79,80,77,77,54,54,54,59,60,60,60,60,60,57,80,65,65,65,69,69,69,42,42,42,37,39,33,57,58,58,4,80,79,79,69,71,48,38,26,8,8,32,0],"gold":451,"neow_bonus":"","is_prod":false,"is_daily":false,"chose_seed":false,"campfire_upgraded":6,"win_rate":0.0,"timestamp":1530256995,"path_taken":["M","M","?","M","?","R","E","R","T","M","M","$","R","M","R","BOSS","M","?","?","M","?","R","M","?","T","M","M","M","R","M","R","BOSS","M","$","?","?","M","M","M","M","T","R","E"],"build_version":"2018-06-28","purchased_purges":0,"victory":false,"max_hp_per_floor":[75,75,80,80,80,80,80,80,80,80,80,80,80,80,80,80,80,80,80,80,80,80,80,80,80,80,80,80,80,80,80,80,80,80,80,80,80,80,80,80,80,80,80,80,80],"card_choices":[{"not_picked":["Tempest","Rebound"],"picked":"Redo","floor":1},{"not_picked":["Darkness","Melter"],"picked":"Self Repair","floor":2},{"not_picked":["Lockon","Self Repair"],"picked":"Barrage","floor":4},{"not_picked":["Rebound","Go for the Eyes"],"picked":"Hologram","floor":7},{"not_picked":["Rebound","Redo"],"picked":"Ball Lightning","floor":10},{"not_picked":["Darkness","Blizzard"],"picked":"Ball Lightning","floor":11},{"not_picked":["Auto Shields","Lockon"],"picked":"Storm","floor":14},{"not_picked":["Amplify","Seek"],"picked":"Reboot","floor":16},{"not_picked":["Capacitor","Steam"],"picked":"Beam Cell","floor":18},{"not_picked":["FTL","Redo"],"picked":"Go for the Eyes+1","floor":21},{"not_picked":["Stack","Chill"],"picked":"Genetic Algorithm+1","floor":24},{"not_picked":["Leap","Blizzard"],"picked":"Gash+1","floor":27},{"not_picked":["Stack","Undo"],"picked":"Hologram","floor":28},{"not_picked":["Go for the Eyes","Barrage"],"picked":"Reprogram","floor":29},{"not_picked":["Lockon","Sweeping Beam"],"picked":"Conserve Battery","floor":31},{"not_picked":["Reboot","Multi-Cast"],"picked":"Amplify","floor":33},{"not_picked":["Conserve Battery","Sweeping Beam+1"],"picked":"Barrage+1","floor":35},{"not_picked":["Conserve Battery","Steam+1"],"picked":"Hello World+1","floor":38},{"not_picked":["Cold Snap","Capacitor"],"picked":"Thunder Strike","floor":39},{"not_picked":["Ball Lightning","Rebound"],"picked":"Leap","floor":40},{"not_picked":["Go for the Eyes+1","Stack"],"picked":"Double Energy","floor":41},{"not_picked":["Coolheaded","Leap"],"picked":"Static Discharge+1","floor":42}],"player_experience":50128,"relics_obtained":[{"floor":7,"key":"Matryoshka"},{"floor":9,"key":"Mercury Hourglass"},{"floor":9,"key":"Tiny Chest"},{"floor":20,"key":"Bottled Tornado"},{"floor":20,"key":"Blood Vial"},{"floor":26,"key":"Letter Opener"},{"floor":38,"key":"Old Coin"},{"floor":43,"key":"Toolbox"}],"event_choices":[{"event_name":"Big Fish","player_choice":"Donut","floor":3,"damage_taken":0},{"event_name":"Scrap Ooze","player_choice":"success","floor":5,"damage_taken":3},{"event_name":"The Library","player_choice":"Read","floor":19,"damage_taken":0},{"event_name":"Ghosts","player_choice":"Ignored","floor":22,"damage_taken":0},{"event_name":"Winding Halls","player_choice":"Embrace Madness","floor":37,"damage_taken":0},{"event_name":"MindBloom","player_choice":"Fight","floor":38,"damage_taken":0}],"boss_relics":[{"not_picked":["Lizard Tail","Cursed Key"],"picked":"Inserter"},{"not_picked":["Eternal Feather","Fusion Hammer"],"picked":"Astrolabe"}],"items_purged_floors":[],"is_endless":false,"potions_floor_spawned":[1,7,11,27,39,40,41],"killed_by":"2 Orb Walkers","ascension_level":0}