{"path_per_floor":["M","M","$","?","$","R","M","?","T","M","E","M","?","M","R","B",null,"M","?","$","M"],"character_chosen":"DEFECT","items_purchased":["Capacitor","Apotheosis"],"gold_per_floor":[112,129,102,277,69,69,86,86,86,99,133,143,218,238,238,335,335,349,349,274,288,288],"floor_reached":22,"campfire_rested":1,"playtime":968,"current_hp_per_floor":[75,75,75,75,75,75,75,60,60,57,33,25,14,14,36,14,75,64,64,64,40,0],"items_purged":["Doubt"],"gold":288,"score":195,"play_id":"579cf7e2-53a2-44dc-95f5-a4beabe02cc3","local_time":"20180507165353","is_prod":false,"is_daily":false,"chose_seed":false,"is_ascension_mode":true,"campfire_upgraded":1,"timestamp":1525730033,"path_taken":["M","M","$","?","?","R","M","?","T","M","E","?","?","M","R","BOSS","M","?","$","?","?"],"build_version":"2018-05-03","seed_source_timestamp":1865183950685912,"purchased_purges":1,"victory":false,"master_deck":["Strike_B","Strike_B","Strike_B","Defend_B","Defend_B","Defend_B","Defend_B","Zap","Dualcast+1","Scrape+1","Streamline","FTL","Capacitor","Apotheosis+1","Ball Lightning","Impulse","Lockon","Auto Shields","Self Repair","Rainbow","Barrage+1","Defragment"],"max_hp_per_floor":[75,75,75,75,75,75,75,75,75,75,75,75,75,75,75,75,75,75,75,75,75,75],"relics":["Cracked Core","Centennial Puzzle","Unceasing Top","Runic Pyramid"],"card_choices":[{"not_picked":["Cold Snap","Skim"],"picked":"Streamline","floor":1},{"not_picked":["Impulse","Cold Snap"],"picked":"FTL","floor":2},{"not_picked":["Sweeping Beam","Leap"],"picked":"Ball Lightning","floor":7},{"not_picked":["Turbo","Sweeping Beam"],"picked":"Impulse","floor":10},{"not_picked":["Sunder","Capacitor"],"picked":"Lockon","floor":11},{"not_picked":["Hello World","Streamline"],"picked":"Auto Shields","floor":12},{"not_picked":["Cold Snap","Turbo"],"picked":"Self Repair","floor":14},{"not_picked":["Nova","Amplify"],"picked":"Rainbow","floor":16},{"not_picked":["Hello World","Leap"],"picked":"Barrage","floor":18}],"player_experience":46619,"potions_floor_usage":[16,16,18,21,22,22],"damage_taken":[{"damage":0,"enemies":"2 Louse","floor":1,"turns":2},{"damage":0,"enemies":"Small Slimes","floor":2,"turns":3},{"damage":0,"enemies":"Cultist","floor":7,"turns":3},{"damage":3,"enemies":"2 Fungi Beasts","floor":10,"turns":3},{"damage":24,"enemies":"3 Sentries","floor":11,"turns":7},{"damage":8,"enemies":"Exordium Wildlife","floor":12,"turns":4},{"damage":0,"enemies":"Red Slaver","floor":14,"turns":2},{"damage":22,"enemies":"Hexaghost","floor":16,"turns":7},{"damage":18,"enemies":"3 Byrds","floor":18,"turns":6},{"damage":24,"enemies":"2 Thieves","floor":21,"turns":4},{"damage":41,"enemies":"Masked Bandits","floor":22,"turns":3}],"event_choices":[{"event_name":"Liars Game","player_choice":"agreed","floor":4,"damage_taken":0},{"event_name":"Shining Light","player_choice":"Entered Light","floor":8,"damage_taken":0},{"event_name":"World of Goop","player_choice":"Gather Gold","floor":13,"damage_taken":0},{"event_name":"The Library","player_choice":"Read","floor":19,"damage_taken":0},{"event_name":"Masked Bandits","player_choice":"Fought over 288 gold","floor":22,"damage_taken":0}],"boss_relics":[{"not_picked":["Lizard Tail","Nuclear Battery"],"picked":"Runic Pyramid"}],"potions_floor_spawned":[11,12,14,16,18,21],"seed_played":"2275390837338631172","killed_by":"Masked Bandits","ascension_level":1,"is_trial":false}