{"gold_per_floor":[115,40,57,57,74,74,74,90,144,163,88,88,100,118,118,118],"floor_reached":16,"playtime":1472,"items_purged":["Strike_R"],"score":94,"play_id":"ce9af2c5-9d1e-4f6d-af41-811d5bc9a89c","local_time":"20190205184152","is_ascension_mode":false,"campfire_choices":[{"data":"Shrug It Off","floor":6,"key":"SMITH"},{"data":"True Grit","floor":12,"key":"SMITH"},{"data":"Metallicize","floor":15,"key":"SMITH"}],"neow_cost":"NONE","seed_source_timestamp":116047243471663,"circlet_count":0,"master_deck":["Strike_R","Strike_R+1","Strike_R+1","Strike_R","Defend_R","Defend_R","Defend_R","Defend_R","Bash","Shrug It Off+1","Shrug It Off","Metallicize+1","True Grit+1","Metallicize"],"relics":["Burning Blood","Whetstone"],"potions_floor_usage":[16,16,16,16],"damage_taken":[{"damage":1,"enemies":"Cultist","floor":1,"turns":3},{"damage":12,"enemies":"Jaw Worm","floor":3,"turns":5},{"damage":0,"enemies":"Small Slimes","floor":5,"turns":5},{"damage":3,"enemies":"3 Louse","floor":8,"turns":8},{"damage":1,"enemies":"Exordium Wildlife","floor":10,"turns":8},{"damage":0,"enemies":"2 Fungi Beasts","floor":13,"turns":4},{"damage":1,"enemies":"Exordium Thugs","floor":14,"turns":9},{"damage":83,"enemies":"Hexaghost","floor":16,"turns":23}],"seed_played":"6901142238784075538","potions_obtained":[{"floor":3,"key":"SpeedPotion"},{"floor":7,"key":"EntropicBrew"},{"floor":7,"key":"Strength Potion"},{"floor":13,"key":"Block Potion"}],"is_trial":false,"path_per_floor":["M","?","M"],"character_chosen":"IRONCLAD","items_purchased":["Metallicize"],"campfire_rested":0,"item_purchase_floors":[11],"current_hp_per_floor":[80,80,74,74,80,80,80,80,80,80,80,80,80,80,80,0],"gold":118,"neow_bonus":"THREE_CARDS","is_prod":false,"is_daily":false,"chose_seed":false,"campfire_upgraded":3,"win_rate":0,"timestamp":1549388512,"path_taken":["M","$","?","$","M","R","?","M","T","?","$","R","M","M","R","BOSS"],"build_version":"2019-01-23","purchased_purges":1,"victory":false,"max_hp_per_floor":[80,80,80,80,80,80,80,80,80,80,80,80,80,80,80,80],"card_choices":[{"not_picked":["Armaments","Clothesline","True Grit"],"picked":"SKIP","floor":1},{"not_picked":["Corruption","Rage"],"picked":"Shrug It Off","floor":3},{"not_picked":["Rage","Pommel Strike"],"picked":"Shrug It Off","floor":5},{"not_picked":["Power Through","Headbutt"],"picked":"Metallicize","floor":8},{"not_picked":["Perfected Strike","Seeing Red"],"picked":"True Grit","floor":10},{"not_picked":["Dropkick","Reckless Charge","Havoc"],"picked":"SKIP","floor":13},{"not_picked":["Cleave","Dropkick","Havoc"],"picked":"SKIP","floor":14}],"player_experience":97728,"relics_obtained":[{"floor":9,"key":"Whetstone"}],"event_choices":[{"damage_healed":0,"gold_gain":0,"player_choice":"Got Potions","damage_taken":0,"max_hp_gain":0,"max_hp_loss":0,"event_name":"Lab","floor":7,"gold_loss":0}],"is_beta":false,"boss_relics":[],"items_purged_floors":[2],"is_endless":false,"potions_floor_spawned":[3,13,14],"killed_by":"Hexaghost","ascension_level":0}