{"gold_per_floor":[16,16,36,53,73,106,123,133,158,158,188,211,231,248,248,346,346,363,363,380,305,319,346,346,446,446,446,10,35,55,80,80,180,180,196,206,225,125,142,142,177,189,201,243,255,293,305,317,329,341,353,365,154,181,181],"floor_reached":56,"playtime":3011,"items_purged":["Strike_G","Strike_G","Defend_G"],"score":1389,"play_id":"5a284820-9db0-4064-97ac-741b605e2287","local_time":"20181204004541","is_ascension_mode":true,"campfire_choices":[{"floor":10.0,"key":"REST"},{"floor":15.0,"key":"REST"},{"data":"Noxious Fumes","floor":24.0,"key":"SMITH"},{"floor":27.0,"key":"REST"},{"floor":32.0,"key":"REST"},{"floor":40,"key":"RECALL"},{"data":"Wraith Form v2","floor":42,"key":"SMITH"},{"data":"Blur","floor":49,"key":"SMITH"},{"data":"Neutralize","floor":52,"key":"SMITH"}],"neow_cost":"NO_GOLD","seed_source_timestamp":174769435628553,"circlet_count":0,"master_deck":["Defend_G","Defend_G","Survivor","Neutralize+1","Blur+1","Cloak And Dagger","PiercingWail","Wraith Form v2+1","Cloak And Dagger+1","Deadly Poison+1","Malaise+1","Deadly Poison+1","Leg Sweep+1","Leg Sweep+1","Corpse Explosion+1","Bane+1","Poisoned Stab+1","Noxious Fumes+1","Caltrops+1","Noxious Fumes+1","Blur+1","Escape Plan+1","Distraction+1","Wraith Form v2+1","After Image+1","Deadly Poison+1","Caltrops+1","Noxious Fumes+1","Backflip+1","Madness+1","Madness+1","Madness+1","Cloak And Dagger+1","Dodge and Roll+1"],"special_seed":0,"relics":["Ring of the Snake","Toxic Egg 2","Juzu Bracelet","Turnip","Odd Mushroom","Lizard Tail","Strawberry","Ice Cream","Frozen Egg 2","Mummified Hand","Oddly Smooth Stone","Bird Faced Urn","Coffee Dripper","MawBank","Bottled Lightning","Tough Bandages","Centennial Puzzle","Bottled Flame"],"potions_floor_usage":[54,55,55,55],"damage_taken":[{"damage":0.0,"enemies":"Jaw Worm","floor":1.0,"turns":5.0},{"damage":1.0,"enemies":"Cultist","floor":3.0,"turns":4.0},{"damage":0.0,"enemies":"2 Louse","floor":4.0,"turns":2.0},{"damage":2.0,"enemies":"2 Fungi Beasts","floor":5.0,"turns":5.0},{"damage":39.0,"enemies":"Gremlin Nob","floor":6.0,"turns":6.0},{"damage":9.0,"enemies":"Lots of Slimes","floor":7.0,"turns":6.0},{"damage":0.0,"enemies":"Exordium Wildlife","floor":8.0,"turns":5.0},{"damage":6.0,"enemies":"3 Sentries","floor":11.0,"turns":11.0},{"damage":11.0,"enemies":"The Mushroom Lair","floor":12.0,"turns":5.0},{"damage":8.0,"enemies":"Large Slime","floor":13.0,"turns":7.0},{"damage":2.0,"enemies":"Looter","floor":14.0,"turns":3.0},{"damage":2.0,"enemies":"The Guardian","floor":16.0,"turns":11.0},{"damage":11.0,"enemies":"2 Thieves","floor":18.0,"turns":4.0},{"damage":0.0,"enemies":"Spheric Guardian","floor":20.0,"turns":7.0},{"damage":2.0,"enemies":"Centurion and Healer","floor":22.0,"turns":5.0},{"damage":13.0,"enemies":"Slavers","floor":23.0,"turns":4.0},{"damage":4.0,"enemies":"Colosseum Slavers","floor":25.0,"turns":4.0},{"damage":35.0,"enemies":"Colosseum Nobs","floor":25.0,"turns":4.0},{"damage":4.0,"enemies":"Book of Stabbing","floor":29.0,"turns":5.0},{"damage":9.0,"enemies":"Snake Plant","floor":30.0,"turns":5.0},{"damage":4.0,"enemies":"Gremlin Leader","floor":31.0,"turns":6.0},{"damage":9.0,"enemies":"Champ","floor":33.0,"turns":11.0},{"damage":0.0,"enemies":"3 Shapes","floor":35.0,"turns":4.0},{"damage":0,"enemies":"Orb Walker","floor":36,"turns":4},{"damage":0,"enemies":"4 Shapes","floor":37,"turns":6},{"damage":0,"enemies":"Transient","floor":39,"turns":5},{"damage":35,"enemies":"Giant Head","floor":41,"turns":10},{"damage":15,"enemies":"Nemesis","floor":44,"turns":9},{"damage":5,"enemies":"Giant Head","floor":46,"turns":8},{"damage":11,"enemies":"Time Eater","floor":50,"turns":11},{"damage":20,"enemies":"Shield and Spear","floor":54,"turns":5},{"damage":115,"enemies":"The Heart","floor":55,"turns":11}],"seed_played":"6555774002379309521","potions_obtained":[{"floor":5.0,"key":"Dexterity Potion"},{"floor":6.0,"key":"Ancient Potion"},{"floor":8.0,"key":"Energy Potion"},{"floor":16.0,"key":"EssenceOfSteel"},{"floor":23.0,"key":"GhostInAJar"},{"floor":30.0,"key":"Swift Potion"},{"floor":36,"key":"PowerPotion"},{"floor":54,"key":"Strength Potion"}],"is_trial":false,"path_per_floor":["M","?","M","M","M","E","M","M","T","R","E","?","?","M","M","R","B",null,"M","?","M","?","M","E","R","?","T","R","$","E","M","E","R","B",null,"M","M","M","M","$","M","R","E","R","T","E","?","E","?","?","R","B",null,"R","$","E","B",null],"character_chosen":"THE_SILENT","items_purchased":["Mummified Hand","Noxious Fumes+1","Blur+1","Cloak And Dagger+1","Dodge and Roll+1"],"campfire_rested":4,"item_purchase_floors":[28,28,28,53,53],"current_hp_per_floor":[70,70,69,69,67,28,19,19,19,40,34,23,15,13,34,32,70,59,59,59,59,57,51,51,12,12,35,35,31,22,18,41,40,77,77,77,77,77,77,77,42,42,42,41,41,50,40,40,40,43,77,77,77,67,10],"gold":181,"neow_bonus":"REMOVE_TWO","is_prod":false,"is_daily":false,"chose_seed":false,"campfire_upgraded":4,"win_rate":0,"timestamp":1543909541,"path_taken":["M","?","M","?","M","E","M","M","T","R","E","?","M","M","R","BOSS","M","?","M","?","M","E","R","?","T","R","$","E","M","E","R","BOSS","M","M","M","$","M","R","E","R","T","E","?","E","?","?","R","BOSS","R","$","E","BOSS"],"build_version":"2018-11-15","purchased_purges":3,"victory":true,"max_hp_per_floor":[70,70,70,70,70,70,70,70,70,70,70,70,70,70,70,70,70,70,70,70,70,70,77,77,77,77,77,77,77,77,77,77,77,77,77,77,77,77,77,77,77,77,77,77,77,77,77,77,77,77,77,77,77,77,77],"card_choices":[{"not_picked":["Dagger Throw","PiercingWail"],"picked":"Blur","floor":1.0},{"not_picked":["Blade Dance","Acrobatics"],"picked":"Cloak And Dagger","floor":3.0},{"not_picked":["Slice","Endless Agony"],"picked":"PiercingWail","floor":4.0},{"not_picked":["Bouncing Flask","Acrobatics"],"picked":"Flying Knee","floor":5.0},{"not_picked":["Bane","Prepared"],"picked":"Wraith Form v2","floor":6.0},{"not_picked":["Deflect+1","Endless Agony"],"picked":"Cloak And Dagger+1","floor":7.0},{"not_picked":["Prepared+1","PiercingWail+1"],"picked":"Deadly Poison+1","floor":8.0},{"not_picked":["Deadly Poison+1","Deflect+1"],"picked":"Malaise+1","floor":11.0},{"not_picked":["Endless Agony","Terror+1"],"picked":"Deadly Poison+1","floor":12.0},{"not_picked":["Footwork","Flying Knee"],"picked":"Leg Sweep+1","floor":13.0},{"not_picked":["PiercingWail+1","Choke"],"picked":"Leg Sweep+1","floor":14.0},{"not_picked":["Night Terror+1","Tools of the Trade"],"picked":"Corpse Explosion+1","floor":16.0},{"not_picked":["Prepared+1","Leg Sweep+1"],"picked":"Bane+1","floor":18.0},{"not_picked":["Bane","Endless Agony+1","Cloak And Dagger+1"],"picked":"SKIP","floor":20.0},{"not_picked":["Dagger Throw","Sucker Punch"],"picked":"Poisoned Stab+1","floor":22.0},{"not_picked":["Riddle With Holes","Crippling Poison+1"],"picked":"Noxious Fumes","floor":23.0},{"not_picked":["Deflect+1","Skewer"],"picked":"Caltrops+1","floor":25.0},{"not_picked":["Deflect+1","Slice"],"picked":"Escape Plan+1","floor":29.0},{"not_picked":["Infinite Blades+1","PiercingWail+1"],"picked":"Distraction+1","floor":30.0},{"not_picked":["Underhanded Strike+1","Dagger Throw"],"picked":"Wraith Form v2+1","floor":31.0},{"not_picked":["Burst+1","Phantasmal Killer+1"],"picked":"After Image+1","floor":33.0},{"not_picked":["Endless Agony+1","Bouncing Flask+1"],"picked":"Deadly Poison+1","floor":35},{"not_picked":["Cloak And Dagger+1","Heel Hook+1"],"picked":"Caltrops+1","floor":36},{"not_picked":["Sucker Punch","Dagger Throw+1","Underhanded Strike"],"picked":"SKIP","floor":37},{"not_picked":["Bane","Setup+1"],"picked":"Noxious Fumes+1","floor":39},{"not_picked":["Dagger Throw+1","Dagger Spray","Phantasmal Killer+1"],"picked":"SKIP","floor":41},{"not_picked":["Sucker Punch","Skewer","Dagger Throw+1"],"picked":"SKIP","floor":44},{"not_picked":["Dagger Throw","Cloak And Dagger+1"],"picked":"Backflip+1","floor":46},{"not_picked":["Flying Knee","Deflect+1","Dagger Spray+1"],"picked":"SKIP","floor":54}],"player_experience":667780,"relics_obtained":[{"floor":6.0,"key":"Toxic Egg 2"},{"floor":9.0,"key":"Juzu Bracelet"},{"floor":11.0,"key":"Turnip"},{"floor":12.0,"key":"Odd Mushroom"},{"floor":23.0,"key":"Strawberry"},{"floor":25.0,"key":"Ice Cream"},{"floor":25.0,"key":"Frozen Egg 2"},{"floor":29.0,"key":"Oddly Smooth Stone"},{"floor":31.0,"key":"Bird Faced Urn"},{"floor":41,"key":"MawBank"},{"floor":43,"key":"Bottled Lightning"},{"floor":44,"key":"Tough Bandages"},{"floor":46,"key":"Centennial Puzzle"},{"floor":54,"key":"Bottled Flame"}],"event_choices":[{"cards_removed":["Defend_G"],"damage_healed":0.0,"max_hp_gain":0.0,"max_hp_loss":0.0,"gold_gain":0.0,"event_name":"Bonfire Elementals","player_choice":"Offered Basic","floor":2.0,"gold_loss":0.0,"damage_taken":0.0},{"damage_healed":0.0,"max_hp_gain":0.0,"max_hp_loss":0.0,"gold_gain":0.0,"event_name":"Mushrooms","player_choice":"Fought Mushrooms","floor":12.0,"gold_loss":0.0,"damage_taken":0.0},{"cards_removed":["Strike_G"],"damage_healed":0.0,"max_hp_gain":0.0,"max_hp_loss":0.0,"gold_gain":0.0,"event_name":"Purifier","player_choice":"Purged","floor":19.0,"gold_loss":0.0,"damage_taken":0.0},{"cards_removed":["Strike_G"],"damage_healed":0.0,"max_hp_gain":0.0,"max_hp_loss":0.0,"gold_gain":0.0,"event_name":"Beggar","player_choice":"Gave Gold","floor":21.0,"gold_loss":75.0,"damage_taken":0.0},{"damage_healed":0.0,"max_hp_gain":0.0,"max_hp_loss":0.0,"gold_gain":0.0,"event_name":"Colosseum","player_choice":"Fight","floor":25.0,"gold_loss":0.0,"damage_taken":0.0},{"damage_healed":0.0,"max_hp_gain":0.0,"max_hp_loss":0.0,"gold_gain":0.0,"event_name":"Colosseum","player_choice":"Fought Nobs","floor":25.0,"gold_loss":0.0,"damage_taken":0.0},{"cards_removed":["Flying Knee"],"damage_healed":0,"gold_gain":0,"player_choice":"Removed Attack","damage_taken":0,"max_hp_gain":0,"max_hp_loss":0,"event_name":"Falling","floor":45,"gold_loss":0},{"damage_healed":0,"gold_gain":0,"player_choice":"Embrace Madness","damage_taken":10,"max_hp_gain":0,"max_hp_loss":0,"event_name":"Winding Halls","floor":47,"gold_loss":0,"cards_obtained":["Madness","Madness"]},{"damage_healed":0,"gold_gain":0,"player_choice":"Copied","damage_taken":0,"max_hp_gain":0,"max_hp_loss":0,"event_name":"Duplicator","floor":48,"gold_loss":0,"cards_obtained":["Madness"]}],"is_beta":false,"boss_relics":[{"not_picked":["Tiny House","Snecko Eye"],"picked":"Lizard Tail"},{"not_picked":["Fusion Hammer","White Beast Statue"],"picked":"Coffee Dripper"}],"items_purged_floors":[28,38,53],"is_endless":false,"potions_floor_spawned":[5,6,8,13,16,23,25,30,36,37,44,54],"ascension_level":1}