{"gold_per_floor":[110,110,110,110,128,128,78,78,124,152,174,186,211,254,266,381,393,419,22,39,39,21,21,21,21,101,101,101],"floor_reached":28,"playtime":821,"items_purged":[],"score":268,"play_id":"ca8f30a8-d61c-4159-b17f-0a54f5644a97","local_time":"20190312140433","is_ascension_mode":true,"campfire_choices":[{"data":"Seeing Red","floor":6,"key":"SMITH"},{"data":"Flex","floor":8,"key":"SMITH"},{"data":"Seeing Red","floor":15,"key":"SMITH"},{"data":"Armaments","floor":23,"key":"SMITH"}],"neow_cost":"NONE","seed_source_timestamp":2310406499798623,"circlet_count":0,"master_deck":["Strike_R","Strike_R","Strike_R","Strike_R","Strike_R","Defend_R+1","Defend_R","Defend_R+1","Defend_R+1","Bash+1","Havoc+1","Seeing Red+1","Flex+1","Seeing Red+1","Armaments+1","Flex","Whirlwind","Offering","Rupture","Thunderclap","Writhe","Armaments","Shame"],"relics":["Runic Dome","War Paint","MawBank","The Courier","Question Card","Mark of Pain","PrismaticShard","Blood Vial","Ancient Tea Set","PreservedInsect","Dead Branch","Gremlin Horn"],"potions_floor_usage":[14,14,16,16,16,16],"damage_taken":[{"damage":3,"enemies":"Small Slimes","floor":1,"turns":2},{"damage":4,"enemies":"2 Louse","floor":5,"turns":2},{"damage":0,"enemies":"Cultist","floor":10,"turns":2},{"damage":4,"enemies":"2 Fungi Beasts","floor":11,"turns":3},{"damage":9,"enemies":"Large Slime","floor":13,"turns":6},{"damage":19,"enemies":"3 Sentries","floor":14,"turns":6},{"damage":27,"enemies":"Hexaghost","floor":16,"turns":8},{"damage":32,"enemies":"3 Byrds","floor":18,"turns":4},{"damage":6,"enemies":"2 Thieves","floor":20,"turns":2},{"damage":35,"enemies":"Snecko","floor":28,"turns":3}],"seed_played":"3327655637181827418","potions_obtained":[{"floor":1,"key":"Regen Potion"},{"floor":11,"key":"EntropicBrew"},{"floor":13,"key":"PowerPotion"},{"floor":20,"key":"FearPotion"}],"is_trial":false,"path_per_floor":["M","?","?","?","M","R","$","R","T","M","M","T","M","E","R","B",null,"M","$","M","?","$","R","?","$","T","?","M"],"character_chosen":"IRONCLAD","items_purchased":["Flex","PrismaticShard","Blood Vial","Ancient Tea Set","Armaments"],"campfire_rested":0,"item_purchase_floors":[7,19,19,19,22],"current_hp_per_floor":[77,65,65,49,45,45,45,45,45,45,41,41,32,28,28,1,60,28,28,24,24,24,24,24,24,24,24,0],"gold":101,"neow_bonus":"BOSS_RELIC","is_prod":false,"is_daily":false,"chose_seed":false,"campfire_upgraded":4,"win_rate":0,"timestamp":1552367073,"path_taken":["M","?","?","?","M","R","$","R","T","M","M","?","?","E","R","BOSS","M","$","M","?","$","R","?","$","T","?","M"],"build_version":"2019-01-23","purchased_purges":0,"victory":false,"max_hp_per_floor":[80,80,80,80,80,80,80,80,80,80,80,80,80,80,80,80,80,80,80,80,80,80,80,80,80,80,80,80],"card_choices":[{"not_picked":["Fire Breathing","Wild Strike"],"picked":"Havoc","floor":1},{"not_picked":["Feel No Pain","Shrug It Off"],"picked":"Seeing Red","floor":5},{"not_picked":["Heavy Blade","Thunderclap"],"picked":"Seeing Red","floor":10},{"not_picked":["Headbutt","Iron Wave"],"picked":"Armaments","floor":11},{"not_picked":["Pommel Strike","Fire Breathing"],"picked":"Flex","floor":13},{"not_picked":["Hemokinesis","Limit Break"],"picked":"Whirlwind","floor":14},{"not_picked":["Fiend Fire","Exhume","Immolate"],"picked":"Offering","floor":16},{"not_picked":["Intimidate","Heavy Blade+1","Ghostly Armor+1"],"picked":"Rupture","floor":18},{"not_picked":["Streamline+1","Deadly Poison","Clash"],"picked":"Thunderclap","floor":20}],"player_experience":327097,"relics_obtained":[{"floor":9,"key":"MawBank"},{"floor":12,"key":"The Courier"},{"floor":14,"key":"Question Card"},{"floor":26,"key":"Gremlin Horn"}],"event_choices":[{"damage_healed":0,"gold_gain":0,"player_choice":"Success","damage_taken":12,"relics_obtained":["War Paint"],"max_hp_gain":0,"max_hp_loss":0,"event_name":"Scrap Ooze","floor":2,"gold_loss":0},{"damage_healed":0,"gold_gain":0,"player_choice":"Grow","damage_taken":0,"max_hp_gain":0,"max_hp_loss":0,"event_name":"Living Wall","floor":3,"gold_loss":0,"cards_upgraded":["Havoc"]},{"damage_healed":0,"gold_gain":0,"player_choice":"Entered Light","damage_taken":16,"max_hp_gain":0,"max_hp_loss":0,"event_name":"Shining Light","floor":4,"gold_loss":0,"cards_upgraded":["Defend_R","Bash"]},{"damage_healed":0,"gold_gain":0,"player_choice":"Opened","damage_taken":0,"relics_obtained":["PreservedInsect"],"max_hp_gain":0,"max_hp_loss":0,"event_name":"The Mausoleum","floor":21,"gold_loss":0,"cards_obtained":["Writhe"]},{"damage_healed":0,"gold_gain":0,"player_choice":"Stole Relic","damage_taken":0,"relics_obtained":["Dead Branch"],"max_hp_gain":0,"max_hp_loss":0,"event_name":"Addict","floor":24,"gold_loss":0,"cards_obtained":["Shame"]},{"damage_healed":0,"gold_gain":0,"player_choice":"Bought 0 Potions","damage_taken":0,"max_hp_gain":0,"max_hp_loss":0,"event_name":"The Woman in Blue","floor":27,"gold_loss":0}],"is_beta":false,"boss_relics":[{"not_picked":["Pandora\u0027s Box","Runic Cube"],"picked":"Mark of Pain"}],"items_purged_floors":[],"is_endless":false,"potions_floor_spawned":[1,11,13,20],"killed_by":"Snecko","ascension_level":5}