{"gold_per_floor":[109,124,42,54,74,74,104,129,129,129,129,142,217,52,52,147,147,157,170,185,201,201,201,126,126,208,208,227,227],"floor_reached":29,"playtime":1921,"items_purged":["Decay"],"score":225,"play_id":"b4fec197-8818-483b-82b9-afbc1fd654f2","local_time":"20190218010749","is_ascension_mode":false,"campfire_choices":[{"data":"Catalyst","floor":6,"key":"SMITH"},{"floor":10,"key":"REST"},{"floor":15,"key":"REST"},{"floor":23,"key":"REST"},{"floor":25,"key":"REST"},{"data":"Deadly Poison","floor":27,"key":"SMITH"}],"neow_cost":"NONE","seed_source_timestamp":13130477548827,"circlet_count":0,"master_deck":["Defend_G","Defend_G","Defend_G","Defend_G","Defend_G","Strike_G","Strike_G","Strike_G","Survivor","Neutralize","Catalyst+1","Noxious Fumes","PiercingWail","Bandage Up","Noxious Fumes","Deadly Poison+1","Corpse Explosion","Well Laid Plans","Bouncing Flask"],"relics":["Orrery","Mummified Hand","Darkstone Periapt","Empty Cage","Ninja Scroll"],"potions_floor_usage":[16,16,16],"damage_taken":[{"damage":0,"enemies":"2 Louse","floor":1,"turns":3},{"damage":1,"enemies":"Jaw Worm","floor":2,"turns":5},{"damage":0,"enemies":"Small Slimes","floor":4,"turns":4},{"damage":3,"enemies":"Exordium Thugs","floor":5,"turns":6},{"damage":60,"enemies":"Gremlin Nob","floor":8,"turns":6},{"damage":0,"enemies":"Looter","floor":12,"turns":4},{"damage":35,"enemies":"The Guardian","floor":16,"turns":9},{"damage":0,"enemies":"3 Byrds","floor":18,"turns":3},{"damage":12,"enemies":"Shell Parasite","floor":19,"turns":6},{"damage":41,"enemies":"Sentry and Sphere","floor":20,"turns":6},{"damage":15,"enemies":"Cultist and Chosen","floor":21,"turns":7},{"damage":15,"enemies":"Snecko","floor":28,"turns":5},{"damage":74,"enemies":"Gremlin Leader","floor":29,"turns":4}],"seed_played":"8975772290936353818","potions_obtained":[{"floor":1,"key":"Strength Potion"},{"floor":2,"key":"Dexterity Potion"},{"floor":12,"key":"Dexterity Potion"},{"floor":20,"key":"Weak Potion"},{"floor":28,"key":"SpeedPotion"}],"is_trial":false,"path_per_floor":["M","M","$","M","M","R","?","E","T","R","?","M","?","$","R","B",null,"M","M","M","M","?","R","$","R","T","R","M","E"],"character_chosen":"THE_SILENT","items_purchased":["Bandage Up","Deadly Poison","Corpse Explosion"],"campfire_rested":4,"item_purchase_floors":[3,14,14],"current_hp_per_floor":[70,69,69,70,69,69,69,13,13,34,39,43,32,32,54,23,75,75,67,30,19,25,49,49,73,73,73,62,0],"gold":227,"neow_bonus":"BOSS_RELIC","is_prod":false,"is_daily":false,"chose_seed":false,"campfire_upgraded":2,"win_rate":0.0,"timestamp":1550480869,"path_taken":["M","M","$","M","M","R","?","E","T","R","?","M","?","$","R","BOSS","M","M","M","M","?","R","$","R","T","R","M","E"],"build_version":"2019-01-23","purchased_purges":1,"victory":false,"max_hp_per_floor":[70,70,70,70,70,70,70,70,70,70,75,75,75,75,75,75,75,75,75,75,75,81,81,81,81,81,81,81,81],"card_choices":[{"not_picked":["Quick Slash","Tactician"],"picked":"Catalyst","floor":0},{"not_picked":["Dash","Blur"],"picked":"Noxious Fumes","floor":0},{"not_picked":["Finisher","Flying Knee"],"picked":"PiercingWail","floor":0},{"not_picked":["Infinite Blades","Tactician","Crippling Poison"],"picked":"SKIP","floor":1},{"not_picked":["Cloak And Dagger","Accuracy","Skewer"],"picked":"SKIP","floor":2},{"not_picked":["Skewer","Sucker Punch","Cloak And Dagger"],"picked":"SKIP","floor":4},{"not_picked":["Blade Dance","Venomology"],"picked":"Noxious Fumes","floor":5},{"not_picked":["Deflect","Slice","Flying Knee"],"picked":"SKIP","floor":8},{"not_picked":["Outmaneuver","Crippling Poison","Cloak And Dagger"],"picked":"SKIP","floor":12},{"not_picked":["All Out Attack","Dagger Spray"],"picked":"Well Laid Plans","floor":18},{"not_picked":["Sucker Punch","Predator","Dagger Spray+1"],"picked":"SKIP","floor":19},{"not_picked":["Deflect+1","Flying Knee+1"],"picked":"Bouncing Flask","floor":20},{"not_picked":["Masterful Stab","Underhanded Strike","Deflect+1"],"picked":"SKIP","floor":21},{"not_picked":["Backstab","Dagger Spray","Poisoned Stab"],"picked":"SKIP","floor":28}],"player_experience":46523,"relics_obtained":[{"floor":8,"key":"Mummified Hand"},{"floor":9,"key":"Darkstone Periapt"},{"floor":26,"key":"Ninja Scroll"}],"event_choices":[{"damage_healed":0,"gold_gain":30,"player_choice":"Searched \u00271\u0027 times","damage_taken":0,"max_hp_gain":0,"max_hp_loss":0,"event_name":"Dead Adventurer","floor":7,"gold_loss":0},{"damage_healed":0,"gold_gain":0,"player_choice":"Donut","damage_taken":0,"max_hp_gain":5,"max_hp_loss":0,"event_name":"Big Fish","floor":11,"gold_loss":0},{"damage_healed":0,"gold_gain":75,"player_choice":"Gather Gold","damage_taken":11,"max_hp_gain":0,"max_hp_loss":0,"event_name":"World of Goop","floor":13,"gold_loss":0},{"damage_healed":0,"gold_gain":0,"player_choice":"Smashed Altar","damage_taken":0,"max_hp_gain":0,"max_hp_loss":0,"event_name":"Forgotten Altar","floor":22,"gold_loss":0,"cards_obtained":["Decay"]}],"is_beta":false,"boss_relics":[{"not_picked":["Ectoplasm","Snecko Eye"],"picked":"Empty Cage"}],"items_purged_floors":[24],"is_endless":false,"potions_floor_spawned":[1,2,12,20,28],"killed_by":"Gremlin Leader","ascension_level":0}