{"gold_per_floor":[112,123,73,90,90,117,117,146,146,157,157,157,157,173,173,275,275,293,304,64,80,99,99,109,109,132,132,163,176,91,119,119,220,220,236,146,163,62,79,105,105,119,119,119,132,132,132,143,143,143,143,143,5,33,33],"floor_reached":55,"playtime":2920,"items_purged":["Strike_G","Blade Dance"],"score":765,"play_id":"b45cc629-5e54-4bd3-a4d1-fa0a698316ce","local_time":"20181203015612","is_ascension_mode":true,"campfire_choices":[{"data":"Neutralize","floor":7.0,"key":"SMITH"},{"floor":13.0,"key":"REST"},{"floor":15.0,"key":"REST"},{"data":"Malaise","floor":23.0,"key":"SMITH"},{"data":"Glass Knife","floor":27.0,"key":"SMITH"},{"floor":32.0,"key":"REST"},{"data":"Catalyst","floor":41.0,"key":"SMITH"},{"floor":44.0,"key":"RECALL"},{"data":"Adrenaline","floor":46.0,"key":"SMITH"},{"data":"Deadly Poison","floor":49.0,"key":"SMITH"},{"data":"Calculated Gamble","floor":52.0,"key":"SMITH"}],"neow_cost":"NONE","seed_source_timestamp":93064840498260,"circlet_count":0,"master_deck":["Defend_G","Defend_G+1","Defend_G","Defend_G","Strike_G","Strike_G","Survivor","Neutralize+1","Predator+1","Acrobatics","Calculated Gamble+1","Blade Dance","All Out Attack","Glass Knife+1","Malaise+1","Footwork+1","Deadly Poison+1","Well Laid Plans","Catalyst+1","Adrenaline+1","Adrenaline+1","Crippling Poison+1","Deadly Poison+1","Expertise+1","Dodge and Roll+1","Backflip+1","Dodge and Roll+1","Blind","Envenom"],"special_seed":0,"relics":["Ring of the Snake","Snake Skull","Turnip","Ninja Scroll","Singing Bowl","Letter Opener","Velvet Choker","Meat on the Bone","Smiling Mask","Ancient Tea Set","Bronze Scales","Sozu","Question Card","Mercury Hourglass","Blue Candle"],"potions_floor_usage":[54],"damage_taken":[{"damage":0.0,"enemies":"Small Slimes","floor":1.0,"turns":3.0},{"damage":0.0,"enemies":"Cultist","floor":2.0,"turns":3.0},{"damage":0.0,"enemies":"2 Louse","floor":4.0,"turns":2.0},{"damage":32.0,"enemies":"Lagavulin","floor":6.0,"turns":7.0},{"damage":28.0,"enemies":"Gremlin Nob","floor":8.0,"turns":4.0},{"damage":0.0,"enemies":"Large Slime","floor":10.0,"turns":4.0},{"damage":4.0,"enemies":"Exordium Thugs","floor":14.0,"turns":3.0},{"damage":1.0,"enemies":"Slime Boss","floor":16.0,"turns":9.0},{"damage":9.0,"enemies":"2 Thieves","floor":18.0,"turns":4.0},{"damage":6.0,"enemies":"Shell Parasite","floor":19.0,"turns":7.0},{"damage":6.0,"enemies":"Centurion and Healer","floor":21.0,"turns":7.0},{"damage":13.0,"enemies":"Shelled Parasite and Fungi","floor":22.0,"turns":4.0},{"damage":0.0,"enemies":"Snake Plant","floor":24.0,"turns":5.0},{"damage":12.0,"enemies":"Book of Stabbing","floor":28.0,"turns":6.0},{"damage":12.0,"enemies":"Centurion and Healer","floor":29.0,"turns":6.0},{"damage":17.0,"enemies":"Gremlin Leader","floor":31.0,"turns":7.0},{"damage":57.0,"enemies":"Collector","floor":33.0,"turns":12.0},{"damage":6.0,"enemies":"3 Darklings","floor":35.0,"turns":5.0},{"damage":2.0,"enemies":"3 Shapes","floor":37.0,"turns":3.0},{"damage":3.0,"enemies":"Transient","floor":39.0,"turns":5.0},{"damage":17.0,"enemies":"Reptomancer","floor":40.0,"turns":6.0},{"damage":0.0,"enemies":"Sphere and 2 Shapes","floor":42.0,"turns":4.0},{"damage":12.0,"enemies":"Spire Growth","floor":45.0,"turns":4.0},{"damage":8.0,"enemies":"Maw","floor":48.0,"turns":8.0},{"damage":30.0,"enemies":"Donu and Deca","floor":50.0,"turns":13.0},{"damage":23,"enemies":"Shield and Spear","floor":54,"turns":7},{"damage":66,"enemies":"The Heart","floor":55,"turns":8}],"seed_played":"4785835472649238270","potions_obtained":[{"floor":4.0,"key":"Regen Potion"},{"floor":8.0,"key":"Energy Potion"},{"floor":10.0,"key":"Fire Potion"},{"floor":16.0,"key":"Weak Potion"},{"floor":19.0,"key":"Explosive Potion"},{"floor":22.0,"key":"SpeedPotion"},{"floor":28.0,"key":"GhostInAJar"},{"floor":33.0,"key":"Ancient Potion"}],"is_trial":false,"path_per_floor":["M","M","?","M","?","E","R","E","T","M","?","?","R","M","R","B",null,"M","M","$","M","M","R","M","?","T","R","E","M","?","E","R","B",null,"M","M","?","M","$","M","E","R","M","T","R","M","R","?","M","R","B",null,"R","$","E","B"],"character_chosen":"THE_SILENT","items_purchased":["Meat on the Bone","Deadly Poison","Blind"],"campfire_rested":3,"item_purchase_floors":[20,38,53],"current_hp_per_floor":[70,70,70,70,70,38,38,15,15,15,3,3,24,20,41,40,70,61,55,55,49,38,38,40,40,40,40,42,42,42,37,59,14,76,72,72,70,70,67,50,50,52,52,52,52,52,52,44,44,26,80,80,80,57,0],"gold":33,"neow_bonus":"TRANSFORM_CARD","is_prod":false,"is_daily":false,"chose_seed":false,"campfire_upgraded":7,"win_rate":0,"timestamp":1543827372,"path_taken":["M","M","?","M","?","E","R","E","T","?","?","?","R","?","R","BOSS","M","M","$","M","M","R","M","?","T","R","E","M","?","E","R","BOSS","M","?","M","$","M","E","R","?","T","R","M","R","?","M","R","BOSS","R","$","E","BOSS"],"build_version":"2018-11-15","purchased_purges":2,"victory":false,"max_hp_per_floor":[70,70,70,70,70,70,70,70,70,70,70,70,70,70,70,70,70,70,70,70,70,72,72,74,74,74,74,76,76,76,76,76,76,76,78,78,78,78,78,78,78,80,80,80,80,80,80,80,80,80,80,80,80,80,80],"card_choices":[{"not_picked":["Deflect","Outmaneuver","Eviscerate"],"picked":"SKIP","floor":1.0},{"not_picked":["Bane","Reflex"],"picked":"Acrobatics","floor":2.0},{"not_picked":["Concentrate","Bane"],"picked":"Calculated Gamble","floor":4.0},{"not_picked":["Calculated Gamble","Slice"],"picked":"Blade Dance","floor":6.0},{"not_picked":["Outmaneuver","Acrobatics"],"picked":"All Out Attack","floor":8.0},{"not_picked":["Sucker Punch","Dagger Throw"],"picked":"Blade Dance","floor":10.0},{"not_picked":["Prepared","Dagger Spray"],"picked":"Glass Knife","floor":14.0},{"not_picked":["Storm of Steel","Die Die Die"],"picked":"Malaise","floor":16.0},{"not_picked":["PiercingWail","Sucker Punch+1"],"picked":"Footwork+1","floor":18.0},{"not_picked":["PiercingWail","Bane+1"],"picked":"Deadly Poison+1","floor":19.0},{"not_picked":["Deadly Poison","All Out Attack+1"],"picked":"Well Laid Plans","floor":21.0},{"not_picked":["Slice","Sucker Punch","Caltrops+1"],"picked":"Singing Bowl","floor":22.0},{"not_picked":["Outmaneuver","Tactician","Dagger Throw"],"picked":"Singing Bowl","floor":24.0},{"not_picked":["Underhanded Strike","Quick Slash","Reflex"],"picked":"Singing Bowl","floor":28.0},{"not_picked":["Blur","Cloak And Dagger+1"],"picked":"Catalyst","floor":29.0},{"not_picked":["Heel Hook","Deadly Poison"],"picked":"Adrenaline","floor":31.0},{"not_picked":["Doppelganger","Storm of Steel"],"picked":"Adrenaline","floor":33.0},{"not_picked":["Setup+1","Acrobatics","PiercingWail+1"],"picked":"Singing Bowl","floor":35.0},{"not_picked":["Dagger Spray+1","Backstab"],"picked":"Crippling Poison+1","floor":37.0},{"not_picked":["Flying Knee+1","Flechettes+1"],"picked":"Expertise+1","floor":39.0},{"not_picked":["Dagger Throw","All Out Attack"],"picked":"Dodge and Roll+1","floor":40.0},{"not_picked":["Flechettes","Heel Hook+1","Backflip","All Out Attack"],"picked":"Singing Bowl","floor":42.0},{"not_picked":["Dodge and Roll+1","Flechettes","Heel Hook"],"picked":"Backflip+1","floor":45.0},{"not_picked":["Skewer+1","Dash","Cloak And Dagger+1"],"picked":"Dodge and Roll+1","floor":48.0},{"not_picked":["Masterful Stab+1","Underhanded Strike+1","Heel Hook"],"picked":"Envenom","floor":54}],"player_experience":662592,"relics_obtained":[{"floor":6.0,"key":"Snake Skull"},{"floor":8.0,"key":"Turnip"},{"floor":9.0,"key":"Ninja Scroll"},{"floor":28.0,"key":"Smiling Mask"},{"floor":31.0,"key":"Bronze Scales"},{"floor":40.0,"key":"Question Card"},{"floor":43.0,"key":"Mercury Hourglass"},{"floor":54,"key":"Blue Candle"}],"event_choices":[{"cards_removed":["Strike_G"],"damage_healed":0.0,"max_hp_gain":0.0,"max_hp_loss":0.0,"gold_gain":0.0,"event_name":"The Cleric","player_choice":"Card Removal","floor":3.0,"gold_loss":50.0,"damage_taken":0.0},{"damage_healed":0.0,"max_hp_gain":0.0,"max_hp_loss":0.0,"gold_gain":0.0,"event_name":"Upgrade Shrine","player_choice":"Upgraded","floor":5.0,"gold_loss":0.0,"damage_taken":0.0,"cards_upgraded":["Predator"]},{"damage_healed":0.0,"max_hp_gain":0.0,"max_hp_loss":0.0,"gold_gain":0.0,"event_name":"Scrap Ooze","player_choice":"Success","floor":11.0,"gold_loss":0.0,"damage_taken":12.0,"relics_obtained":["Singing Bowl"]},{"damage_healed":0.0,"max_hp_gain":0.0,"max_hp_loss":0.0,"gold_gain":0.0,"event_name":"WeMeetAgain","player_choice":"Gave Potion","floor":12.0,"gold_loss":0.0,"damage_taken":0.0,"relics_obtained":["Letter Opener"]},{"damage_healed":0.0,"max_hp_gain":0.0,"max_hp_loss":0.0,"gold_gain":0.0,"event_name":"Ghosts","player_choice":"Ignored","floor":25.0,"gold_loss":0.0,"damage_taken":0.0},{"damage_healed":0.0,"max_hp_gain":0.0,"max_hp_loss":0.0,"gold_gain":0.0,"event_name":"Addict","player_choice":"Obtained Relic","floor":30.0,"gold_loss":85.0,"damage_taken":0.0,"relics_obtained":["Ancient Tea Set"]},{"cards_removed":["Strike_G"],"damage_healed":0.0,"max_hp_gain":0.0,"max_hp_loss":0.0,"gold_gain":0.0,"event_name":"Designer","player_choice":"Upgrade and Remove","floor":36.0,"gold_loss":90.0,"damage_taken":0.0,"cards_upgraded":["Defend_G"]},{"damage_healed":0.0,"max_hp_gain":0.0,"max_hp_loss":0.0,"gold_gain":0.0,"event_name":"Upgrade Shrine","player_choice":"Upgraded","floor":47.0,"gold_loss":0.0,"damage_taken":0.0,"cards_upgraded":["Adrenaline"]}],"is_beta":false,"boss_relics":[{"not_picked":["Tiny House","Pandora\u0027s Box"],"picked":"Velvet Choker"},{"not_picked":["HoveringKite","Cursed Key"],"picked":"Sozu"}],"items_purged_floors":[38,53],"is_endless":false,"potions_floor_spawned":[4,8,10,16,19,22,28,33,40,45,54],"killed_by":"The Heart","ascension_level":1}