{"gold_per_floor":[112,35,48,48,64,94,94,169,194,205,236,27,27,62,62,165,165,183,282,282,207,224,224],"floor_reached":23,"playtime":856,"items_purged":["Defend_R"],"score":290,"play_id":"5caf9ea1-c07d-4470-b71d-29a71bdd3976","local_time":"20190315211819","is_ascension_mode":true,"campfire_choices":[{"data":"Perfected Strike","floor":7.0,"key":"SMITH"},{"floor":15.0,"key":"REST"}],"neow_cost":"NONE","seed_source_timestamp":18495135670963,"circlet_count":0,"master_deck":["Strike_R","Strike_R","Strike_R","Strike_R","Strike_R+1","Defend_R","Defend_R","Defend_R+1","Bash","Body Slam","Evolve","Perfected Strike+1","Warcry","Metallicize","Wild Strike","Demon Form","Shrug It Off","Offering","Dual Wield","Havoc+1"],"special_seed":0,"relics":["Burning Blood","NeowsBlessing","Happy Flower","Orichalcum","Question Card","MealTicket","Regal Pillow","Matryoshka","Black Star","MutagenicStrength"],"potions_floor_usage":[23],"damage_taken":[{"damage":0.0,"enemies":"Jaw Worm","floor":1.0,"turns":1.0},{"damage":0.0,"enemies":"2 Louse","floor":3.0,"turns":1.0},{"damage":0.0,"enemies":"Small Slimes","floor":5.0,"turns":1.0},{"damage":32.0,"enemies":"3 Sentries","floor":6.0,"turns":8.0},{"damage":4.0,"enemies":"Blue Slaver","floor":10.0,"turns":3.0},{"damage":7.0,"enemies":"Gremlin Nob","floor":11.0,"turns":3.0},{"damage":16.0,"enemies":"3 Sentries","floor":14.0,"turns":6.0},{"damage":30.0,"enemies":"Hexaghost","floor":16.0,"turns":7.0},{"damage":24,"enemies":"Spheric Guardian","floor":18,"turns":4},{"damage":32,"enemies":"3 Byrds","floor":22,"turns":7},{"damage":41,"enemies":"Gremlin Leader","floor":23,"turns":4}],"seed_played":"4835124764024344252","potions_obtained":[{"floor":3.0,"key":"Explosive Potion"},{"floor":5.0,"key":"FearPotion"},{"floor":6.0,"key":"Dexterity Potion"},{"floor":18,"key":"EssenceOfSteel"}],"is_trial":false,"path_per_floor":["M","$","M","?","M","E","R","?","T","M","E","$","?","E","R","B",null,"M","?","?","$","M","E"],"character_chosen":"IRONCLAD","items_purchased":["Evolve","MealTicket"],"campfire_rested":1,"item_purchase_floors":[2,12],"current_hp_per_floor":[78,78,80,64,70,44,44,33,33,35,34,34,31,21,60,36,69,51,51,51,66,40,0],"gold":224,"neow_bonus":"THREE_ENEMY_KILL","is_prod":false,"is_daily":false,"chose_seed":false,"campfire_upgraded":1,"win_rate":0,"timestamp":1552652299,"path_taken":["M","$","M","?","M","E","R","?","T","M","E","$","?","E","R","BOSS","M","?","?","$","M","E"],"build_version":"2019-01-23","purchased_purges":1,"victory":false,"max_hp_per_floor":[80,80,80,80,80,80,80,80,80,80,80,80,80,80,80,80,80,80,80,80,80,80,80],"card_choices":[{"not_picked":["Havoc","Rage"],"picked":"Body Slam","floor":1.0},{"not_picked":["True Grit","Carnage"],"picked":"Perfected Strike","floor":3.0},{"not_picked":["Heavy Blade","Iron Wave"],"picked":"Warcry","floor":5.0},{"not_picked":["Sword Boomerang","Havoc"],"picked":"Metallicize","floor":6.0},{"not_picked":["Body Slam","Shockwave"],"picked":"Wild Strike","floor":10.0},{"not_picked":["Clothesline","Headbutt"],"picked":"Demon Form","floor":11.0},{"not_picked":["Twin Strike","Exhume","Warcry"],"picked":"Shrug It Off","floor":14.0},{"not_picked":["Exhume","Berserk","Brutality"],"picked":"Offering","floor":16.0},{"not_picked":["Clash+1","Cleave","Headbutt"],"picked":"Dual Wield","floor":18},{"not_picked":["True Grit","Sword Boomerang","Dropkick"],"picked":"Havoc+1","floor":22}],"player_experience":380991,"relics_obtained":[{"floor":6.0,"key":"Happy Flower"},{"floor":9.0,"key":"Orichalcum"},{"floor":11.0,"key":"Question Card"},{"floor":14.0,"key":"Matryoshka"}],"event_choices":[{"damage_healed":0.0,"max_hp_gain":0.0,"max_hp_loss":0.0,"gold_gain":0.0,"event_name":"Shining Light","player_choice":"Entered Light","floor":4.0,"gold_loss":0.0,"damage_taken":16.0,"cards_upgraded":["Defend_R","Strike_R"]},{"damage_healed":0.0,"max_hp_gain":0.0,"max_hp_loss":0.0,"gold_gain":75.0,"event_name":"World of Goop","player_choice":"Gather Gold","floor":8.0,"gold_loss":0.0,"damage_taken":11.0},{"damage_healed":0.0,"max_hp_gain":0.0,"max_hp_loss":0.0,"gold_gain":0.0,"event_name":"Scrap Ooze","player_choice":"Success","floor":13.0,"gold_loss":0.0,"damage_taken":3.0,"relics_obtained":["Regal Pillow"]},{"damage_healed":0,"gold_gain":99,"player_choice":"Stole From Cult","damage_taken":0,"max_hp_gain":0,"max_hp_loss":0,"event_name":"Nest","floor":19,"gold_loss":0},{"damage_healed":0,"gold_gain":0,"player_choice":"Inject Mutagens","damage_taken":0,"relics_obtained":["MutagenicStrength"],"max_hp_gain":0,"max_hp_loss":0,"event_name":"Drug Dealer","floor":20,"gold_loss":0}],"is_beta":false,"boss_relics":[{"not_picked":["Runic Cube","Calling Bell"],"picked":"Black Star"}],"items_purged_floors":[21],"is_endless":false,"potions_floor_spawned":[3,5,6,18],"killed_by":"Gremlin Leader","ascension_level":8}