{"gold_per_floor":[118,130,130,149,169,196,196,222,245,245,269,280,58,75,75,174,174,194,208,55,55,75,108,127,155,155,168,185,132,143,172,172,268,268,288,288,301,314,58,90,90,121,121,134,134,165,18,31,31,31],"floor_reached":51,"playtime":2444,"items_purged":["Strike_R"],"score":1217,"play_id":"046367c8-ab83-48a5-a56b-6ca49d7b3b56","local_time":"20181112235117","is_ascension_mode":true,"campfire_choices":[{"floor":10.0,"key":"REST"},{"floor":15.0,"key":"REST"},{"floor":32,"key":"REST"},{"data":"Evolve","floor":41,"key":"SMITH"},{"data":"Metallicize","floor":45,"key":"SMITH"},{"data":"Limit Break","floor":49,"key":"SMITH"}],"neow_cost":"NONE","seed_source_timestamp":127580122503260,"circlet_count":0,"master_deck":["AscendersBane","Strike_R","Strike_R","Strike_R","Strike_R","Defend_R","Defend_R","Defend_R","Defend_R","Bash","Rampage","Wild Strike","Evolve+1","Wild Strike","Inflame","Battle Trance","Uppercut","Reaper","Thunderclap+1","Twin Strike","Metallicize+1","Shrug It Off","Impervious","Wild Strike","Reaper","Flex+1","Reckless Charge","Armaments+1","Limit Break+1"],"special_seed":0,"relics":["Burning Blood","Art of War","Happy Flower","Centennial Puzzle","Bag of Preparation","PreservedInsect","Busted Crown","Lantern","FaceOfCleric","Vajra","Potion Belt","Bottled Lightning","Orichalcum","Mark of Pain","Shuriken","Bag of Marbles","Blue Candle","Girya","Frozen Egg 2"],"potions_floor_usage":[31,33,33,33,33,50,50,50,50,50],"damage_taken":[{"damage":7.0,"enemies":"Jaw Worm","floor":1.0,"turns":6.0},{"damage":11.0,"enemies":"Cultist","floor":2.0,"turns":4.0},{"damage":15.0,"enemies":"Small Slimes","floor":4.0,"turns":3.0},{"damage":29.0,"enemies":"Exordium Thugs","floor":5.0,"turns":6.0},{"damage":40.0,"enemies":"Gremlin Nob","floor":6.0,"turns":5.0},{"damage":20.0,"enemies":"3 Sentries","floor":8.0,"turns":8.0},{"damage":15.0,"enemies":"Exordium Wildlife","floor":12.0,"turns":5.0},{"damage":10.0,"enemies":"Lots of Slimes","floor":14.0,"turns":4.0},{"damage":38.0,"enemies":"The Guardian","floor":16.0,"turns":10.0},{"damage":4.0,"enemies":"Chosen","floor":18.0,"turns":4.0},{"damage":11.0,"enemies":"Spheric Guardian","floor":19.0,"turns":3.0},{"damage":14.0,"enemies":"Centurion and Healer","floor":22.0,"turns":5.0},{"damage":18.0,"enemies":"Gremlin Leader","floor":23.0,"turns":4.0},{"damage":44.0,"enemies":"Shelled Parasite and Fungi","floor":24.0,"turns":5.0},{"damage":22,"enemies":"Slavers","floor":25,"turns":4},{"damage":10,"enemies":"Snecko","floor":27,"turns":3},{"damage":4,"enemies":"Cultist and Chosen","floor":28,"turns":4},{"damage":21,"enemies":"Centurion and Healer","floor":30,"turns":4},{"damage":21,"enemies":"Book of Stabbing","floor":31,"turns":3},{"damage":70,"enemies":"Collector","floor":33,"turns":11},{"damage":23,"enemies":"Orb Walker","floor":35,"turns":4},{"damage":3,"enemies":"3 Shapes","floor":37,"turns":4},{"damage":24,"enemies":"Jaw Worm Horde","floor":38,"turns":4},{"damage":30,"enemies":"Nemesis","floor":40,"turns":7},{"damage":47,"enemies":"Reptomancer","floor":42,"turns":6},{"damage":0,"enemies":"3 Darklings","floor":44,"turns":3},{"damage":4,"enemies":"Giant Head","floor":46,"turns":4},{"damage":23,"enemies":"Spire Growth","floor":48,"turns":4},{"damage":64,"enemies":"Time Eater","floor":50,"turns":9}],"seed_played":"7342287930159863919","potions_obtained":[{"floor":1.0,"key":"SpeedPotion"},{"floor":4.0,"key":"SteroidPotion"},{"floor":5.0,"key":"Energy Potion"},{"floor":12.0,"key":"Swift Potion"},{"floor":14.0,"key":"Fire Potion"},{"floor":25,"key":"Regen Potion"},{"floor":27,"key":"Fire Potion"},{"floor":30,"key":"Strength Potion"},{"floor":31,"key":"SpeedPotion"},{"floor":33,"key":"PowerPotion"},{"floor":37,"key":"Dexterity Potion"},{"floor":38,"key":"Poison Potion"},{"floor":40,"key":"Block Potion"},{"floor":46,"key":"GamblersBrew"},{"floor":48,"key":"Block Potion"}],"is_trial":false,"path_per_floor":["M","M","?","M","M","E","?","E","T","R","T","M","$","M","R","B",null,"M","M","M","$","?","M","E","M","E","T","M","M","$","M","E","R","B",null,"M","?","M","M","$","E","R","E","T","M","R","E","$","M","R","B",null],"character_chosen":"IRONCLAD","items_purchased":["PreservedInsect","Lantern","Shrug It Off","Shuriken","Limit Break"],"campfire_rested":3,"item_purchase_floors":[13,20,29,39,47],"current_hp_per_floor":[79,74,88,79,56,22,22,8,8,34,34,25,25,21,47,15,70,81,76,76,76,79,78,51,36,36,43,46,46,46,32,60,26,79,70,70,89,99,99,94,94,68,68,85,85,88,88,89,89,51],"gold":31,"neow_bonus":"TEN_PERCENT_HP_BONUS","is_prod":false,"is_daily":false,"chose_seed":false,"campfire_upgraded":3,"win_rate":0,"timestamp":1542091877,"path_taken":["M","M","?","?","M","E","?","E","T","R","?","M","$","M","R","BOSS","M","M","$","?","M","E","M","E","T","M","M","?","M","E","R","BOSS","M","?","?","?","$","E","R","E","T","M","R","E","$","M","R","BOSS"],"build_version":"2018-11-08","purchased_purges":1,"victory":true,"max_hp_per_floor":[88,88,88,88,88,88,88,88,88,88,88,88,88,88,88,88,88,88,88,88,88,89,90,91,92,92,93,94,94,95,96,96,97,97,98,98,99,100,100,101,101,102,102,103,103,104,104,105,105,106],"card_choices":[{"not_picked":["Wild Strike","Inflame"],"picked":"Rampage","floor":1.0},{"not_picked":["Combust","Fire Breathing"],"picked":"Wild Strike","floor":2.0},{"not_picked":["Blood for Blood","Clash"],"picked":"Evolve","floor":4.0},{"not_picked":["Uppercut","Clothesline"],"picked":"Wild Strike","floor":5.0},{"not_picked":["Pommel Strike","Carnage"],"picked":"Inflame","floor":6.0},{"not_picked":["Exhume","Cleave"],"picked":"Battle Trance","floor":8.0},{"not_picked":["Seeing Red","Wild Strike"],"picked":"Uppercut","floor":12.0},{"not_picked":["Heavy Blade","Clothesline","Perfected Strike"],"picked":"SKIP","floor":14.0},{"not_picked":["Immolate","Impervious"],"picked":"Reaper","floor":16.0},{"not_picked":[],"picked":"Thunderclap+1","floor":18.0},{"not_picked":["Searing Blow"],"picked":"SKIP","floor":19.0},{"not_picked":["Body Slam+1"],"picked":"SKIP","floor":22.0},{"not_picked":["Twin Strike"],"picked":"SKIP","floor":23.0},{"not_picked":[],"picked":"Twin Strike","floor":23.0},{"not_picked":["Blood for Blood"],"picked":"SKIP","floor":24.0},{"not_picked":[],"picked":"Metallicize","floor":25},{"not_picked":["Flex"],"picked":"SKIP","floor":27},{"not_picked":["Feel No Pain"],"picked":"SKIP","floor":28},{"not_picked":["Anger+1"],"picked":"SKIP","floor":30},{"not_picked":[],"picked":"Impervious","floor":31},{"not_picked":[],"picked":"Wild Strike","floor":35},{"not_picked":["Body Slam+1"],"picked":"SKIP","floor":37},{"not_picked":["Second Wind"],"picked":"SKIP","floor":38},{"not_picked":[],"picked":"Flex+1","floor":40},{"not_picked":[],"picked":"Reckless Charge","floor":42},{"not_picked":[],"picked":"Armaments+1","floor":44},{"not_picked":["Corruption+1"],"picked":"SKIP","floor":46},{"not_picked":["Iron Wave"],"picked":"SKIP","floor":48}],"player_experience":598713,"relics_obtained":[{"floor":6.0,"key":"Art of War"},{"floor":8.0,"key":"Happy Flower"},{"floor":9.0,"key":"Centennial Puzzle"},{"floor":11.0,"key":"Bag of Preparation"},{"floor":23.0,"key":"Vajra"},{"floor":25,"key":"Potion Belt"},{"floor":26,"key":"Bottled Lightning"},{"floor":31,"key":"Orichalcum"},{"floor":40,"key":"Bag of Marbles"},{"floor":42,"key":"Blue Candle"},{"floor":43,"key":"Girya"},{"floor":46,"key":"Frozen Egg 2"}],"event_choices":[{"damage_healed":14.0,"max_hp_gain":0.0,"max_hp_loss":0.0,"gold_gain":0.0,"event_name":"Wheel of Change","player_choice":"Full Heal","floor":3.0,"gold_loss":0.0,"damage_taken":0.0},{"damage_healed":0.0,"max_hp_gain":0.0,"max_hp_loss":0.0,"gold_gain":0.0,"event_name":"Dead Adventurer","player_choice":"Searched \u00270\u0027 times","floor":7.0,"gold_loss":0.0,"damage_taken":0.0},{"damage_healed":0.0,"max_hp_gain":0.0,"max_hp_loss":0.0,"gold_gain":0.0,"event_name":"FaceTrader","player_choice":"Trade","floor":21.0,"gold_loss":0.0,"damage_taken":0.0,"relics_obtained":["FaceOfCleric"]},{"damage_healed":0,"gold_gain":0,"player_choice":"Copied","damage_taken":0,"max_hp_gain":0,"max_hp_loss":0,"event_name":"Duplicator","floor":36,"gold_loss":0,"cards_obtained":["Reaper"]}],"is_beta":false,"boss_relics":[{"not_picked":["Runic Pyramid","Calling Bell"],"picked":"Busted Crown"},{"not_picked":["Coffee Dripper","Fusion Hammer"],"picked":"Mark of Pain"}],"items_purged_floors":[13],"is_endless":false,"potions_floor_spawned":[1,4,5,12,14,25,27,30,31,33,37,38,40,46,48],"ascension_level":10}