{"gold_per_floor":[110,110,131,155,118,118,143,143,143,164,164,184,205,170,170,170],"floor_reached":16,"playtime":541,"items_purged":[],"score":94,"play_id":"1ff6afdf-d86f-4163-84a2-5927dae087b4","local_time":"20190320183916","is_ascension_mode":false,"campfire_choices":[{"data":"Neutralize","floor":6,"key":"SMITH"},{"data":"Prepared","floor":8,"key":"SMITH"},{"floor":15,"key":"REST"}],"neow_cost":"NONE","seed_source_timestamp":497600928826285,"circlet_count":0,"master_deck":["Defend_G","Defend_G","Defend_G","Defend_G","Defend_G","Strike_G","Strike_G","Strike_G","Strike_G","Survivor","Neutralize+1","Prepared+1","Escape Plan","Dagger Spray","Envenom","Dagger Throw","Blade Dance"],"relics":["Ring of the Snake","Juzu Bracelet","Golden Idol","Darkstone Periapt"],"potions_floor_usage":[16],"damage_taken":[{"damage":0,"enemies":"2 Louse","floor":1,"turns":3},{"damage":0,"enemies":"Small Slimes","floor":3,"turns":3},{"damage":13,"enemies":"Jaw Worm","floor":4,"turns":7},{"damage":0,"enemies":"2 Fungi Beasts","floor":7,"turns":5},{"damage":0,"enemies":"Large Slime","floor":10,"turns":5},{"damage":12,"enemies":"Blue Slaver","floor":12,"turns":4},{"damage":7,"enemies":"2 Fungi Beasts","floor":13,"turns":3},{"damage":34,"enemies":"Slime Boss","floor":16,"turns":6}],"seed_played":"-2455586437117819422","potions_obtained":[{"floor":4,"key":"Explosive Potion"},{"floor":10,"key":"Ancient Potion"},{"floor":12,"key":"FearPotion"}],"is_trial":false,"path_per_floor":["?","?","?","?"],"character_chosen":"THE_SILENT","items_purchased":[],"campfire_rested":1,"item_purchase_floors":[],"current_hp_per_floor":[70,65,65,52,52,52,52,52,52,52,52,40,33,49,65,31],"gold":170,"neow_bonus":"RANDOM_COMMON_RELIC","is_prod":false,"is_daily":false,"chose_seed":false,"campfire_upgraded":2,"win_rate":0,"timestamp":1553103556,"path_taken":["M","?","M","M","?","R","M","R","T","M","?","M","M","?","R","BOSS"],"build_version":"2019-01-23","purchased_purges":0,"victory":false,"max_hp_per_floor":[70,65,65,65,65,65,65,65,65,65,65,65,65,65,65,65],"card_choices":[{"not_picked":["PiercingWail","Slice"],"picked":"Prepared","floor":1},{"not_picked":["Flechettes","Crippling Poison","Choke"],"picked":"SKIP","floor":3},{"not_picked":["Sucker Punch","Blade Dance"],"picked":"Escape Plan","floor":4},{"not_picked":["PiercingWail","Outmaneuver"],"picked":"Dagger Spray","floor":7},{"not_picked":["PiercingWail","Poisoned Stab"],"picked":"Envenom","floor":10},{"not_picked":["Flechettes","Cloak And Dagger"],"picked":"Dagger Throw","floor":12},{"not_picked":["PiercingWail","Predator"],"picked":"Blade Dance","floor":13}],"player_experience":438365,"relics_obtained":[{"floor":9,"key":"Darkstone Periapt"}],"event_choices":[{"damage_healed":0,"gold_gain":0,"player_choice":"Lose Max HP","damage_taken":0,"relics_obtained":["Golden Idol"],"max_hp_gain":0,"max_hp_loss":5,"event_name":"Golden Idol","floor":2,"gold_loss":0},{"damage_healed":0,"gold_gain":0,"player_choice":"Left Gold","damage_taken":0,"max_hp_gain":0,"max_hp_loss":0,"event_name":"World of Goop","floor":5,"gold_loss":37},{"cards_removed":["Strike_G"],"damage_healed":0,"gold_gain":0,"player_choice":"Forget","damage_taken":0,"max_hp_gain":0,"max_hp_loss":0,"event_name":"Living Wall","floor":11,"gold_loss":0},{"damage_healed":16,"gold_gain":0,"player_choice":"Healed","damage_taken":0,"max_hp_gain":0,"max_hp_loss":0,"event_name":"The Cleric","floor":14,"gold_loss":35}],"is_beta":false,"boss_relics":[],"items_purged_floors":[],"is_endless":false,"potions_floor_spawned":[4,10,12],"killed_by":"Slime Boss","ascension_level":0}