{"gold_per_floor":[110,126,126,146,158,158,158,14,63,76,107,122,157,176,176,278,278,290,303,316,9,28,28,55,66,90,102,47,47,47,47,47,148,148,163,178,178,178,189,189],"floor_reached":40,"playtime":1719,"items_purged":["Strike_R"],"score":701,"play_id":"2db88440-0535-484c-a4a9-f539391300c1","local_time":"20181118235426","is_ascension_mode":true,"campfire_choices":[{"data":"Feed","floor":6.0,"key":"SMITH"},{"data":"Flex","floor":15.0,"key":"SMITH"},{"data":"Whirlwind","floor":23.0,"key":"SMITH"},{"data":"Panacea","floor":27,"key":"SMITH"},{"data":"Armaments","floor":29,"key":"SMITH"},{"data":"Disarm","floor":32,"key":"SMITH"}],"neow_cost":"NONE","seed_source_timestamp":646804786994848,"circlet_count":0,"master_deck":["AscendersBane","Strike_R","Strike_R","Defend_R","Defend_R","Defend_R","Defend_R","Bash","Feed+1","Flex+1","Twin Strike","Dual Wield","Panacea+1","Armaments+1","Thunderclap","Headbutt","True Grit","Metallicize","Demon Form","Sword Boomerang+1","Clothesline+1","Whirlwind+1","Panache","Sword Boomerang+1","Berserk","Disarm+1","Impervious","Sword Boomerang","Writhe","Whirlwind+1"],"special_seed":0,"relics":["Burning Blood","PreservedInsect","Smiling Mask","Charon\u0027s Ashes","Coffee Dripper","Bag of Marbles","MawBank","Sozu"],"potions_floor_usage":[25,25,33],"damage_taken":[{"damage":0.0,"enemies":"Jaw Worm","floor":1.0,"turns":3.0},{"damage":1.0,"enemies":"Cultist","floor":2.0,"turns":3.0},{"damage":12.0,"enemies":"Small Slimes","floor":4.0,"turns":4.0},{"damage":11.0,"enemies":"Blue Slaver","floor":5.0,"turns":3.0},{"damage":10.0,"enemies":"Exordium Wildlife","floor":10.0,"turns":4.0},{"damage":25.0,"enemies":"3 Sentries","floor":11.0,"turns":6.0},{"damage":9.0,"enemies":"3 Louse","floor":12.0,"turns":3.0},{"damage":35.0,"enemies":"Lagavulin","floor":13.0,"turns":5.0},{"damage":7.0,"enemies":"Looter","floor":14.0,"turns":3.0},{"damage":17.0,"enemies":"The Guardian","floor":16.0,"turns":16.0},{"damage":18.0,"enemies":"2 Thieves","floor":18.0,"turns":3.0},{"damage":8.0,"enemies":"Spheric Guardian","floor":19.0,"turns":3.0},{"damage":13.0,"enemies":"Chosen and Byrds","floor":20.0,"turns":3.0},{"damage":18.0,"enemies":"Centurion and Healer","floor":22.0,"turns":8.0},{"damage":60.0,"enemies":"Book of Stabbing","floor":24.0,"turns":6.0},{"damage":0,"enemies":"3 Cultists","floor":25,"turns":2},{"damage":30,"enemies":"Automaton","floor":33,"turns":6},{"damage":20,"enemies":"Orb Walker","floor":35,"turns":4},{"damage":45,"enemies":"3 Darklings","floor":36,"turns":6},{"damage":43,"enemies":"Maw","floor":39,"turns":8},{"damage":42,"enemies":"Transient","floor":40,"turns":2}],"seed_played":"-6855881599596151626","potions_obtained":[{"floor":1.0,"key":"BloodPotion"},{"floor":10.0,"key":"SkillPotion"},{"floor":13.0,"key":"Poison Potion"},{"floor":19.0,"key":"Poison Potion"},{"floor":24.0,"key":"Explosive Potion"},{"floor":25,"key":"Explosive Potion"},{"floor":33,"key":"Dexterity Potion"}],"is_trial":false,"path_per_floor":["M","M","?","M","M","R","?","$","T","M","E","M","E","M","M","R","B",null,"M","M","M","$","M","R","E","M","T","R","$","R","?","?","R","B",null,"M","M","?","?","M","M"],"character_chosen":"IRONCLAD","items_purchased":["Panacea","Armaments","Whirlwind","Panache","Disarm"],"campfire_rested":0,"item_purchase_floors":[8,8,21,21,28],"current_hp_per_floor":[81,86,86,83,81,81,81,81,81,81,66,67,42,41,41,30,89,81,79,76,76,68,68,14,32,32,32,32,32,32,32,32,8,92,78,39,69,69,36,0],"gold":189,"neow_bonus":"ONE_RANDOM_RARE_CARD","is_prod":false,"is_daily":false,"chose_seed":false,"campfire_upgraded":6,"win_rate":0,"timestamp":1542610466,"path_taken":["M","M","?","M","M","R","?","$","T","M","E","M","E","M","R","BOSS","M","M","M","$","M","R","E","M","T","R","?","R","?","?","R","BOSS","M","M","?","?","M","M"],"build_version":"2018-11-15","purchased_purges":1,"victory":false,"max_hp_per_floor":[83,86,86,89,92,92,92,92,92,96,100,104,108,108,108,108,108,112,112,116,116,120,120,120,120,120,120,120,120,120,120,120,120,120,120,120,120,120,124,124],"card_choices":[{"not_picked":["Clothesline","Clash"],"picked":"Flex","floor":1.0},{"not_picked":["Perfected Strike","Fire Breathing"],"picked":"Twin Strike","floor":2.0},{"not_picked":["True Grit","Perfected Strike"],"picked":"Dual Wield","floor":4.0},{"not_picked":["Immolate","Cleave","Heavy Blade"],"picked":"SKIP","floor":5.0},{"not_picked":["Intimidate","Sword Boomerang"],"picked":"Thunderclap","floor":10.0},{"not_picked":["Shrug It Off","Cleave"],"picked":"Headbutt","floor":11.0},{"not_picked":["Headbutt","Blood for Blood","Evolve"],"picked":"SKIP","floor":12.0},{"not_picked":["Uppercut","Headbutt"],"picked":"True Grit","floor":13.0},{"not_picked":["Rage","Wild Strike"],"picked":"Metallicize","floor":14.0},{"not_picked":["Offering","Double Tap"],"picked":"Demon Form","floor":16.0},{"not_picked":["Fire Breathing","Headbutt+1"],"picked":"Sword Boomerang+1","floor":18.0},{"not_picked":["Flex","Cleave","Clothesline+1"],"picked":"SKIP","floor":19.0},{"not_picked":["Flex","Cleave"],"picked":"Clothesline+1","floor":19.0},{"not_picked":["Perfected Strike","Clothesline","Twin Strike"],"picked":"SKIP","floor":20.0},{"not_picked":["True Grit","Perfected Strike","Power Through"],"picked":"SKIP","floor":22.0},{"not_picked":["Carnage","Clothesline"],"picked":"Sword Boomerang+1","floor":24.0},{"not_picked":["Body Slam","Armaments"],"picked":"Berserk","floor":25},{"not_picked":["Dark Embrace","Exhume"],"picked":"Impervious","floor":33},{"not_picked":["Heavy Blade","Evolve"],"picked":"Sword Boomerang","floor":35},{"not_picked":["Warcry+1","Clothesline+1","Wild Strike"],"picked":"SKIP","floor":36},{"not_picked":["Dual Wield+1","Havoc"],"picked":"Whirlwind+1","floor":39}],"player_experience":624433,"relics_obtained":[{"floor":9.0,"key":"PreservedInsect"},{"floor":11.0,"key":"Smiling Mask"},{"floor":13.0,"key":"Charon\u0027s Ashes"},{"floor":24.0,"key":"Bag of Marbles"},{"floor":26,"key":"MawBank"}],"event_choices":[{"cards_removed":["Strike_R"],"damage_healed":0.0,"max_hp_gain":0.0,"max_hp_loss":0.0,"gold_gain":0.0,"event_name":"Living Wall","player_choice":"Forget","floor":3.0,"gold_loss":0.0,"damage_taken":0.0},{"damage_healed":0.0,"max_hp_gain":0.0,"max_hp_loss":0.0,"gold_gain":0.0,"event_name":"The Woman in Blue","player_choice":"Bought 0 Potions","floor":7.0,"gold_loss":0.0,"damage_taken":0.0},{"damage_healed":0,"gold_gain":0,"player_choice":"Ignored","damage_taken":0,"max_hp_gain":0,"max_hp_loss":0,"event_name":"The Mausoleum","floor":30,"gold_loss":0},{"cards_removed":["Strike_R"],"damage_healed":0,"gold_gain":0,"player_choice":"Elegance","damage_taken":0,"max_hp_gain":0,"max_hp_loss":0,"event_name":"Back to Basics","floor":31,"gold_loss":0},{"damage_healed":30,"gold_gain":0,"player_choice":"Writhe","damage_taken":0,"max_hp_gain":0,"max_hp_loss":0,"event_name":"Winding Halls","floor":37,"gold_loss":0,"cards_obtained":["Writhe"]},{"damage_healed":0,"gold_gain":0,"player_choice":"Ignored","damage_taken":0,"max_hp_gain":0,"max_hp_loss":0,"event_name":"Tomb of Lord Red Mask","floor":38,"gold_loss":0}],"is_beta":false,"boss_relics":[{"not_picked":["Velvet Choker","Pandora\u0027s Box"],"picked":"Coffee Dripper"},{"not_picked":["Fusion Hammer","Black Blood"],"picked":"Sozu"}],"items_purged_floors":[21],"is_endless":false,"potions_floor_spawned":[1,10,11,13,19,24,25,33,36,39],"killed_by":"Transient","ascension_level":11}