{"gold_per_floor":[117,35,53,66,66,100,100,100,100,116,116,126,161,181,181,285,285,305,405,425,425,10,45,45,56,56,56,86,86,86,15,15,15],"floor_reached":33,"playtime":1096,"items_purged":["Strike_R"],"score":366,"play_id":"7fd9ed03-0e63-4df6-8e11-4b4dffa8a176","local_time":"20180830130145","is_ascension_mode":true,"campfire_choices":[{"data":"Whirlwind","floor":7,"key":"SMITH"},{"data":"Evolve","floor":11,"key":"SMITH"},{"data":"Wild Strike","floor":15,"key":"SMITH"},{"data":"Demon Form","floor":24,"key":"SMITH"},{"floor":27,"key":"REST"},{"data":"Corruption","floor":32,"key":"SMITH"}],"neow_cost":"NONE","seed_source_timestamp":957568207286619,"circlet_count":0,"master_deck":["Strike_R","Strike_R","Strike_R","Defend_R+1","Defend_R","Defend_R","Defend_R","Bash","Shrug It Off+1","Whirlwind+1","Shockwave+1","Armaments+1","Anger","Evolve+1","Wild Strike+1","Thunderclap","Pommel Strike","Demon Form+1","Seeing Red+1","Sword Boomerang","Panache","Writhe","Injury","Corruption+1"],"relics":["Burning Blood","Potion Belt","Self Forming Clay","Letter Opener","Nunchaku","Sozu","War Paint","Juzu Bracelet","StoneCalendar","Turnip","Darkstone Periapt","Dream Catcher"],"potions_floor_usage":[16,23,23,23],"damage_taken":[{"damage":7,"enemies":"Small Slimes","floor":1,"turns":3},{"damage":0,"enemies":"2 Louse","floor":3,"turns":2},{"damage":5,"enemies":"Jaw Worm","floor":4,"turns":4},{"damage":40,"enemies":"Gremlin Nob","floor":6,"turns":5},{"damage":0,"enemies":"Exordium Wildlife","floor":10,"turns":3},{"damage":10,"enemies":"3 Louse","floor":12,"turns":3},{"damage":10,"enemies":"3 Sentries","floor":13,"turns":4},{"damage":9,"enemies":"Large Slime","floor":14,"turns":4},{"damage":11,"enemies":"The Guardian","floor":16,"turns":11},{"damage":21,"enemies":"Chosen","floor":18,"turns":5},{"damage":0,"enemies":"3 Byrds","floor":20,"turns":3},{"damage":26,"enemies":"Slavers","floor":23,"turns":4},{"damage":16,"enemies":"Centurion and Healer","floor":25,"turns":3},{"damage":33,"enemies":"Gremlin Leader","floor":28,"turns":6},{"damage":83,"enemies":"Automaton","floor":33,"turns":8}],"seed_played":"-6347745392506495480","potions_obtained":[{"floor":6,"key":"FairyPotion"},{"floor":10,"key":"Weak Potion"},{"floor":13,"key":"Energy Potion"},{"floor":14,"key":"FearPotion"},{"floor":16,"key":"LiquidBronze"}],"is_trial":false,"path_per_floor":["M","$","M","M","?","E","R","?","T","M","R","M","E","M","R","B",null,"M","?","M","T","$","E","R","M","T","R","E","?","?","$","R"],"character_chosen":"IRONCLAD","items_purchased":["Whirlwind","Panache","Juzu Bracelet","Corruption"],"campfire_rested":1,"item_purchase_floors":[2,22,22,31],"current_hp_per_floor":[79,79,80,80,73,39,39,39,39,45,45,41,37,34,34,29,67,52,52,58,58,58,38,38,28,28,52,25,31,37,37,37,0],"gold":15,"neow_bonus":"RANDOM_COMMON_RELIC","is_prod":false,"is_daily":false,"chose_seed":false,"campfire_upgraded":5,"win_rate":0,"timestamp":1535655705,"path_taken":["M","$","M","M","?","E","R","?","T","M","R","M","E","M","R","BOSS","M","?","M","?","$","E","R","M","T","R","E","?","?","$","R","BOSS"],"build_version":"2018-08-23v2","purchased_purges":1,"victory":false,"max_hp_per_floor":[80,80,80,80,80,80,80,80,80,80,80,80,80,80,80,80,80,80,80,80,80,80,80,80,80,80,80,80,86,92,92,92,92],"card_choices":[{"not_picked":["Wild Strike","Entrench"],"picked":"Shrug It Off","floor":1},{"not_picked":["Clothesline","Warcry"],"picked":"Shockwave","floor":3},{"not_picked":["Wild Strike","Headbutt"],"picked":"Armaments","floor":4},{"not_picked":["Corruption","Power Through"],"picked":"Anger","floor":6},{"not_picked":["Hemokinesis","Twin Strike"],"picked":"Evolve","floor":10},{"not_picked":["Metallicize","Anger"],"picked":"Wild Strike","floor":12},{"not_picked":["Clash","Anger"],"picked":"Thunderclap","floor":13},{"not_picked":["Uppercut","Pummel"],"picked":"Pommel Strike","floor":14},{"not_picked":["Immolate","Fiend Fire"],"picked":"Demon Form","floor":16},{"not_picked":["Evolve+1","Rupture"],"picked":"Seeing Red+1","floor":18},{"not_picked":["True Grit+1","Rage"],"picked":"Sword Boomerang","floor":20},{"not_picked":["Thunderclap+1","Havoc","Pummel"],"picked":"SKIP","floor":23},{"not_picked":["Warcry","True Grit","Sword Boomerang"],"picked":"SKIP","floor":25},{"not_picked":["Headbutt","Thunderclap","Hemokinesis"],"picked":"SKIP","floor":28}],"player_experience":441391,"relics_obtained":[{"floor":6,"key":"Self Forming Clay"},{"floor":9,"key":"Letter Opener"},{"floor":13,"key":"Nunchaku"},{"floor":21,"key":"War Paint"},{"floor":23,"key":"StoneCalendar"},{"floor":26,"key":"Turnip"},{"floor":28,"key":"Darkstone Periapt"}],"event_choices":[{"event_name":"Golden Wing","player_choice":"Card Removal","floor":5,"damage_taken":0},{"event_name":"Living Wall","player_choice":"Grow","floor":8,"damage_taken":0},{"event_name":"Golden Shrine","player_choice":"Pray","floor":19,"damage_taken":0},{"event_name":"The Mausoleum","player_choice":"Yes","floor":29,"damage_taken":0},{"event_name":"Accursed Blacksmith","player_choice":"Forge","floor":30,"damage_taken":0}],"is_beta":false,"boss_relics":[{"not_picked":["Calling Bell","Snecko Eye"],"picked":"Sozu"}],"items_purged_floors":[22],"is_endless":false,"potions_floor_spawned":[6,10,13,14,16,20,25],"killed_by":"Automaton","ascension_level":5}