{"gold_per_floor":[415,415,415,429,429,429,49,64,64,64,64,78,78,5,5,135,135,155,245,7,7,30,30,30,30,110,110,110,121,139,152,152,152],"floor_reached":33,"playtime":1750,"items_purged":["Regret"],"score":258,"play_id":"7db51b41-4c66-4347-9034-49b762b271b7","local_time":"20190131130626","daily_mods":["Allstar","Colorless Cards","Heirloom","Time Dilation","Flight"],"is_ascension_mode":false,"campfire_choices":[{"floor":6.0,"key":"REST"},{"floor":15.0,"key":"REST"},{"floor":23,"key":"REST"},{"floor":25,"key":"REST"},{"floor":27,"key":"REST"},{"floor":32,"key":"REST"}],"neow_cost":"","seed_source_timestamp":0,"circlet_count":0,"master_deck":["Demon Form","Wraith Form v2","Echo Form","Strike_B+1","Strike_B+1","Strike_B+1","Strike_B+1","Defend_B+1","Defend_B+1","Defend_B+1","Defend_B+1","Zap","Dualcast+1","Sadistic Nature","Purity","Panache","Magnetism","Dramatic Entrance","Hologram","Redo","Rebound","Tempest","Hello World","Electrodynamics","Streamline","Tempest","Beam Cell","Redo","Redo","Discovery","Enlightenment","Go for the Eyes","Streamline+1","Gash","Sweeping Beam"],"special_seed":0,"relics":["Cracked Core","Old Coin","Bloody Idol","FaceOfCleric","Lantern","Bag of Preparation","Bag of Marbles","Matryoshka","War Paint","Orrery","Ornamental Fan","Smiling Mask","Cables"],"potions_floor_usage":[31,33,33],"damage_taken":[{"damage":0.0,"enemies":"Small Slimes","floor":1.0,"turns":2.0},{"damage":7.0,"enemies":"2 Louse","floor":4.0,"turns":2.0},{"damage":0.0,"enemies":"Cultist","floor":8.0,"turns":3.0},{"damage":13.0,"enemies":"Exordium Wildlife","floor":12.0,"turns":4.0},{"damage":44.0,"enemies":"Hexaghost","floor":16.0,"turns":6.0},{"damage":32,"enemies":"Shell Parasite","floor":18,"turns":4},{"damage":10,"enemies":"Spheric Guardian","floor":22,"turns":3},{"damage":10,"enemies":"Chosen and Byrds","floor":29,"turns":4},{"damage":21,"enemies":"3 Cultists","floor":30,"turns":4},{"damage":33,"enemies":"Shelled Parasite and Fungi","floor":31,"turns":4},{"damage":60,"enemies":"Collector","floor":33,"turns":6}],"seed_played":"791741041106102242","potions_obtained":[{"floor":8.0,"key":"Explosive Potion"},{"floor":12.0,"key":"Weak Potion"},{"floor":22,"key":"FearPotion"}],"is_trial":true,"path_per_floor":["?","?","M","?","?","?","?","$","?","$","?","M","?","?"],"character_chosen":"DEFECT","items_purchased":["Bag of Preparation","Bag of Marbles","Hello World","Ornamental Fan"],"campfire_rested":6,"item_purchase_floors":[7,7,14,20],"current_hp_per_floor":[75,57,57,51,51,73,73,74,74,74,74,62,44,44,67,24,79,48,24,24,24,15,39,39,63,63,81,81,77,62,35,60,0],"gold":152,"neow_bonus":"","is_prod":false,"is_daily":false,"chose_seed":false,"campfire_upgraded":0,"win_rate":0.0,"timestamp":1548936386,"path_taken":["M","?","?","?","?","R","$","M","T","?","?","M","?","?","R","BOSS","M","?","?","?","?","R","?","R","T","R","?","M","M","M","R","BOSS"],"build_version":"2019-01-23","purchased_purges":1,"victory":false,"max_hp_per_floor":[75,75,75,76,76,76,76,77,77,77,77,78,78,78,78,79,79,80,80,80,80,81,81,81,81,81,81,81,82,83,84,84,84],"card_choices":[{"not_picked":["Force Field","Loop"],"picked":"Hologram","floor":1.0},{"not_picked":["Capacitor","Stack"],"picked":"Redo","floor":4.0},{"not_picked":["Panacea","Go for the Eyes"],"picked":"Rebound","floor":8.0},{"not_picked":["Beam Cell","Stack"],"picked":"Tempest","floor":12.0},{"not_picked":["Apotheosis","Sadistic Nature"],"picked":"Electrodynamics","floor":16.0},{"not_picked":["Rebound","Sweeping Beam"],"picked":"Streamline","floor":17.0},{"not_picked":["Good Instincts","Rebound"],"picked":"Tempest","floor":17.0},{"not_picked":["Cold Snap","Compile Driver"],"picked":"Beam Cell","floor":17.0},{"not_picked":["Leap","Rebound"],"picked":"Redo","floor":17.0},{"not_picked":["Violence","Finesse"],"picked":"Redo","floor":17.0},{"not_picked":["Leap","Storm"],"picked":"Discovery","floor":18},{"not_picked":["Barrage","Beam Cell"],"picked":"Go for the Eyes","floor":22},{"not_picked":["Stack","Deep Breath"],"picked":"Streamline+1","floor":29},{"not_picked":["Steam","Hologram"],"picked":"Gash","floor":30},{"not_picked":["Blizzard","Panacea"],"picked":"Sweeping Beam","floor":31}],"player_experience":55231,"relics_obtained":[{"floor":9.0,"key":"Matryoshka"},{"floor":26,"key":"Smiling Mask"},{"floor":26,"key":"Cables"}],"event_choices":[{"damage_healed":0.0,"max_hp_gain":0.0,"max_hp_loss":0.0,"gold_gain":0.0,"event_name":"Golden Idol","player_choice":"Take Damage","floor":2.0,"gold_loss":0.0,"damage_taken":18.0,"relics_obtained":["Golden Idol"]},{"damage_healed":0.0,"max_hp_gain":0.0,"max_hp_loss":0.0,"gold_gain":0.0,"event_name":"FaceTrader","player_choice":"Trade","floor":3.0,"gold_loss":0.0,"damage_taken":0.0,"relics_obtained":["FaceOfCleric"]},{"damage_healed":0.0,"max_hp_gain":0.0,"max_hp_loss":0.0,"gold_gain":0.0,"event_name":"Big Fish","player_choice":"Box","floor":5.0,"gold_loss":0.0,"damage_taken":0.0,"relics_obtained":["Lantern"],"cards_obtained":["Regret"]},{"damage_healed":0.0,"max_hp_gain":0.0,"max_hp_loss":0.0,"gold_gain":0.0,"event_name":"The Cleric","player_choice":"Leave","floor":10.0,"gold_loss":0.0,"damage_taken":0.0},{"damage_healed":0.0,"max_hp_gain":0.0,"max_hp_loss":0.0,"gold_gain":0.0,"event_name":"Golden Wing","player_choice":"Ignored","floor":11.0,"gold_loss":0.0,"damage_taken":0.0},{"damage_healed":0.0,"max_hp_gain":0.0,"max_hp_loss":0.0,"gold_gain":0.0,"event_name":"Scrap Ooze","player_choice":"Success","floor":13.0,"gold_loss":0.0,"damage_taken":18.0,"relics_obtained":["War Paint"]},{"damage_healed":0,"gold_gain":90,"player_choice":"CARD GOLD ","damage_taken":24,"max_hp_gain":0,"max_hp_loss":0,"event_name":"Knowing Skull","floor":19,"potions_obtained":[],"gold_loss":0,"cards_obtained":["Enlightenment"]},{"damage_healed":0,"gold_gain":0,"player_choice":"Ignored","damage_taken":0,"max_hp_gain":0,"max_hp_loss":0,"event_name":"Purifier","floor":21,"gold_loss":0},{"damage_healed":0,"gold_gain":0,"player_choice":"Simplicity","damage_taken":0,"max_hp_gain":0,"max_hp_loss":0,"event_name":"Back to Basics","floor":24,"gold_loss":0,"cards_upgraded":["Strike_B","Strike_B","Strike_B","Strike_B","Defend_B","Defend_B","Defend_B"]},{"damage_healed":0,"gold_gain":0,"player_choice":"Gave Idol","damage_taken":0,"relics_obtained":["Bloody Idol"],"max_hp_gain":0,"max_hp_loss":0,"event_name":"Forgotten Altar","floor":28,"relics_lost":["Golden Idol"],"gold_loss":0}],"is_beta":false,"boss_relics":[{"not_picked":["Runic Dome","Ectoplasm"],"picked":"Orrery"}],"items_purged_floors":[7],"is_endless":false,"potions_floor_spawned":[8,12,22,30],"killed_by":"Collector","ascension_level":0}