{"gold_per_floor":[114,35,35,50,65,65,80,90,90,105,125,125,125],"floor_reached":13,"playtime":364,"items_purged":[],"score":79,"play_id":"74402e3f-9aa4-4067-8df4-40ae86d2e979","local_time":"20180730134106","is_ascension_mode":false,"campfire_choices":[{"data":"Dual Wield","floor":12,"key":"SMITH"}],"neow_cost":"TEN_PERCENT_HP_LOSS","seed_source_timestamp":1343879325766451,"circlet_count":0,"master_deck":["Strike_R","Strike_R","Strike_R","Defend_R","Defend_R","Defend_R","Bash","Dual Wield+1","Burning Pact","Inflame","Spot Weakness","Anger","Anger","Armaments"],"relics":["Burning Blood","Juzu Bracelet","Darkstone Periapt"],"potions_floor_usage":[13,13],"damage_taken":[{"damage":7,"enemies":"Jaw Worm","floor":1,"turns":4},{"damage":6,"enemies":"Cultist","floor":4,"turns":3},{"damage":12,"enemies":"Small Slimes","floor":5,"turns":4},{"damage":10,"enemies":"Looter","floor":7,"turns":2},{"damage":16,"enemies":"Red Slaver","floor":8,"turns":3},{"damage":16,"enemies":"Large Slime","floor":10,"turns":5},{"damage":19,"enemies":"Exordium Thugs","floor":11,"turns":4},{"damage":31,"enemies":"Lagavulin","floor":13,"turns":4}],"seed_played":"-13241957708275093","potions_obtained":[{"floor":4,"key":"SkillPotion"},{"floor":5,"key":"SkillPotion"},{"floor":10,"key":"Dexterity Potion"}],"is_trial":false,"path_per_floor":["M","$","?","M","M","?","M","M","T","M","M","R"],"character_chosen":"IRONCLAD","items_purchased":["Spot Weakness"],"campfire_rested":0,"item_purchase_floors":[2],"current_hp_per_floor":[71,71,71,71,65,65,61,51,51,41,28,28,0],"gold":125,"neow_bonus":"TRANSFORM_TWO_CARDS","is_prod":false,"is_daily":false,"chose_seed":false,"campfire_upgraded":1,"win_rate":0,"timestamp":1532979666,"path_taken":["M","$","?","M","M","?","M","M","T","M","M","R","E"],"build_version":"2018-07-26","purchased_purges":0,"victory":false,"max_hp_per_floor":[72,72,72,72,72,72,72,72,72,72,72,72,72],"card_choices":[{"not_picked":["Headbutt","Havoc"],"picked":"Inflame","floor":1},{"not_picked":["Havoc","Warcry"],"picked":"Anger","floor":4},{"not_picked":["Rupture","Entrench"],"picked":"Anger","floor":5},{"not_picked":["Cleave","Wild Strike","Combust"],"picked":"SKIP","floor":7},{"not_picked":["Battle Trance","Burning Pact","Body Slam"],"picked":"SKIP","floor":8},{"not_picked":["Blood for Blood","Headbutt"],"picked":"Armaments","floor":10},{"not_picked":["Hemokinesis","Evolve","Havoc"],"picked":"SKIP","floor":11}],"player_experience":295790,"relics_obtained":[{"floor":9,"key":"Darkstone Periapt"}],"event_choices":[{"event_name":"Wheel of Change","player_choice":"Relic","floor":3,"damage_taken":0},{"event_name":"Bonfire Elementals","player_choice":"BASIC","floor":6,"damage_taken":0}],"is_beta":false,"boss_relics":[],"items_purged_floors":[],"is_endless":false,"potions_floor_spawned":[4,5,10],"killed_by":"Lagavulin","ascension_level":0}