{"gold_per_floor":[110,129,129,129,204,204,228,228,274,274,344,367,387,425,425,425],"floor_reached":16,"playtime":616,"items_purged":[],"score":170,"play_id":"d3acaa4f-96fe-4541-8036-80028adadd33","local_time":"20181225163818","is_ascension_mode":true,"campfire_choices":[{"data":"Backflip","floor":6.0,"key":"SMITH"},{"data":"Survivor","floor":8.0,"key":"SMITH"},{"floor":10.0,"key":"REST"},{"data":"Crippling Poison","floor":15,"key":"SMITH"}],"neow_cost":"NONE","seed_source_timestamp":515230096750,"circlet_count":0,"master_deck":["AscendersBane","Defend_G","Defend_G","Defend_G","Defend_G","Defend_G","Strike_G","Strike_G","Strike_G","Strike_G","Strike_G","Survivor+1","Neutralize+1","Dagger Throw","Backflip+1","Regret","Bouncing Flask","Crippling Poison+1"],"special_seed":0,"relics":["Ring of the Snake","Golden Idol","Happy Flower","Regal Pillow","Singing Bowl","Du-Vu Doll"],"potions_floor_usage":[14],"damage_taken":[{"damage":1.0,"enemies":"2 Louse","floor":1.0,"turns":3.0},{"damage":2.0,"enemies":"Small Slimes","floor":2.0,"turns":4.0},{"damage":0.0,"enemies":"Cultist","floor":7.0,"turns":3.0},{"damage":12.0,"enemies":"Exordium Wildlife","floor":12.0,"turns":7.0},{"damage":2,"enemies":"Exordium Thugs","floor":13,"turns":7},{"damage":17,"enemies":"Lagavulin","floor":14,"turns":7},{"damage":23,"enemies":"Slime Boss","floor":16,"turns":5}],"seed_played":"-5013801655041493428","potions_obtained":[{"floor":2.0,"key":"Regen Potion"},{"floor":7.0,"key":"Dexterity Potion"},{"floor":14,"key":"Regen Potion"}],"is_trial":false,"path_per_floor":["M","M","?","?","?","R","M","R","T","R","T","M","M","E","R","B"],"character_chosen":"THE_SILENT","items_purchased":[],"campfire_rested":1,"item_purchase_floors":[],"current_hp_per_floor":[58,56,40,40,29,29,29,29,29,63,63,53,53,51,51,28],"gold":425,"neow_bonus":"UPGRADE_CARD","is_prod":false,"is_daily":false,"chose_seed":false,"campfire_upgraded":3,"win_rate":0,"timestamp":1545784698,"path_taken":["M","M","?","?","?","R","M","R","T","R","?","M","M","E","R","BOSS"],"build_version":"2018-12-20","purchased_purges":0,"victory":false,"max_hp_per_floor":[66,66,66,66,66,66,66,66,66,66,66,68,70,70,70,70],"card_choices":[{"not_picked":["Dodge and Roll","Crippling Poison"],"picked":"Dagger Throw","floor":1.0},{"not_picked":["Prepared","Blade Dance"],"picked":"Backflip","floor":2.0},{"not_picked":["Acrobatics","Distraction"],"picked":"Bouncing Flask","floor":7.0},{"not_picked":["Prepared","Caltrops","Flying Knee"],"picked":"Singing Bowl","floor":12.0},{"not_picked":["Acrobatics","Quick Slash","Underhanded Strike"],"picked":"Singing Bowl","floor":13},{"not_picked":["Glass Knife","Choke"],"picked":"Crippling Poison","floor":14}],"player_experience":656050,"relics_obtained":[{"floor":9.0,"key":"Regal Pillow"},{"floor":11.0,"key":"Singing Bowl"},{"floor":14,"key":"Du-Vu Doll"}],"event_choices":[{"damage_healed":0.0,"max_hp_gain":0.0,"max_hp_loss":0.0,"gold_gain":0.0,"event_name":"Golden Idol","player_choice":"Take Damage","floor":3.0,"gold_loss":0.0,"damage_taken":16.0,"relics_obtained":["Golden Idol"]},{"damage_healed":0.0,"max_hp_gain":0.0,"max_hp_loss":0.0,"gold_gain":0.0,"event_name":"Big Fish","player_choice":"Box","floor":4.0,"gold_loss":0.0,"damage_taken":0.0,"relics_obtained":["Happy Flower"],"cards_obtained":["Regret"]},{"damage_healed":0.0,"max_hp_gain":0.0,"max_hp_loss":0.0,"gold_gain":75.0,"event_name":"World of Goop","player_choice":"Gather Gold","floor":5.0,"gold_loss":0.0,"damage_taken":11.0}],"is_beta":false,"boss_relics":[],"items_purged_floors":[],"is_endless":false,"potions_floor_spawned":[2,7,14],"killed_by":"Slime Boss","ascension_level":14}