{"gold_per_floor":[112,131,16,30,50,50,78,97,142,203,232,246,246,246,246,343,343,353,105,116,135,152,152,186,199,223,223,251,269,269],"floor_reached":30,"playtime":3547,"items_purged":["Strike_B"],"score":284,"play_id":"4962babe-6852-4efb-9cfd-f55320ee1ba6","local_time":"20180627020047","is_ascension_mode":false,"campfire_choices":[{"data":"Defragment","floor":6,"key":"SMITH"},{"floor":13,"key":"REST"},{"floor":15,"key":"REST"},{"floor":23,"key":"REST"}],"neow_cost":"NONE","seed_source_timestamp":31058976540347,"circlet_count":0,"master_deck":["Defend_B","Defend_B","Defend_B","Defend_B","Zap","Dualcast+1","Streamline","Ball Lightning","Defragment+1","Fusion","Auto Shields","Conserve Battery","Barrage","Cold Snap","Creative AI","Sweeping Beam","Electrodynamics","Double Energy+1","Redo+1","Cold Snap+1","Aggregate+1","Self Repair","Dramatic Entrance","Rip and Tear+1","Seek","Double Energy+1","Hologram+1","Amplify","Electrodynamics","Storm","Glacier"],"relics":["Cracked Core","Letter Opener","Happy Flower","Question Card","Strawberry","Astrolabe","Oddly Smooth Stone","Pen Nib","Bottled Lightning"],"potions_floor_usage":[11,11,21,22,28,28,29],"damage_taken":[{"damage":6,"enemies":"2 Louse","floor":1,"turns":2},{"damage":5,"enemies":"Small Slimes","floor":2,"turns":2},{"damage":0,"enemies":"Cultist","floor":4,"turns":2},{"damage":10,"enemies":"Looter","floor":5,"turns":3},{"damage":26,"enemies":"3 Sentries","floor":7,"turns":7},{"damage":7,"enemies":"Gremlin Gang","floor":8,"turns":3},{"damage":15,"enemies":"Lagavulin","floor":11,"turns":4},{"damage":3,"enemies":"Lots of Slimes","floor":12,"turns":3},{"damage":42,"enemies":"Slime Boss","floor":16,"turns":10},{"damage":10,"enemies":"3 Byrds","floor":18,"turns":3},{"damage":38,"enemies":"2 Thieves","floor":20,"turns":4},{"damage":19,"enemies":"Centurion and Healer","floor":21,"turns":4},{"damage":2,"enemies":"Snecko","floor":22,"turns":6},{"damage":10,"enemies":"Gremlin Leader","floor":24,"turns":8},{"damage":9,"enemies":"Chosen and Byrds","floor":25,"turns":4},{"damage":30,"enemies":"Book of Stabbing","floor":28,"turns":5},{"damage":10,"enemies":"Slaver and Parasite","floor":29,"turns":8},{"damage":22,"enemies":"Cultist and Chosen","floor":30,"turns":5}],"seed_played":"3007935763751836908","potions_obtained":[{"floor":2,"key":"SkillPotion"},{"floor":4,"key":"Strength Potion"},{"floor":7,"key":"AttackPotion"},{"floor":12,"key":"Dexterity Potion"},{"floor":22,"key":"SpeedPotion"},{"floor":25,"key":"Fire Potion"},{"floor":28,"key":"EssenceOfSteel"}],"is_trial":false,"path_per_floor":["M","M","$","M","M","R","E","M","T","?","E","M","R","?","R","B",null,"M","$","M","M","M","R","E","M","T","?","E","M"],"character_chosen":"DEFECT","items_purchased":["Defragment","Fusion","Self Repair","Dramatic Entrance"],"campfire_rested":3,"item_purchase_floors":[3,3,19,19],"current_hp_per_floor":[69,64,64,64,54,54,28,21,21,21,6,3,25,25,49,7,82,72,72,34,22,27,51,48,46,46,46,23,20,0],"gold":269,"neow_bonus":"UPGRADE_CARD","is_prod":false,"is_daily":false,"chose_seed":false,"campfire_upgraded":1,"win_rate":0.0,"timestamp":1530086447,"path_taken":["M","M","$","M","M","R","E","M","T","?","E","M","R","?","R","BOSS","M","$","M","M","M","R","E","M","T","?","E","?","M"],"build_version":"2018-06-21v2","purchased_purges":1,"victory":false,"max_hp_per_floor":[75,75,75,75,75,75,75,75,75,75,75,75,75,82,82,82,82,82,82,82,82,82,82,82,82,82,82,82,82,82],"card_choices":[{"not_picked":["Doom and Gloom","Cold Snap"],"picked":"Streamline","floor":1},{"not_picked":["Streamline","Force Field"],"picked":"Ball Lightning","floor":2},{"not_picked":["Beam Cell","Steam"],"picked":"Auto Shields","floor":4},{"not_picked":["Electrodynamics","Steam"],"picked":"Conserve Battery","floor":5},{"not_picked":["White Noise","Steam"],"picked":"Barrage","floor":7},{"not_picked":["Streamline","Barrage"],"picked":"Cold Snap","floor":8},{"not_picked":["Streamline","Double Energy"],"picked":"Creative AI","floor":11},{"not_picked":["Auto Shields","Ball Lightning","Streamline"],"picked":"Sweeping Beam","floor":12},{"not_picked":["Multi-Cast","Seek","Thunder Strike"],"picked":"Electrodynamics","floor":16},{"not_picked":["Coolheaded","Steam","Stack"],"picked":"Aggregate+1","floor":18},{"not_picked":["Steam","Beam Cell","Steam Power"],"picked":"Rip and Tear+1","floor":20},{"not_picked":["Gash","Skim+1","Barrage"],"picked":"Seek","floor":21},{"not_picked":["Sweeping Beam","Beam Cell+1","Consume"],"picked":"Double Energy+1","floor":22},{"not_picked":["Gash","Sweeping Beam","Conserve Battery"],"picked":"Hologram+1","floor":24},{"not_picked":["Glacier","Go for the Eyes","Cold Snap+1"],"picked":"Amplify","floor":25},{"not_picked":["Consume","Leap","Conserve Battery"],"picked":"Storm","floor":28},{"not_picked":["Redo","Coolheaded","Cold Snap"],"picked":"Glacier","floor":29}],"player_experience":5880,"relics_obtained":[{"floor":7,"key":"Letter Opener"},{"floor":9,"key":"Happy Flower"},{"floor":11,"key":"Question Card"},{"floor":24,"key":"Oddly Smooth Stone"},{"floor":26,"key":"Pen Nib"},{"floor":28,"key":"Bottled Lightning"}],"event_choices":[{"event_name":"Golden Wing","player_choice":"Gained Gold","floor":10,"damage_taken":0},{"event_name":"Scrap Ooze","player_choice":"success","floor":14,"damage_taken":7},{"event_name":"Match and Keep!","player_choice":"1 cards matched","floor":27,"damage_taken":0}],"boss_relics":[{"not_picked":["Velvet Choker","Ectoplasm"],"picked":"Astrolabe"}],"items_purged_floors":[19],"is_endless":false,"potions_floor_spawned":[2,4,7,12,22,25,28],"killed_by":"Cultist and Chosen","ascension_level":0}