{"gold_per_floor":[119,119,119,5,21,61,61,61,108,108,128,158,158,178,178,298,298,316,316,316,316,334,334],"floor_reached":23,"playtime":698,"items_purged":["Strike_B"],"score":196,"play_id":"e71886a9-2677-42c9-a605-f5b19f904931","local_time":"20190311112201","is_ascension_mode":true,"campfire_choices":[{"floor":8,"key":"REST"},{"data":"Steam","floor":10,"key":"SMITH"},{"data":"Conserve Battery","floor":13,"key":"SMITH"},{"data":"Static Discharge","floor":15,"key":"SMITH"}],"neow_cost":"NONE","seed_source_timestamp":508077352995111,"circlet_count":0,"master_deck":["Strike_B","Strike_B","Strike_B","Defend_B+1","Defend_B","Defend_B","Defend_B","Zap+1","Dualcast+1","Static Discharge+1","Steam+1","Ball Lightning","Conserve Battery+1","Steam","Thunder Strike","Barrage+1","Sweeping Beam+1"],"relics":["Cracked Core","Dodecahedron","Golden Idol","Blue Candle","Centennial Puzzle","Nuclear Battery","War Paint"],"potions_floor_usage":[],"damage_taken":[{"damage":6,"enemies":"Cultist","floor":1,"turns":3},{"damage":1,"enemies":"Jaw Worm","floor":5,"turns":2},{"damage":20,"enemies":"3 Sentries","floor":6,"turns":6},{"damage":0,"enemies":"2 Louse","floor":11,"turns":1},{"damage":0,"enemies":"Looter","floor":14,"turns":3},{"damage":14,"enemies":"The Guardian","floor":16,"turns":9},{"damage":6,"enemies":"3 Byrds","floor":18,"turns":4},{"damage":20,"enemies":"Colosseum Slavers","floor":21,"turns":4},{"damage":20,"enemies":"Spheric Guardian","floor":22,"turns":4},{"damage":24,"enemies":"Book of Stabbing","floor":23,"turns":4}],"seed_played":"-6120521460522068244","potions_obtained":[{"floor":1,"key":"SpeedPotion"},{"floor":14,"key":"SteroidPotion"},{"floor":16,"key":"LiquidBronze"}],"is_trial":false,"path_per_floor":["T","?","?","?","?","?"],"character_chosen":"DEFECT","items_purchased":["Static Discharge"],"campfire_rested":1,"item_purchase_floors":[4],"current_hp_per_floor":[69,69,69,69,68,48,48,68,68,68,68,68,68,68,68,54,69,63,63,63,43,23,0],"gold":334,"neow_bonus":"UPGRADE_CARD","is_prod":false,"is_daily":false,"chose_seed":false,"campfire_upgraded":3,"win_rate":0,"timestamp":1552299721,"path_taken":["M","?","?","$","M","E","$","R","T","R","M","?","R","M","R","BOSS","M","?","?","?","M","E"],"build_version":"2019-01-23","purchased_purges":1,"victory":false,"max_hp_per_floor":[75,75,69,69,69,69,69,69,69,69,69,69,69,69,69,69,69,69,69,69,69,69,69],"card_choices":[{"not_picked":["Rip and Tear","Streamline","Undo"],"picked":"SKIP","floor":1},{"not_picked":["Scrape","Melter"],"picked":"Steam","floor":5},{"not_picked":["Leap","Stack"],"picked":"Ball Lightning","floor":6},{"not_picked":["Recycle","Stack"],"picked":"Conserve Battery","floor":11},{"not_picked":["Streamline","Stack"],"picked":"Steam","floor":14},{"not_picked":["Core Surge","Machine Learning"],"picked":"Thunder Strike","floor":16},{"not_picked":["BootSequence","Cold Snap"],"picked":"Barrage+1","floor":18},{"not_picked":["Stack+1","Force Field"],"picked":"Sweeping Beam+1","floor":22}],"player_experience":214630,"relics_obtained":[{"floor":2,"key":"Dodecahedron"},{"floor":6,"key":"Blue Candle"},{"floor":9,"key":"Centennial Puzzle"}],"event_choices":[{"damage_healed":0,"gold_gain":0,"player_choice":"Lose Max HP","damage_taken":0,"relics_obtained":["Golden Idol"],"max_hp_gain":0,"max_hp_loss":6,"event_name":"Golden Idol","floor":3,"gold_loss":0},{"damage_healed":0,"gold_gain":30,"player_choice":"Searched \u00271\u0027 times","damage_taken":0,"max_hp_gain":0,"max_hp_loss":0,"event_name":"Dead Adventurer","floor":12,"gold_loss":0},{"damage_healed":0,"gold_gain":0,"player_choice":"Opened","damage_taken":0,"relics_obtained":["War Paint"],"max_hp_gain":0,"max_hp_loss":0,"event_name":"The Mausoleum","floor":19,"gold_loss":0},{"damage_healed":0,"gold_gain":0,"player_choice":"Ignored","damage_taken":0,"max_hp_gain":0,"max_hp_loss":0,"event_name":"Ghosts","floor":20,"gold_loss":0},{"damage_healed":0,"gold_gain":0,"player_choice":"Fight","damage_taken":0,"max_hp_gain":0,"max_hp_loss":0,"event_name":"Colosseum","floor":21,"gold_loss":0},{"damage_healed":0,"gold_gain":0,"player_choice":"Fled From Nobs","damage_taken":0,"max_hp_gain":0,"max_hp_loss":0,"event_name":"Colosseum","floor":21,"gold_loss":0}],"is_beta":false,"boss_relics":[{"not_picked":["Ectoplasm","Pandora\u0027s Box"],"picked":"Nuclear Battery"}],"items_purged_floors":[4],"is_endless":false,"potions_floor_spawned":[1,14,16,22],"killed_by":"Book of Stabbing","ascension_level":1}