{"gold_per_floor":[118,132,132,132,146,177,195,209,209,8,8,42,62,76,76,178,178,195,214,139,150,170,170,199,233,256,289,289],"floor_reached":28,"playtime":1754,"items_purged":["Strike_G"],"score":324,"play_id":"a9e2ef06-12d7-4d1a-888e-511ae805d697","local_time":"20180722121045","is_ascension_mode":true,"campfire_choices":[{"data":"Tactician","floor":11,"key":"SMITH"},{"floor":15,"key":"REST"},{"floor":23,"key":"REST"}],"neow_cost":"TEN_PERCENT_HP_LOSS","seed_source_timestamp":645963459115603,"circlet_count":0,"master_deck":["Defend_G","Defend_G","Defend_G","Defend_G","Defend_G","Strike_G","Strike_G","Strike_G","Survivor","Neutralize","Dodge and Roll","Concentrate","Backflip","Endless Agony","Tactician+1","Calculated Gamble","Predator","Footwork","Underhanded Strike","Unload","Outmaneuver","Acrobatics","Backstab","Riddle With Holes","Backflip","Prepared","Acrobatics","Phantasmal Killer","Infinite Blades","Sucker Punch","Endless Agony","Dagger Spray","Terror","Distraction","Flying Knee+1","Backstab","Malaise","Dagger Throw","Leg Sweep"],"relics":["Ring of the Snake","Prayer Wheel","Letter Opener","Blood Vial","Centennial Puzzle","Vajra","Mummified Hand","Sozu","Bag of Marbles","Red Mask","Orichalcum","The Courier"],"potions_floor_usage":[6,14,16,16,25],"damage_taken":[{"damage":0,"enemies":"2 Louse","floor":1,"turns":2},{"damage":6,"enemies":"Jaw Worm","floor":2,"turns":8},{"damage":0,"enemies":"Small Slimes","floor":5,"turns":3},{"damage":8,"enemies":"3 Sentries","floor":6,"turns":11},{"damage":1,"enemies":"Blue Slaver","floor":7,"turns":5},{"damage":0,"enemies":"2 Fungi Beasts","floor":8,"turns":3},{"damage":23,"enemies":"Gremlin Nob","floor":12,"turns":4},{"damage":0,"enemies":"Exordium Wildlife","floor":13,"turns":2},{"damage":0,"enemies":"Gremlin Gang","floor":14,"turns":3},{"damage":19,"enemies":"Hexaghost","floor":16,"turns":9},{"damage":3,"enemies":"Shell Parasite","floor":18,"turns":3},{"damage":11,"enemies":"Spheric Guardian","floor":19,"turns":4},{"damage":26,"enemies":"Snake Plant","floor":21,"turns":5},{"damage":13,"enemies":"Sentry and Sphere","floor":22,"turns":4},{"damage":35,"enemies":"Gremlin Leader","floor":24,"turns":6},{"damage":0,"floor":25,"turns":2},{"damage":4,"enemies":"Slavers","floor":27,"turns":3},{"damage":3,"enemies":"Slaver and Parasite","floor":28,"turns":1}],"seed_played":"-9007289750878545832","potions_obtained":[{"floor":1,"key":"Poison Potion"},{"floor":7,"key":"Explosive Potion"},{"floor":12,"key":"AttackPotion"},{"floor":14,"key":"SteroidPotion"},{"floor":16,"key":"Strength Potion"}],"is_trial":false,"path_per_floor":["M","M","?","?","M","E","M","M","T","$","R","E","M","M","R","B",null,"M","M","$","M","M","R","E","?","T","E"],"character_chosen":"THE_SILENT","items_purchased":["Vajra","Acrobatics"],"campfire_rested":2,"item_purchase_floors":[10,10],"current_hp_per_floor":[63,57,50,38,38,30,31,33,33,33,33,12,14,16,34,17,63,60,51,51,27,16,34,1,3,3,1,0],"gold":289,"neow_bonus":"ONE_RARE_RELIC","is_prod":false,"is_daily":false,"chose_seed":false,"campfire_upgraded":1,"win_rate":0,"timestamp":1532283045,"path_taken":["M","M","?","?","M","E","?","M","T","$","R","E","M","M","R","BOSS","M","M","$","?","M","R","E","?","T","E","M"],"build_version":"2018-07-19v2","purchased_purges":1,"victory":false,"max_hp_per_floor":[63,63,63,63,63,63,63,63,63,63,63,63,63,63,63,63,63,63,63,63,63,63,63,63,63,63,63,63],"card_choices":[{"not_picked":["Predator","Deflect"],"picked":"Dodge and Roll","floor":1},{"not_picked":["Bane","Deadly Poison"],"picked":"Concentrate","floor":1},{"not_picked":["Accuracy","Masterful Stab"],"picked":"Backflip","floor":2},{"not_picked":["Concentrate","Dodge and Roll"],"picked":"Endless Agony","floor":2},{"not_picked":["Leg Sweep","Terror"],"picked":"Tactician","floor":5},{"not_picked":["Deflect","Backflip"],"picked":"Calculated Gamble","floor":5},{"not_picked":["Calculated Gamble","Dodge and Roll"],"picked":"Predator","floor":6},{"not_picked":["Sucker Punch","Cloak And Dagger"],"picked":"Footwork","floor":7},{"not_picked":["Dodge and Roll","Leg Sweep"],"picked":"Underhanded Strike","floor":7},{"not_picked":["Dagger Spray","Underhanded Strike"],"picked":"Unload","floor":8},{"not_picked":["Masterful Stab","Slice"],"picked":"Outmaneuver","floor":8},{"not_picked":["Dagger Spray","Dodge and Roll"],"picked":"Backstab","floor":12},{"not_picked":["Blur","Setup"],"picked":"Riddle With Holes","floor":13},{"not_picked":["Cloak And Dagger","Deflect"],"picked":"Backflip","floor":13},{"not_picked":["Deflect","Deadly Poison"],"picked":"Prepared","floor":14},{"not_picked":["Reflex","Dagger Spray"],"picked":"Acrobatics","floor":14},{"not_picked":["Die Die Die","Unload"],"picked":"Phantasmal Killer","floor":16},{"not_picked":["Escape Plan","Dodge and Roll+1"],"picked":"Infinite Blades","floor":18},{"not_picked":["Dodge and Roll","Quick Slash"],"picked":"Sucker Punch","floor":18},{"not_picked":["Cloak And Dagger","Prepared"],"picked":"Endless Agony","floor":19},{"not_picked":["Quick Slash","Backflip"],"picked":"Dagger Spray","floor":19},{"not_picked":["Eviscerate","Accuracy+1"],"picked":"Terror","floor":21},{"not_picked":["Bouncing Flask","Terror"],"picked":"Distraction","floor":21},{"not_picked":["Dagger Throw","Slice+1"],"picked":"Flying Knee+1","floor":22},{"not_picked":["Deflect","Blur+1"],"picked":"Backstab","floor":22},{"not_picked":["Dagger Throw+1","Dodge and Roll+1"],"picked":"Malaise","floor":24},{"not_picked":["Backflip","Flying Knee"],"picked":"Dagger Throw","floor":25},{"not_picked":["Sucker Punch","Prepared"],"picked":"Leg Sweep","floor":27}],"player_experience":251668,"relics_obtained":[{"floor":6,"key":"Blood Vial"},{"floor":9,"key":"Centennial Puzzle"},{"floor":12,"key":"Mummified Hand"},{"floor":24,"key":"Bag of Marbles"},{"floor":25,"key":"Red Mask"},{"floor":26,"key":"Orichalcum"},{"floor":27,"key":"The Courier"}],"event_choices":[{"event_name":"Golden Wing","player_choice":"Card Removal","floor":3,"damage_taken":0},{"event_name":"Scrap Ooze","player_choice":"success","floor":4,"damage_taken":12},{"event_name":"Masked Bandits","player_choice":"Fought over 199 gold","floor":25,"damage_taken":0}],"is_beta":false,"boss_relics":[{"not_picked":["Empty Cage","Runic Pyramid"],"picked":"Sozu"}],"items_purged_floors":[20],"is_endless":false,"potions_floor_spawned":[1,7,12,14,16,18,21,24,27],"killed_by":"Slaver and Parasite","ascension_level":2}