{"gold_per_floor":[118,131,56,66,82,117,117,117,117,117,117,117],"floor_reached":12,"playtime":585,"items_purged":["Defend_R"],"score":78,"play_id":"7a707645-7326-45ed-86b5-4c48e25436e8","local_time":"20180710154048","is_ascension_mode":false,"campfire_choices":[{"data":"Shrug It Off","floor":10,"key":"SMITH"}],"neow_cost":"NONE","seed_source_timestamp":767958217685642,"circlet_count":0,"master_deck":["Strike_R","Strike_R","Strike_R","Strike_R","Strike_R","Defend_R","Defend_R","Defend_R","Bash+1","Shrug It Off+1","Thunderclap"],"relics":["Burning Blood","Ginger","Question Card","Paper Frog"],"potions_floor_usage":[5,12,12],"damage_taken":[{"damage":0,"enemies":"Small Slimes","floor":1,"turns":5},{"damage":1,"enemies":"Cultist","floor":2,"turns":4},{"damage":0,"enemies":"2 Louse","floor":4,"turns":3},{"damage":16,"enemies":"Gremlin Gang","floor":5,"turns":5},{"damage":25,"enemies":"3 Sentries","floor":6,"turns":11},{"damage":38,"enemies":"Lagavulin Event","floor":12,"turns":6}],"seed_played":"6390632869571004968","potions_obtained":[{"floor":2,"key":"Explosive Potion"},{"floor":5,"key":"SpeedPotion"},{"floor":8,"key":"AttackPotion"},{"floor":8,"key":"Ancient Potion"}],"is_trial":false,"path_per_floor":["M","M","$","M","M","E","?","?","T","R","?"],"character_chosen":"IRONCLAD","items_purchased":[],"campfire_rested":0,"item_purchase_floors":[],"current_hp_per_floor":[80,80,80,80,70,51,56,56,56,56,38,0],"gold":117,"neow_bonus":"UPGRADE_CARD","is_prod":false,"is_daily":false,"chose_seed":false,"campfire_upgraded":1,"win_rate":0,"timestamp":1531258848,"path_taken":["M","M","$","M","M","E","?","?","T","R","?","?"],"build_version":"2018-07-05","purchased_purges":1,"victory":false,"max_hp_per_floor":[80,80,80,80,80,80,85,85,85,85,85,85],"card_choices":[{"not_picked":["Havoc","Infernal Blade"],"picked":"Shrug It Off","floor":1},{"not_picked":["Clash","Feel No Pain","Searing Blow"],"picked":"SKIP","floor":2},{"not_picked":["Sword Boomerang","Corruption","Wild Strike"],"picked":"SKIP","floor":4},{"not_picked":["Perfected Strike","Hemokinesis","Uppercut"],"picked":"SKIP","floor":5},{"not_picked":["Infernal Blade","Sentinel"],"picked":"Thunderclap","floor":6}],"player_experience":183739,"relics_obtained":[{"floor":6,"key":"Ginger"},{"floor":9,"key":"Question Card"}],"event_choices":[{"event_name":"Big Fish","player_choice":"Donut","floor":7,"damage_taken":0},{"event_name":"The Lab","player_choice":"Got Potions","floor":8,"damage_taken":0},{"event_name":"Scrap Ooze","player_choice":"success","floor":11,"damage_taken":18},{"event_name":"Dead Adventurer","player_choice":"Searched \u00271\u0027 times","floor":12,"damage_taken":0}],"boss_relics":[],"items_purged_floors":[3],"is_endless":false,"potions_floor_spawned":[2,5,12],"killed_by":"Lagavulin Event","ascension_level":0}