{"gold_per_floor":[112,112,23,37,37,66,66,78,78,88,106,137,212,229,229,327,327,308,327,21,33,33,33,49,49,49,49,67,67,78,24,24,121,121,135,150,164,164,176,176,92,20,20,20,20,20,20,30,30,30],"floor_reached":51,"playtime":1478,"items_purged":[],"score":684,"play_id":"fa241615-0bda-460f-9c29-b78ddb608773","local_time":"20180911134906","is_ascension_mode":false,"campfire_choices":[{"data":"Fusion","floor":7,"key":"SMITH"},{"floor":15,"key":"REST"},{"data":"Seek","floor":23,"key":"SMITH"},{"floor":25,"key":"REST"},{"floor":32,"key":"REST"},{"data":"Echo Form","floor":40,"key":"SMITH"},{"data":"Consume","floor":45,"key":"SMITH"},{"data":"Buffer","floor":47,"key":"SMITH"},{"floor":49,"key":"REST"}],"neow_cost":"NONE","seed_source_timestamp":52403019269539,"circlet_count":0,"master_deck":["Strike_B","Strike_B","Defend_B","Defend_B","Defend_B","Defend_B","Zap+1","Dualcast","Hologram+1","Fusion+1","Go for the Eyes+1","Ball Lightning","Capacitor","Ball Lightning+1","Buffer+1","Darkness","Cold Snap+1","Double Energy","Seek+1","Ball Lightning+1","Coolheaded","Beam Cell+1","All For One+1","Leap+1","Cold Snap+1","Echo Form+1","Consume+1","Defragment+1","Ball Lightning+1","Scrape+1","Thunder Strike+1"],"relics":["Cracked Core","Torii","Molten Egg 2","DataDisk","Nuclear Battery","Kunai","Whetstone","MutagenicStrength","Empty Cage","Potion Belt","Meat on the Bone"],"potions_floor_usage":[6,6,24,28,33,37,50,50],"damage_taken":[{"damage":0,"enemies":"2 Louse","floor":1,"turns":2},{"damage":6,"enemies":"Jaw Worm","floor":4,"turns":4},{"damage":8,"enemies":"3 Sentries","floor":6,"turns":5},{"damage":6,"enemies":"Small Slimes","floor":8,"turns":2},{"damage":1,"enemies":"Blue Slaver","floor":10,"turns":3},{"damage":5,"enemies":"Lots of Slimes","floor":11,"turns":4},{"damage":10,"enemies":"Gremlin Nob","floor":12,"turns":4},{"damage":0,"enemies":"Red Slaver","floor":14,"turns":2},{"damage":14,"enemies":"Slime Boss","floor":16,"turns":6},{"damage":20,"enemies":"2 Thieves","floor":18,"turns":4},{"damage":0,"enemies":"Chosen","floor":19,"turns":4},{"damage":19,"enemies":"Snecko","floor":21,"turns":4},{"damage":22,"enemies":"Snake Plant","floor":24,"turns":4},{"damage":0,"enemies":"Centurion and Healer","floor":28,"turns":3},{"damage":1,"enemies":"Sentry and Sphere","floor":30,"turns":3},{"damage":26,"enemies":"Champ","floor":33,"turns":11},{"damage":1,"enemies":"Orb Walker","floor":35,"turns":2},{"damage":7,"enemies":"3 Darklings","floor":36,"turns":5},{"damage":16,"enemies":"Maw","floor":37,"turns":7},{"damage":20,"enemies":"Reptomancer","floor":39,"turns":5},{"damage":34,"enemies":"3 Darklings","floor":48,"turns":6},{"damage":24,"enemies":"Time Eater","floor":50,"turns":8}],"seed_played":"-7969898926044806091","potions_obtained":[{"floor":4,"key":"Fire Potion"},{"floor":5,"key":"AttackPotion"},{"floor":5,"key":"Dexterity Potion"},{"floor":6,"key":"FocusPotion"},{"floor":10,"key":"SkillPotion"},{"floor":16,"key":"Block Potion"},{"floor":24,"key":"PowerPotion"},{"floor":28,"key":"SkillPotion"},{"floor":35,"key":"FocusPotion"},{"floor":37,"key":"SpeedPotion"}],"is_trial":false,"path_per_floor":["M","?","$","M","?","E","R","M","T","M","M","E","?","M","R","B",null,"M","M","$","M","?","R","M","R","T","?","M","?","M","$","R","B",null,"M","M","M","?","M","R","?","$","T","?","R","$","R","M","R","B"],"character_chosen":"DEFECT","items_purchased":["Fusion","Go for the Eyes","Kunai","Coolheaded","Cold Snap+1","Thunder Strike+1"],"campfire_rested":4,"item_purchase_floors":[3,3,20,20,31,42],"current_hp_per_floor":[75,75,75,69,69,61,61,55,55,54,49,39,28,28,50,36,75,55,55,55,36,36,36,14,36,36,22,22,22,21,21,45,19,80,79,72,56,56,36,36,36,36,36,36,36,36,36,14,38,26],"gold":30,"neow_bonus":"UPGRADE_CARD","is_prod":false,"is_daily":false,"chose_seed":false,"campfire_upgraded":5,"win_rate":0,"timestamp":1536695346,"path_taken":["M","?","$","M","?","E","R","M","T","M","M","E","?","M","R","BOSS","M","M","$","M","?","R","?","R","T","?","?","?","M","$","R","BOSS","M","M","?","?","M","R","?","$","T","?","R","$","R","M","R","BOSS"],"build_version":"2018-09-06","purchased_purges":0,"victory":true,"max_hp_per_floor":[75,75,75,75,75,75,75,75,75,75,75,75,75,75,75,75,75,75,75,75,75,75,75,75,75,75,80,80,80,80,80,80,80,80,80,80,80,80,80,80,80,80,80,80,80,80,80,80,80,80],"card_choices":[{"not_picked":["Gash","Heatsinks"],"picked":"Hologram","floor":1},{"not_picked":["Genetic Algorithm","Redo"],"picked":"Ball Lightning","floor":4},{"not_picked":["Beam Cell","Turbo"],"picked":"Capacitor","floor":6},{"not_picked":["FTL","Conserve Battery"],"picked":"Ball Lightning","floor":8},{"not_picked":["Turbo","Storm"],"picked":"Buffer","floor":10},{"not_picked":["Turbo","Go for the Eyes+1"],"picked":"Darkness","floor":11},{"not_picked":["White Noise","Tempest"],"picked":"Cold Snap+1","floor":12},{"not_picked":["Barrage+1","Hologram"],"picked":"Double Energy","floor":14},{"not_picked":["Buffer","Amplify"],"picked":"Seek","floor":16},{"not_picked":["Leap","Turbo"],"picked":"Ball Lightning+1","floor":18},{"not_picked":["Melter+1","Leap"],"picked":"Streamline+1","floor":19},{"not_picked":["Chaos+1","Turbo"],"picked":"Beam Cell+1","floor":21},{"not_picked":["Barrage+1","Chill"],"picked":"All For One+1","floor":24},{"not_picked":["Leap","Sweeping Beam+1","Compile Driver+1"],"picked":"SKIP","floor":28},{"not_picked":["Steam Power","Redo"],"picked":"Leap+1","floor":30},{"not_picked":["Buffer","Machine Learning"],"picked":"Echo Form","floor":33},{"not_picked":["Undo","Gash+1"],"picked":"Consume","floor":35},{"not_picked":["Ball Lightning+1","Sunder+1"],"picked":"Defragment","floor":36},{"not_picked":["Tempest","Hologram"],"picked":"Ball Lightning+1","floor":37},{"not_picked":["Steam","Streamline+1"],"picked":"Scrape+1","floor":39},{"not_picked":["Heatsinks","Sweeping Beam+1","Scrape+1"],"picked":"SKIP","floor":48}],"player_experience":472029,"relics_obtained":[{"floor":6,"key":"Torii"},{"floor":9,"key":"Molten Egg 2"},{"floor":12,"key":"DataDisk"},{"floor":26,"key":"Whetstone"},{"floor":43,"key":"Meat on the Bone"}],"event_choices":[{"event_name":"Living Wall","player_choice":"Grow","floor":2,"damage_taken":0},{"event_name":"The Lab","player_choice":"Got Potions","floor":5,"damage_taken":0},{"event_name":"World of Goop","player_choice":"Gather Gold","floor":13,"damage_taken":0},{"event_name":"Vampires","player_choice":"Ignored","floor":22,"damage_taken":0},{"event_name":"Forgotten Altar","player_choice":"Shed Blood","floor":27,"damage_taken":0},{"event_name":"Drug Dealer","player_choice":"Inject Mutagens","floor":29,"damage_taken":0},{"event_name":"Upgrade Shrine","player_choice":"Upgraded","floor":38,"damage_taken":0},{"event_name":"WeMeetAgain","player_choice":"Gold","floor":41,"damage_taken":0},{"event_name":"Falling","player_choice":"Removed Attack","floor":44,"damage_taken":0}],"is_beta":false,"boss_relics":[{"not_picked":["Lizard Tail","Cursed Key"],"picked":"Nuclear Battery"},{"not_picked":["Philosopher\u0027s Stone","Calling Bell"],"picked":"Empty Cage"}],"items_purged_floors":[],"is_endless":false,"potions_floor_spawned":[4,6,10,16,24,28,30,35,37],"ascension_level":0}