{"gold_per_floor":[110,130,149,224,238,269,269,269,269,269,294,304,304,320,320,416,416,435,451,471,50,68,99,99,116,193,228,228,259,275,292,292,391,391,409,423,423,435,455,517,517,529,556,87,114,126,177,33,33,33],"floor_reached":50,"playtime":2614,"items_purged":["Strike_R"],"score":686,"play_id":"378235f7-a53f-4347-b972-88a0dac9ac28","local_time":"20180723122943","is_ascension_mode":true,"campfire_choices":[{"floor":8,"key":"REST"},{"data":"Entrench","floor":10,"key":"SMITH"},{"data":"Shrug It Off","floor":13,"key":"SMITH"},{"data":"Bloodletting","floor":15,"key":"SMITH"},{"data":"Seeing Red","floor":24,"key":"SMITH"},{"data":"Body Slam","floor":32,"key":"SMITH"},{"data":"Armaments","floor":41,"key":"SMITH"},{"data":"Brutality","floor":49,"key":"SMITH"}],"neow_cost":"","seed_source_timestamp":732610706967995,"circlet_count":0,"master_deck":["Bash","Entrench+1","Searing Blow","Whirlwind+1","Anger+1","Pummel","Shrug It Off+1","Sword Boomerang","Bloodletting+1","Impervious","Body Slam+1","Seeing Red+1","Shockwave+1","Flex+1","Thunderclap","Shrug It Off","Offering","Warcry+1","Shrug It Off","Armaments+1","Brutality+1","Shrug It Off","Wild Strike","Ghostly Armor","Perfected Strike","Shrug It Off","Searing Blow","Fire Breathing","Sword Boomerang","Thunderclap+1","Flex","Body Slam+1","Armaments+1","Shrug It Off+1","Panache","Rupture+1","Flex+1"],"relics":["Burning Blood","Meat on the Bone","Shuriken","Red Skull","Coffee Dripper","Art of War","Toolbox","Charon\u0027s Ashes","Mummified Hand","Whetstone","Anchor","Pandora\u0027s Box","Tiny Chest","Oddly Smooth Stone","Bottled Lightning","Vajra","Lantern","Ancient Tea Set"],"potions_floor_usage":[6,11,16,22,23,25,33,50,50,50],"damage_taken":[{"damage":1,"enemies":"Cultist","floor":1,"turns":3},{"damage":11,"enemies":"2 Louse","floor":2,"turns":4},{"damage":11,"enemies":"Small Slimes","floor":3,"turns":4},{"damage":7,"enemies":"2 Fungi Beasts","floor":5,"turns":4},{"damage":38,"enemies":"3 Sentries","floor":6,"turns":8},{"damage":18,"enemies":"Lagavulin","floor":11,"turns":3},{"damage":3,"enemies":"3 Louse","floor":12,"turns":2},{"damage":0,"enemies":"Large Slime","floor":14,"turns":4},{"damage":47,"enemies":"Slime Boss","floor":16,"turns":9},{"damage":0,"enemies":"Spheric Guardian","floor":18,"turns":3},{"damage":24,"enemies":"Shell Parasite","floor":19,"turns":5},{"damage":9,"enemies":"Sentry and Sphere","floor":20,"turns":4},{"damage":32,"enemies":"Snake Plant","floor":22,"turns":4},{"damage":13,"enemies":"Gremlin Leader","floor":23,"turns":5},{"damage":18,"enemies":"Cultist and Chosen","floor":25,"turns":5},{"damage":24,"enemies":"Slavers","floor":27,"turns":2},{"damage":6,"enemies":"Gremlin Leader","floor":29,"turns":5},{"damage":5,"enemies":"Centurion and Healer","floor":30,"turns":2},{"damage":2,"enemies":"Snecko","floor":31,"turns":3},{"damage":28,"enemies":"Champ","floor":33,"turns":7},{"damage":6,"enemies":"Flame Bruiser 1 Orb","floor":35,"turns":4},{"damage":0,"enemies":"3 Shapes","floor":36,"turns":1},{"damage":3,"enemies":"3 Darklings","floor":38,"turns":2},{"damage":8,"enemies":"Spire Growth","floor":39,"turns":2},{"damage":21,"enemies":"Giant Head","floor":40,"turns":6},{"damage":17,"enemies":"Flame Bruiser 2 Orb","floor":42,"turns":4},{"damage":30,"enemies":"2 Orb Walkers","floor":45,"turns":3},{"damage":8,"enemies":"4 Shapes","floor":46,"turns":1},{"damage":66,"enemies":"Awakened One","floor":50,"turns":7}],"seed_played":"3177556076054426968","potions_obtained":[{"floor":1,"key":"GamblersBrew"},{"floor":5,"key":"Poison Potion"},{"floor":6,"key":"AttackPotion"},{"floor":14,"key":"GamblersBrew"},{"floor":19,"key":"LiquidBronze"},{"floor":20,"key":"SteroidPotion"},{"floor":27,"key":"Strength Potion"},{"floor":30,"key":"Ancient Potion"},{"floor":31,"key":"Poison Potion"},{"floor":33,"key":"Weak Potion"},{"floor":39,"key":"FearPotion"}],"is_trial":false,"path_per_floor":["M","M","M","?","M","E","?","R","T","R","E","M","R","M","R","B",null,"M","M","M","$","M","E","R","M","T","E","?","E","M","M","R","B",null,"M","M","?","M","M","E","R","M","T","$","E","M","T","$","R"],"character_chosen":"IRONCLAD","items_purchased":["Art of War","Toolbox","Bottled Lightning","Panache","Ancient Tea Set"],"campfire_rested":1,"item_purchase_floors":[21,21,44,44,48],"current_hp_per_floor":[80,75,70,59,58,26,10,34,34,34,34,49,49,55,55,26,80,80,62,59,59,45,50,50,50,50,44,29,41,54,58,58,48,85,85,85,85,85,83,68,68,61,61,61,49,59,59,59,59,0],"gold":33,"neow_bonus":"","is_prod":false,"is_daily":false,"chose_seed":false,"campfire_upgraded":7,"win_rate":0,"timestamp":1532370583,"path_taken":["M","M","M","?","M","E","?","R","T","R","E","M","R","M","R","BOSS","M","M","M","$","M","E","R","M","T","E","?","E","M","M","R","BOSS","M","M","?","M","M","E","R","M","T","$","E","M","?","$","R","BOSS"],"build_version":"2018-07-19v2","purchased_purges":1,"victory":false,"max_hp_per_floor":[80,80,80,80,80,80,80,80,80,80,80,80,80,80,80,80,80,80,80,80,80,80,80,80,80,80,80,85,85,85,85,85,85,85,85,85,85,85,85,85,85,85,85,85,85,85,85,85,85,85],"card_choices":[{"not_picked":["Wild Strike","Thunderclap"],"picked":"Entrench","floor":1},{"not_picked":["Cleave","Perfected Strike"],"picked":"Searing Blow","floor":2},{"not_picked":["Evolve","Sword Boomerang"],"picked":"Whirlwind","floor":3},{"not_picked":["Combust","Juggernaut"],"picked":"Anger","floor":5},{"not_picked":["Sword Boomerang","Rupture"],"picked":"Pummel","floor":6},{"not_picked":["Wild Strike","Rage"],"picked":"Shrug It Off","floor":11},{"not_picked":["Clash","Wild Strike"],"picked":"Sword Boomerang","floor":12},{"not_picked":["Disarm","Shockwave"],"picked":"Bloodletting","floor":14},{"not_picked":["Dark Embrace","Exhume"],"picked":"Impervious","floor":16},{"not_picked":["Power Through","Wild Strike"],"picked":"Body Slam","floor":18},{"not_picked":["Pommel Strike","Clothesline"],"picked":"Seeing Red","floor":19},{"not_picked":["Iron Wave+1","Dual Wield"],"picked":"Shockwave+1","floor":20},{"not_picked":["Sentinel","Brutality"],"picked":"Flex+1","floor":22},{"not_picked":["Rampage","Power Through+1"],"picked":"Thunderclap","floor":23},{"not_picked":["Whirlwind","Intimidate"],"picked":"Shrug It Off","floor":25},{"not_picked":["Iron Wave","Shrug It Off"],"picked":"Offering","floor":27},{"not_picked":["Power Through","Headbutt"],"picked":"Warcry+1","floor":29},{"not_picked":["Anger+1","Perfected Strike"],"picked":"Shrug It Off","floor":30},{"not_picked":["Dual Wield","Whirlwind"],"picked":"Armaments","floor":31},{"not_picked":["Juggernaut","Bludgeon"],"picked":"Brutality","floor":33},{"not_picked":["True Grit","Twin Strike"],"picked":"Thunderclap+1","floor":35},{"not_picked":["Armaments","Wild Strike","True Grit+1"],"picked":"SKIP","floor":36},{"not_picked":["Cleave+1","Intimidate"],"picked":"Flex","floor":38},{"not_picked":["Sever Soul+1","Seeing Red"],"picked":"Body Slam+1","floor":39},{"not_picked":["Searing Blow","Cleave+1"],"picked":"Armaments+1","floor":40},{"not_picked":["Headbutt","Cleave"],"picked":"Shrug It Off+1","floor":42},{"not_picked":["Impervious","Headbutt+1"],"picked":"Rupture+1","floor":45},{"not_picked":["Evolve+1","Headbutt+1"],"picked":"Flex+1","floor":46}],"player_experience":260480,"relics_obtained":[{"floor":6,"key":"Meat on the Bone"},{"floor":9,"key":"Shuriken"},{"floor":11,"key":"Red Skull"},{"floor":23,"key":"Charon\u0027s Ashes"},{"floor":26,"key":"Mummified Hand"},{"floor":27,"key":"Whetstone"},{"floor":29,"key":"Anchor"},{"floor":40,"key":"Tiny Chest"},{"floor":43,"key":"Oddly Smooth Stone"},{"floor":45,"key":"Vajra"},{"floor":47,"key":"Lantern"}],"event_choices":[{"event_name":"World of Goop","player_choice":"Gather Gold","floor":4,"damage_taken":0},{"event_name":"Shining Light","player_choice":"Entered Light","floor":7,"damage_taken":0},{"event_name":"Forgotten Altar","player_choice":"Shed Blood","floor":28,"damage_taken":0},{"event_name":"Tomb of Lord Red Mask","player_choice":"Ignored","floor":37,"damage_taken":0}],"is_beta":false,"boss_relics":[{"not_picked":["Calling Bell","Runic Cube"],"picked":"Coffee Dripper"},{"not_picked":["Lizard Tail","Velvet Choker"],"picked":"Pandora\u0027s Box"}],"items_purged_floors":[21],"is_endless":false,"potions_floor_spawned":[1,5,6,14,19,20,27,30,31,33,38,39,42,46],"killed_by":"Awakened One","ascension_level":2}