{"gold_per_floor":[111,111,111,126,149,189,189,227,251,251,251,267,282,259,259,389,389,409,425,425,425],"floor_reached":21,"playtime":705,"items_purged":[],"score":261,"play_id":"40a50d48-4bb0-4ccf-b35f-becaff6f79dd","local_time":"20190313190621","is_ascension_mode":true,"campfire_choices":[{"floor":7,"key":"REST"},{"floor":15,"key":"REST"}],"neow_cost":"NONE","seed_source_timestamp":125028782595014,"circlet_count":0,"master_deck":["Defend_R","Defend_R","Defend_R","Defend_R+1","Bash","Blind","Twin Strike","Flex+1","Heavy Blade","Twin Strike","Parasite","Armaments","Limit Break","Sword Boomerang","Sword Boomerang","Pommel Strike","Pommel Strike","Perfected Strike+1","Iron Wave+1","Bite","Bite","Bite","Bite","Bite"],"relics":["Burning Blood","Golden Idol","Red Skull","Pen Nib","War Paint","Orrery"],"potions_floor_usage":[4,6,16,16,18],"damage_taken":[{"damage":4,"enemies":"Jaw Worm","floor":1,"turns":4},{"damage":0,"enemies":"Small Slimes","floor":4,"turns":3},{"damage":0,"enemies":"Cultist","floor":5,"turns":3},{"damage":42,"enemies":"Lagavulin","floor":6,"turns":7},{"damage":30,"enemies":"Gremlin Nob","floor":8,"turns":4},{"damage":11,"enemies":"Looter","floor":12,"turns":2},{"damage":8,"enemies":"3 Louse","floor":13,"turns":4},{"damage":43,"enemies":"Hexaghost","floor":16,"turns":9},{"damage":33,"enemies":"Shell Parasite","floor":18,"turns":6},{"damage":11,"enemies":"3 Byrds","floor":19,"turns":5},{"damage":50,"enemies":"Snecko","floor":21,"turns":5}],"seed_played":"427971153780588966","potions_obtained":[{"floor":1,"key":"Block Potion"},{"floor":3,"key":"SpeedPotion"},{"floor":3,"key":"Fruit Juice"},{"floor":4,"key":"AttackPotion"},{"floor":8,"key":"Weak Potion"},{"floor":16,"key":"AttackPotion"}],"is_trial":false,"path_per_floor":["?","?","M","?","?","?","?"],"character_chosen":"IRONCLAD","items_purchased":[],"campfire_rested":2,"item_purchase_floors":[],"current_hp_per_floor":[80,74,74,79,79,43,66,42,42,42,61,56,54,54,77,40,69,42,37,37,0],"gold":425,"neow_bonus":"RANDOM_COLORLESS","is_prod":false,"is_daily":false,"chose_seed":false,"campfire_upgraded":0,"win_rate":0,"timestamp":1552500381,"path_taken":["M","?","?","M","?","E","R","E","T","?","?","M","M","?","R","BOSS","M","M","?","M"],"build_version":"2019-01-23","purchased_purges":0,"victory":false,"max_hp_per_floor":[80,74,74,79,79,79,79,79,79,79,79,79,79,79,79,79,79,79,79,55,55],"card_choices":[{"not_picked":["Battle Trance","Clothesline"],"picked":"Twin Strike","floor":1},{"not_picked":["Corruption","Sentinel"],"picked":"Flex","floor":4},{"not_picked":["Intimidate","Cleave"],"picked":"Heavy Blade","floor":5},{"not_picked":["Dark Embrace","Clothesline","Headbutt"],"picked":"SKIP","floor":6},{"not_picked":["Wild Strike","Corruption"],"picked":"Twin Strike","floor":8},{"not_picked":["Evolve","Hemokinesis"],"picked":"Armaments","floor":12},{"not_picked":["Sever Soul","Evolve","Feel No Pain"],"picked":"SKIP","floor":13},{"not_picked":["Juggernaut","Feed"],"picked":"Limit Break","floor":16},{"not_picked":["Bloodletting","Body Slam"],"picked":"Sword Boomerang","floor":17},{"not_picked":["Blood for Blood","Seeing Red"],"picked":"Sword Boomerang","floor":17},{"not_picked":["Rampage","Sword Boomerang"],"picked":"Pommel Strike","floor":17},{"not_picked":["Clothesline","Reckless Charge"],"picked":"Pommel Strike","floor":17},{"not_picked":["Bloodletting","Havoc+1"],"picked":"Perfected Strike+1","floor":18},{"not_picked":["Reckless Charge","Perfected Strike"],"picked":"Iron Wave+1","floor":19}],"player_experience":265189,"relics_obtained":[{"floor":6,"key":"Red Skull"},{"floor":8,"key":"Pen Nib"},{"floor":9,"key":"War Paint"}],"event_choices":[{"damage_healed":0,"gold_gain":0,"player_choice":"Lose Max HP","damage_taken":0,"relics_obtained":["Golden Idol"],"max_hp_gain":0,"max_hp_loss":6,"event_name":"Golden Idol","floor":2,"gold_loss":0},{"damage_healed":0,"gold_gain":0,"player_choice":"Got Potions","damage_taken":0,"max_hp_gain":0,"max_hp_loss":0,"event_name":"Lab","floor":3,"gold_loss":0},{"damage_healed":0,"gold_gain":0,"player_choice":"Ignored","damage_taken":0,"max_hp_gain":0,"max_hp_loss":0,"event_name":"Shining Light","floor":10,"gold_loss":0},{"damage_healed":19,"gold_gain":0,"player_choice":"Healed and dodged fight","damage_taken":0,"max_hp_gain":0,"max_hp_loss":0,"event_name":"Mushrooms","floor":11,"gold_loss":0,"cards_obtained":["Parasite"]},{"damage_healed":0,"gold_gain":0,"player_choice":"Left Gold","damage_taken":0,"max_hp_gain":0,"max_hp_loss":0,"event_name":"World of Goop","floor":14,"gold_loss":23},{"damage_healed":0,"gold_gain":0,"player_choice":"Became a vampire","damage_taken":0,"max_hp_gain":0,"max_hp_loss":24,"event_name":"Vampires","floor":20,"gold_loss":0,"cards_obtained":["Bite","Bite","Bite","Bite","Bite"]}],"is_beta":false,"boss_relics":[{"not_picked":["Busted Crown","Cursed Key"],"picked":"Orrery"}],"items_purged_floors":[],"is_endless":false,"potions_floor_spawned":[1,4,8,16],"killed_by":"Snecko","ascension_level":5}