{"gold_per_floor":[362,378,389,14,14,49,19,19,319,319,329,363,381,61,61,164,214,231,256,256,275,275],"floor_reached":22,"playtime":1180,"items_purged":[],"score":272,"play_id":"23c5244a-6b36-46bf-b03d-fb20fa430eb7","local_time":"20181019125626","is_ascension_mode":true,"campfire_choices":[{"data":"Bludgeon","floor":8.0,"key":"SMITH"},{"data":"Shockwave","floor":10.0,"key":"SMITH"},{"data":"Evolve","floor":15.0,"key":"SMITH"}],"neow_cost":"CURSE","seed_source_timestamp":1345066457129228,"circlet_count":0,"master_deck":["Strike_R","Strike_R","Strike_R","Strike_R","Defend_R","Defend_R","Defend_R","Defend_R","Bash","Injury","Wild Strike","Shrug It Off+1","Clothesline","Sentinel","Bludgeon+1","Shockwave+1","Armaments","True Grit","Wild Strike","Evolve+1","Dark Embrace","Flex","Cleave+1","Power Through","Seeing Red+1","Barricade","True Grit+1"],"special_seed":0,"relics":["Burning Blood","Medical Kit","Oddly Smooth Stone","Nunchaku","Old Coin","Prayer Wheel","Ornamental Fan","Tiny House","Red Mask"],"potions_floor_usage":[19,22],"damage_taken":[{"damage":0.0,"enemies":"Small Slimes","floor":1.0,"turns":4.0},{"damage":7.0,"enemies":"Jaw Worm","floor":2.0,"turns":3.0},{"damage":3.0,"enemies":"2 Louse","floor":3.0,"turns":3.0},{"damage":42.0,"enemies":"3 Sentries","floor":6.0,"turns":13.0},{"damage":2.0,"enemies":"Looter","floor":7.0,"turns":4.0},{"damage":5.0,"enemies":"Red Slaver","floor":11.0,"turns":5.0},{"damage":7.0,"enemies":"Gremlin Nob","floor":12.0,"turns":3.0},{"damage":0.0,"enemies":"2 Fungi Beasts","floor":13.0,"turns":4.0},{"damage":5.0,"enemies":"Slime Boss","floor":16.0,"turns":7.0},{"damage":13.0,"enemies":"3 Byrds","floor":18.0,"turns":3.0},{"damage":66,"enemies":"Masked Bandits","floor":19,"turns":6},{"damage":13,"enemies":"Chosen","floor":21,"turns":7},{"damage":23,"enemies":"Centurion and Healer","floor":22,"turns":4}],"seed_played":"9187893260571756685","potions_obtained":[{"floor":1.0,"key":"BloodPotion"},{"floor":11.0,"key":"GamblersBrew"},{"floor":13.0,"key":"BloodPotion"},{"floor":16.0,"key":"PowerPotion"},{"floor":17.0,"key":"LiquidBronze"},{"floor":19,"key":"Poison Potion"}],"is_trial":false,"path_per_floor":["M","M","M","$","?","E","M","R","T","R","M","E","M","$","R","B",null,"M","?","?","M"],"character_chosen":"IRONCLAD","items_purchased":["Medical Kit","Oddly Smooth Stone","Sentinel","Evolve","Ornamental Fan"],"campfire_rested":0,"item_purchase_floors":[4,4,4,14,14],"current_hp_per_floor":[78,77,80,80,85,49,53,53,53,53,54,53,59,59,59,60,84,77,26,26,19,0],"gold":275,"neow_bonus":"TWO_FIFTY_GOLD","is_prod":false,"is_daily":false,"chose_seed":false,"campfire_upgraded":3,"win_rate":0,"timestamp":1539975386,"path_taken":["M","M","M","$","?","E","M","R","T","R","M","E","M","$","R","BOSS","M","?","?","M","M"],"build_version":"2018-10-18","purchased_purges":0,"victory":false,"max_hp_per_floor":[80,80,80,80,85,85,85,85,85,85,85,85,85,85,85,85,90,90,90,90,90,90],"card_choices":[{"not_picked":["Sword Boomerang","Second Wind"],"picked":"Wild Strike","floor":1.0},{"not_picked":["Sword Boomerang","Warcry"],"picked":"Shrug It Off","floor":2.0},{"not_picked":["Entrench","Power Through"],"picked":"Clothesline","floor":3.0},{"not_picked":["Armaments","Second Wind"],"picked":"Bludgeon","floor":6.0},{"not_picked":["Dual Wield","Dropkick"],"picked":"Shockwave","floor":7.0},{"not_picked":["Iron Wave","Sword Boomerang"],"picked":"Armaments","floor":11.0},{"not_picked":["Clothesline","Flame Barrier"],"picked":"True Grit","floor":12.0},{"not_picked":["Flex","Shrug It Off"],"picked":"Wild Strike","floor":13.0},{"not_picked":["Pommel Strike","Fire Breathing","Twin Strike"],"picked":"SKIP","floor":13.0},{"not_picked":["Exhume","Berserk"],"picked":"Dark Embrace","floor":16.0},{"not_picked":["Armaments","Clothesline"],"picked":"Flex","floor":17.0},{"not_picked":["Iron Wave","Pummel+1"],"picked":"Cleave+1","floor":18.0},{"not_picked":["Body Slam","Shrug It Off"],"picked":"Power Through","floor":18.0},{"not_picked":["Body Slam","Headbutt"],"picked":"Seeing Red+1","floor":19},{"not_picked":["Blood for Blood","Armaments"],"picked":"Barricade","floor":21},{"not_picked":["Fire Breathing","Pommel Strike"],"picked":"True Grit+1","floor":21}],"player_experience":530096,"relics_obtained":[{"floor":6.0,"key":"Nunchaku"},{"floor":9.0,"key":"Old Coin"},{"floor":12.0,"key":"Prayer Wheel"},{"floor":19,"key":"Red Mask"}],"event_choices":[{"damage_healed":0.0,"max_hp_gain":5.0,"max_hp_loss":0.0,"gold_gain":0.0,"event_name":"Big Fish","player_choice":"Donut","floor":5.0,"gold_loss":0.0,"damage_taken":0.0},{"damage_healed":0,"gold_gain":0,"player_choice":"Fought Bandits","damage_taken":0,"max_hp_gain":0,"max_hp_loss":0,"event_name":"Masked Bandits","floor":19,"gold_loss":0},{"cards_removed":["Strike_R"],"damage_healed":0,"gold_gain":0,"player_choice":"Card Removal","damage_taken":0,"max_hp_gain":0,"max_hp_loss":0,"event_name":"Wheel of Change","floor":20,"gold_loss":0}],"is_beta":false,"boss_relics":[{"not_picked":["Orrery","Fusion Hammer"],"picked":"Tiny House"}],"items_purged_floors":[],"is_endless":false,"potions_floor_spawned":[1,11,13,16,19],"killed_by":"Centurion and Healer","ascension_level":8}