{"gold_per_floor":[117,117,117,136,160,160,194,194,239,239,239,275,299,322,322,442,442,458,458,12,61,75,111,127,127,127,127,39,59,77,77],"floor_reached":31,"playtime":942,"items_purged":[],"score":331,"play_id":"0f53b8c8-11ea-4f97-89c4-b43481a50d3f","local_time":"20190316192106","is_ascension_mode":true,"campfire_choices":[{"data":"Armaments","floor":6,"key":"SMITH"},{"data":"Twin Strike","floor":8,"key":"SMITH"},{"data":"Clash","floor":11,"key":"SMITH"},{"floor":15,"key":"REST"},{"floor":25,"key":"REST"},{"floor":27,"key":"REST"}],"neow_cost":"NONE","seed_source_timestamp":154108075934154,"circlet_count":0,"master_deck":["Bash","Twin Strike+1","Armaments+1","Clash+1","Pommel Strike","Shrug It Off","Juggernaut","Exhume","Warcry","Intimidate","Dropkick","Sever Soul","Berserk","Berserk","Combust","Cleave+1","Sentinel","Inflame","Rampage","Havoc","Flex+1","Pommel Strike","Shrug It Off","Evolve","Havoc","Havoc"],"relics":["Burning Blood","Ancient Tea Set","Golden Idol","PreservedInsect","Anchor","Mercury Hourglass","Red Skull","Pandora\u0027s Box","Omamori","Tiny Chest","Bronze Scales","Sundial","Blood Vial"],"potions_floor_usage":[30,30],"damage_taken":[{"damage":9,"enemies":"2 Louse","floor":1,"turns":3},{"damage":8,"enemies":"Small Slimes","floor":4,"turns":4},{"damage":6,"enemies":"Cultist","floor":5,"turns":4},{"damage":28,"enemies":"Gremlin Nob","floor":7,"turns":4},{"damage":15,"enemies":"Lagavulin","floor":12,"turns":3},{"damage":5,"enemies":"Gremlin Gang","floor":13,"turns":4},{"damage":2,"enemies":"Exordium Wildlife","floor":14,"turns":3},{"damage":33,"enemies":"Hexaghost","floor":16,"turns":7},{"damage":33,"enemies":"Shell Parasite","floor":18,"turns":5},{"damage":17,"enemies":"Spheric Guardian","floor":22,"turns":3},{"damage":40,"enemies":"Book of Stabbing","floor":23,"turns":3},{"damage":34,"enemies":"Snake Plant","floor":24,"turns":3},{"damage":33,"enemies":"Centurion and Healer","floor":29,"turns":4},{"damage":23,"enemies":"3 Cultists","floor":30,"turns":4},{"damage":31,"enemies":"Gremlin Leader","floor":31,"turns":2}],"seed_played":"5970470410042013598","potions_obtained":[{"floor":7,"key":"Strength Potion"},{"floor":12,"key":"Explosive Potion"},{"floor":13,"key":"Swift Potion"},{"floor":18,"key":"Block Potion"},{"floor":30,"key":"AttackPotion"}],"is_trial":false,"path_per_floor":["?","?","?","?","T","M","M"],"character_chosen":"IRONCLAD","items_purchased":["Sentinel","Omamori","Tiny Chest","Inflame","Rampage","Shrug It Off","Evolve"],"campfire_rested":3,"item_purchase_floors":[20,20,20,20,20,28,28],"current_hp_per_floor":[77,77,74,72,72,72,50,50,50,50,50,41,42,46,68,41,66,39,84,84,84,73,39,11,36,36,61,61,36,21,0],"gold":77,"neow_bonus":"RANDOM_COMMON_RELIC","is_prod":false,"is_daily":false,"chose_seed":false,"campfire_upgraded":3,"win_rate":0,"timestamp":1552760466,"path_taken":["M","?","?","M","M","R","E","R","T","?","R","E","M","M","R","BOSS","M","?","$","?","M","E","?","R","T","R","$","M","?","E"],"build_version":"2019-01-23","purchased_purges":0,"victory":false,"max_hp_per_floor":[80,80,74,74,74,74,74,74,74,74,74,74,74,74,74,74,74,74,84,84,84,84,84,84,84,84,84,84,84,84,84],"card_choices":[{"not_picked":["True Grit","Clothesline"],"picked":"Twin Strike","floor":1},{"not_picked":["Warcry","Perfected Strike","Headbutt"],"picked":"SKIP","floor":4},{"not_picked":["Entrench","Anger"],"picked":"Armaments","floor":5},{"not_picked":["Reaper","Disarm"],"picked":"Clash","floor":7},{"not_picked":["Carnage","Headbutt","Cleave"],"picked":"SKIP","floor":12},{"not_picked":["Perfected Strike","Hemokinesis"],"picked":"Pommel Strike","floor":13},{"not_picked":["Dropkick","Fire Breathing"],"picked":"Shrug It Off","floor":14},{"not_picked":["Barricade","Limit Break"],"picked":"Juggernaut","floor":16},{"not_picked":["Clothesline+1","Wild Strike"],"picked":"Cleave+1","floor":18},{"not_picked":["Impervious","Sword Boomerang"],"picked":"Havoc","floor":22},{"not_picked":["Clothesline+1","Burning Pact"],"picked":"Flex+1","floor":23},{"not_picked":["Hemokinesis","Iron Wave"],"picked":"Pommel Strike","floor":24},{"not_picked":["Iron Wave","Seeing Red"],"picked":"Havoc","floor":29},{"not_picked":["Headbutt","Perfected Strike"],"picked":"Havoc","floor":30}],"player_experience":351619,"relics_obtained":[{"floor":7,"key":"PreservedInsect"},{"floor":9,"key":"Anchor"},{"floor":12,"key":"Red Skull"},{"floor":21,"key":"Bronze Scales"},{"floor":23,"key":"Sundial"},{"floor":26,"key":"Blood Vial"}],"event_choices":[{"damage_healed":0,"gold_gain":0,"player_choice":"Ignored","damage_taken":0,"max_hp_gain":0,"max_hp_loss":0,"event_name":"Shining Light","floor":2,"gold_loss":0},{"damage_healed":0,"gold_gain":0,"player_choice":"Lose Max HP","damage_taken":0,"relics_obtained":["Golden Idol"],"max_hp_gain":0,"max_hp_loss":6,"event_name":"Golden Idol","floor":3,"gold_loss":0},{"damage_healed":0,"gold_gain":0,"player_choice":"Searched \u00271\u0027 times","damage_taken":0,"relics_obtained":["Mercury Hourglass"],"max_hp_gain":0,"max_hp_loss":0,"event_name":"Dead Adventurer","floor":10,"gold_loss":0},{"cards_removed":["Berserk"],"damage_healed":35,"gold_gain":0,"player_choice":"Offered Rare","damage_taken":0,"max_hp_gain":10,"max_hp_loss":0,"event_name":"Bonfire Elementals","floor":19,"gold_loss":0}],"is_beta":false,"boss_relics":[{"not_picked":["Runic Pyramid","Lizard Tail"],"picked":"Pandora\u0027s Box"}],"items_purged_floors":[],"is_endless":false,"potions_floor_spawned":[7,12,13,18,23,30],"killed_by":"Gremlin Leader","ascension_level":5}