{"gold_per_floor":[119,132,82,82,32,67,67,102,102,113,133,133,152,183,183,286,286,303,179,179,192,208,235,235],"floor_reached":24,"playtime":1178,"items_purged":["Strike_R"],"score":354,"play_id":"58bf9996-f023-496c-8d22-c048f2e7364b","local_time":"20190320181640","is_ascension_mode":true,"campfire_choices":[{"floor":7,"key":"REST"},{"floor":12,"key":"REST"},{"data":"Demon Form","floor":15,"key":"SMITH"}],"neow_cost":"NONE","seed_source_timestamp":495603035169302,"circlet_count":0,"master_deck":["AscendersBane","Strike_R","Defend_R","Defend_R","Defend_R","Defend_R","Bash","Pommel Strike","Thunderclap","Flame Barrier","Headbutt","Shrug It Off","Demon Form+1","Carnage","Clash","Cleave","Bludgeon","Inflame+1","Flex","Sentinel","Clash","Infernal Blade"],"relics":["Black Blood","Orichalcum","Pear","Pocketwatch","Self Forming Clay","Ice Cream","Happy Flower"],"potions_floor_usage":[6,14,21,22,23,24],"damage_taken":[{"damage":9,"enemies":"Cultist","floor":1,"turns":5},{"damage":0,"enemies":"2 Louse","floor":2,"turns":3},{"damage":58,"enemies":"Lagavulin","floor":6,"turns":9},{"damage":24,"enemies":"3 Sentries","floor":8,"turns":10},{"damage":1,"enemies":"Jaw Worm","floor":10,"turns":3},{"damage":6,"enemies":"Red Slaver","floor":11,"turns":4},{"damage":0,"enemies":"Exordium Thugs","floor":13,"turns":3},{"damage":19,"enemies":"Lagavulin","floor":14,"turns":7},{"damage":23,"enemies":"The Guardian","floor":16,"turns":10},{"damage":21,"enemies":"Spheric Guardian","floor":18,"turns":4},{"damage":13,"enemies":"3 Byrds","floor":21,"turns":5},{"damage":29,"enemies":"Snake Plant","floor":22,"turns":3},{"damage":41,"enemies":"Gremlin Leader","floor":23,"turns":8},{"damage":17,"enemies":"Centurion and Healer","floor":24,"turns":3}],"seed_played":"-2103846160959139877","potions_obtained":[{"floor":2,"key":"FearPotion"},{"floor":10,"key":"PowerPotion"},{"floor":11,"key":"Explosive Potion"},{"floor":14,"key":"Energy Potion"},{"floor":21,"key":"AttackPotion"},{"floor":22,"key":"FearPotion"},{"floor":23,"key":"AttackPotion"}],"is_trial":false,"path_per_floor":["?","?","$","?","M"],"character_chosen":"IRONCLAD","items_purchased":["Headbutt","Flex"],"campfire_rested":2,"item_purchase_floors":[5,19],"current_hp_per_floor":[69,75,75,75,75,33,60,42,42,47,47,74,80,67,67,50,80,69,69,69,66,47,16,0],"gold":235,"neow_bonus":"RANDOM_COMMON_RELIC","is_prod":false,"is_daily":false,"chose_seed":false,"campfire_upgraded":1,"win_rate":0,"timestamp":1553102200,"path_taken":["M","M","?","?","$","E","R","E","T","M","M","R","M","E","R","BOSS","M","?","?","M","?","E","M"],"build_version":"2019-01-23","purchased_purges":1,"victory":false,"max_hp_per_floor":[80,80,80,80,80,90,90,90,90,90,90,90,90,90,90,90,90,90,90,90,90,90,90,90],"card_choices":[{"not_picked":["Wild Strike","Body Slam"],"picked":"Pommel Strike","floor":1},{"not_picked":["Rampage","Sword Boomerang"],"picked":"Thunderclap","floor":2},{"not_picked":["Havoc","Sever Soul"],"picked":"Shrug It Off","floor":6},{"not_picked":["Searing Blow","Twin Strike"],"picked":"Demon Form","floor":8},{"not_picked":["Headbutt","Wild Strike"],"picked":"Carnage","floor":10},{"not_picked":["Thunderclap","Second Wind"],"picked":"Clash","floor":11},{"not_picked":["Battle Trance","Second Wind","Evolve"],"picked":"SKIP","floor":13},{"not_picked":["Twin Strike","Wild Strike"],"picked":"Cleave","floor":14},{"not_picked":["Exhume","Brutality"],"picked":"Bludgeon","floor":16},{"not_picked":["Thunderclap","True Grit"],"picked":"Inflame+1","floor":18},{"not_picked":["Corruption","Headbutt"],"picked":"Sentinel","floor":21},{"not_picked":["Reckless Charge","True Grit"],"picked":"Clash","floor":22},{"not_picked":["Body Slam","Perfected Strike"],"picked":"Infernal Blade","floor":23}],"player_experience":437187,"relics_obtained":[{"floor":6,"key":"Pear"},{"floor":8,"key":"Pocketwatch"},{"floor":9,"key":"Self Forming Clay"},{"floor":14,"key":"Ice Cream"},{"floor":23,"key":"Happy Flower"}],"event_choices":[{"cards_removed":["Strike_R"],"damage_healed":0,"gold_gain":0,"player_choice":"Card Removal","damage_taken":0,"max_hp_gain":0,"max_hp_loss":0,"event_name":"The Cleric","floor":3,"gold_loss":50},{"damage_healed":0,"gold_gain":0,"cards_transformed":["Strike_R"],"player_choice":"Transformed","damage_taken":0,"max_hp_gain":0,"max_hp_loss":0,"event_name":"Transmorgrifier","floor":4,"gold_loss":0,"cards_obtained":["Flame Barrier"]},{"cards_removed":["Strike_R"],"damage_healed":0,"gold_gain":0,"player_choice":"Purged","damage_taken":0,"max_hp_gain":0,"max_hp_loss":0,"event_name":"Purifier","floor":20,"gold_loss":0}],"is_beta":false,"boss_relics":[{"not_picked":["Busted Crown","Runic Pyramid"],"picked":"Black Blood"}],"items_purged_floors":[19],"is_endless":false,"potions_floor_spawned":[2,10,11,14,21,22,23],"killed_by":"Centurion and Healer","ascension_level":10}