{"gold_per_floor":[112,130,54,54,54,54,72,84,84,9,37,37,112,128,128,224,224,239,239,139,153,163,163],"floor_reached":23,"playtime":1022,"items_purged":["Strike_B","Defend_B"],"score":191,"play_id":"495e934e-52a3-488a-943a-1b326af464ce","local_time":"20180730171806","is_ascension_mode":false,"campfire_choices":[{"data":"Glacier","floor":6,"key":"SMITH"},{"data":"Chaos","floor":12,"key":"SMITH"},{"data":"Zap","floor":15,"key":"SMITH"}],"neow_cost":"NONE","seed_source_timestamp":1356246712445083,"circlet_count":0,"master_deck":["Strike_B","Strike_B","Strike_B","Defend_B","Defend_B","Defend_B","Zap+1","Dualcast","Chaos+1","Conserve Battery","Glacier+1","Beam Cell","Multi-Cast","Heatsinks","Conserve Battery","Echo Form","Fusion","Storm","Double Energy"],"relics":["Coffee Dripper"],"potions_floor_usage":[11,16,16,22,23],"damage_taken":[{"damage":1,"enemies":"Cultist","floor":1,"turns":4},{"damage":1,"enemies":"Jaw Worm","floor":2,"turns":4},{"damage":0,"enemies":"Small Slimes","floor":7,"turns":3},{"damage":0,"enemies":"Looter","floor":8,"turns":2},{"damage":16,"enemies":"3 Sentries","floor":11,"turns":8},{"damage":6,"enemies":"Exordium Thugs","floor":14,"turns":5},{"damage":21,"enemies":"Slime Boss","floor":16,"turns":15},{"damage":6,"enemies":"Chosen","floor":18,"turns":6},{"damage":3,"enemies":"Shell Parasite","floor":21,"turns":10},{"damage":53,"enemies":"Cultist and Chosen","floor":22,"turns":6},{"damage":18,"enemies":"Sentry and Sphere","floor":23,"turns":5}],"seed_played":"7086521302428964740","potions_obtained":[{"floor":2,"key":"Swift Potion"},{"floor":7,"key":"LiquidBronze"},{"floor":11,"key":"SpeedPotion"},{"floor":14,"key":"Fire Potion"},{"floor":22,"key":"EssenceOfSteel"}],"is_trial":false,"path_per_floor":["M","M","$","$","?","R","M","M","T","$","E","R","?","M","R","B",null,"M","T","$","M","M"],"character_chosen":"DEFECT","items_purchased":["Glacier"],"campfire_rested":0,"item_purchase_floors":[3],"current_hp_per_floor":[74,73,73,73,73,73,73,73,73,73,57,57,46,40,40,19,75,69,69,69,66,13,0],"gold":163,"neow_bonus":"BOSS_RELIC","is_prod":false,"is_daily":false,"chose_seed":false,"campfire_upgraded":3,"win_rate":0,"timestamp":1532992686,"path_taken":["M","M","?","$","?","R","M","?","T","$","E","R","?","M","R","BOSS","M","?","?","?","M","M"],"build_version":"2018-07-26","purchased_purges":2,"victory":false,"max_hp_per_floor":[75,75,75,75,75,75,75,75,75,75,75,75,75,75,75,75,75,75,75,75,75,75,75],"card_choices":[{"not_picked":["Hologram","Barrage"],"picked":"Chaos","floor":1},{"not_picked":["Blizzard","Leap"],"picked":"Conserve Battery","floor":2},{"not_picked":["Steam","Darkness"],"picked":"Beam Cell","floor":7},{"not_picked":["Rebound","Undo"],"picked":"Multi-Cast","floor":8},{"not_picked":["Recycle","Reinforced Body"],"picked":"Heatsinks","floor":11},{"not_picked":["Force Field","Compile Driver"],"picked":"Conserve Battery","floor":14},{"not_picked":["Reboot","Seek"],"picked":"Echo Form","floor":16},{"not_picked":["Beam Cell","Redo"],"picked":"Fusion","floor":18},{"not_picked":["Aggregate","Redo"],"picked":"Storm","floor":21},{"not_picked":["Coolheaded","Sweeping Beam"],"picked":"Double Energy","floor":22}],"player_experience":305992,"relics_obtained":[],"event_choices":[{"event_name":"Liars Game","player_choice":"disagreed","floor":5,"damage_taken":0},{"event_name":"World of Goop","player_choice":"Gather Gold","floor":13,"damage_taken":0}],"is_beta":false,"boss_relics":[{"not_picked":["Velvet Choker","Inserter","Sozu"]}],"items_purged_floors":[10,20],"is_endless":false,"potions_floor_spawned":[2,7,11,14,22],"killed_by":"Sentry and Sphere","ascension_level":0}