{"gold_per_floor":[118,73,88,105,115,141,141,176,176,176,176,188,203,203,203,301,301,271,121,139,139,159,159,7,19,19,19,19,19,38,52,52,154,154,169,169,217,217],"floor_reached":38,"playtime":1828,"items_purged":["Strike_G"],"score":463,"play_id":"c53f9b0b-69f3-46bc-9cfa-0dd03fac6a5a","local_time":"20180818020648","is_ascension_mode":true,"campfire_choices":[{"data":"Malaise","floor":7,"key":"SMITH"},{"floor":10,"key":"REST"},{"floor":15,"key":"REST"},{"data":"Noxious Fumes","floor":23,"key":"SMITH"},{"data":"Wraith Form v2","floor":27,"key":"SMITH"},{"data":"Sucker Punch","floor":29,"key":"SMITH"},{"floor":32,"key":"REST"}],"neow_cost":"NONE","seed_source_timestamp":2942133378451095,"circlet_count":0,"master_deck":["Defend_G","Defend_G","Defend_G","Defend_G","Defend_G","Strike_G","Strike_G","Strike_G","Strike_G","Survivor","Neutralize","Slice","Sucker Punch+1","Acrobatics","Noxious Fumes+1","Underhanded Strike","Malaise+1","Wraith Form v2+1","Caltrops","Underhanded Strike","After Image","Leg Sweep+1","Infinite Blades","Accuracy+1","Infinite Blades+1","Well Laid Plans","PiercingWail","Tools of the Trade","Blade Dance","Impatience","Finesse"],"relics":["Ring of the Serpent","Orichalcum","Incense Burner","Darkstone Periapt","Bottled Lightning","Singing Bowl","Lantern","Bottled Flame","WristBlade","Vajra"],"potions_floor_usage":[4,12,16,22],"damage_taken":[{"damage":3,"enemies":"Jaw Worm","floor":1,"turns":4},{"damage":0,"enemies":"Cultist","floor":3,"turns":4},{"damage":1,"enemies":"2 Louse","floor":4,"turns":3},{"damage":0,"enemies":"Blue Slaver","floor":5,"turns":4},{"damage":26,"enemies":"Lagavulin","floor":6,"turns":7},{"damage":28,"enemies":"Gremlin Nob","floor":8,"turns":6},{"damage":15,"enemies":"Lots of Slimes","floor":12,"turns":4},{"damage":8,"enemies":"Gremlin Gang","floor":13,"turns":5},{"damage":17,"enemies":"The Guardian","floor":16,"turns":14},{"damage":0,"enemies":"2 Thieves","floor":18,"turns":5},{"damage":20,"enemies":"Spheric Guardian","floor":20,"turns":9},{"damage":10,"enemies":"Chosen and Byrds","floor":22,"turns":7},{"damage":3,"enemies":"Snake Plant","floor":25,"turns":8},{"damage":14,"enemies":"Sentry and Sphere","floor":30,"turns":5},{"damage":4,"enemies":"Chosen and Byrds","floor":31,"turns":6},{"damage":11,"enemies":"Collector","floor":33,"turns":11},{"damage":22,"enemies":"3 Shapes","floor":35,"turns":6},{"damage":49,"enemies":"3 Darklings","floor":38,"turns":2}],"seed_played":"-3707757217105993953","potions_obtained":[{"floor":1,"key":"Block Potion"},{"floor":8,"key":"SpeedPotion"},{"floor":12,"key":"AttackPotion"},{"floor":13,"key":"GhostInAJar"},{"floor":31,"key":"SpeedPotion"}],"is_trial":false,"path_per_floor":["M","$","M","M","M","E","R","E","T","R","?","M","M","?","R","B",null,"M","$","M","?","M","R","$","M","T","R","?","R","M","M","R","B",null,"M","?","T"],"character_chosen":"THE_SILENT","items_purchased":["Sucker Punch","Infinite Blades","Lantern"],"campfire_rested":3,"item_purchase_floors":[2,19,24],"current_hp_per_floor":[67,67,67,66,66,40,40,12,12,33,33,18,10,10,31,14,70,70,70,50,50,40,40,40,39,39,39,39,39,25,21,42,31,72,50,42,42,0],"gold":217,"neow_bonus":"RANDOM_COMMON_RELIC","is_prod":false,"is_daily":false,"chose_seed":false,"campfire_upgraded":4,"win_rate":0,"timestamp":1534579608,"path_taken":["M","$","M","M","M","E","R","E","T","R","?","M","M","?","R","BOSS","M","$","?","?","M","R","$","M","T","R","?","R","M","M","R","BOSS","M","?","?","M"],"build_version":"2018-08-16","purchased_purges":1,"victory":false,"max_hp_per_floor":[70,70,70,70,70,70,70,70,70,70,70,70,70,70,70,70,70,70,70,70,70,70,70,70,72,72,72,72,72,72,72,72,72,72,72,74,74,74],"card_choices":[{"not_picked":["Choke","Riddle With Holes"],"picked":"Slice","floor":1},{"not_picked":["Quick Slash","Eviscerate"],"picked":"Acrobatics","floor":3},{"not_picked":["Slice","Backflip"],"picked":"Noxious Fumes","floor":4},{"not_picked":["Prepared","Outmaneuver"],"picked":"Underhanded Strike","floor":5},{"not_picked":["Bane","Poisoned Stab"],"picked":"Malaise","floor":6},{"not_picked":["Flechettes","Endless Agony"],"picked":"Wraith Form v2","floor":8},{"not_picked":["Backflip","Predator"],"picked":"Caltrops","floor":12},{"not_picked":["Slice","Caltrops"],"picked":"Underhanded Strike","floor":13},{"not_picked":["Storm of Steel","Envenom"],"picked":"After Image","floor":16},{"not_picked":["Deflect","Flying Knee"],"picked":"Leg Sweep+1","floor":18},{"not_picked":["Dodge and Roll","Backstab"],"picked":"Accuracy+1","floor":20},{"not_picked":["Slice+1","Deflect"],"picked":"Infinite Blades+1","floor":22},{"not_picked":["Underhanded Strike","Slice","Backflip"],"picked":"Singing Bowl","floor":25},{"not_picked":["Grand Finale","Outmaneuver+1"],"picked":"Well Laid Plans","floor":30},{"not_picked":["Outmaneuver","Acrobatics"],"picked":"PiercingWail","floor":31},{"not_picked":["Venomology","Grand Finale"],"picked":"Tools of the Trade","floor":33},{"not_picked":["Slice+1","Skewer"],"picked":"Blade Dance","floor":35},{"not_picked":["Transmutation","Dark Shackles","HandOfGreed"],"picked":"Singing Bowl","floor":36},{"not_picked":["Flash of Steel","Enlightenment"],"picked":"Impatience","floor":36},{"not_picked":["Thinking Ahead","Magnetism"],"picked":"Finesse","floor":36}],"player_experience":403553,"relics_obtained":[{"floor":6,"key":"Incense Burner"},{"floor":8,"key":"Darkstone Periapt"},{"floor":9,"key":"Bottled Lightning"},{"floor":26,"key":"Bottled Flame"},{"floor":37,"key":"Vajra"}],"event_choices":[{"event_name":"The Woman in Blue","player_choice":"Bought 0 Potions","floor":11,"damage_taken":0},{"event_name":"Shining Light","player_choice":"Ignored","floor":14,"damage_taken":0},{"event_name":"Accursed Blacksmith","player_choice":"Rummage","floor":21,"damage_taken":0},{"event_name":"Drug Dealer","player_choice":"Ignored","floor":28,"damage_taken":0},{"event_name":"SensoryStone","player_choice":"Memory 3","floor":36,"damage_taken":0}],"is_beta":false,"boss_relics":[{"not_picked":["Fusion Hammer","Tiny House"],"picked":"Ring of the Serpent"},{"not_picked":["Calling Bell","White Beast Statue"],"picked":"WristBlade"}],"items_purged_floors":[19],"is_endless":false,"potions_floor_spawned":[1,8,12,13,31],"killed_by":"3 Darklings","ascension_level":4}