{"gold_per_floor":[111,111,111,125,125,125,160,173,173,173,183,214,214,225,225,225],"floor_reached":16,"playtime":714,"items_purged":[],"score":176,"play_id":"e41d449a-b75b-4668-bde4-78478e0dbf3f","local_time":"20181121151921","is_ascension_mode":true,"campfire_choices":[{"floor":6.0,"key":"REST"},{"floor":10.0,"key":"REST"},{"floor":13.0,"key":"REST"},{"floor":15.0,"key":"REST"}],"neow_cost":"NONE","seed_source_timestamp":876137688856029,"circlet_count":0,"master_deck":["AscendersBane","Defend_G","Defend_G+1","Defend_G","Defend_G","Defend_G","Strike_G","Strike_G","Strike_G","Strike_G+1","Survivor","Neutralize","Purity","Dagger Throw","Blur+1","Leg Sweep","Deadly Poison","Malaise","Distraction","Distraction"],"special_seed":0,"relics":["Ring of the Snake","Dodecahedron","Bronze Scales"],"potions_floor_usage":[16],"damage_taken":[{"damage":3.0,"enemies":"Small Slimes","floor":1.0,"turns":5.0},{"damage":0.0,"enemies":"Jaw Worm","floor":4.0,"turns":5.0},{"damage":28.0,"enemies":"Lagavulin","floor":7.0,"turns":10.0},{"damage":0.0,"enemies":"Cultist","floor":8.0,"turns":5.0},{"damage":0.0,"enemies":"Blue Slaver","floor":11.0,"turns":5.0},{"damage":34.0,"enemies":"Gremlin Nob","floor":12.0,"turns":5.0},{"damage":5.0,"enemies":"Large Slime","floor":14.0,"turns":8.0},{"damage":57,"enemies":"Slime Boss","floor":16,"turns":12}],"seed_played":"-5028043458465031536","potions_obtained":[{"floor":1.0,"key":"Fire Potion"},{"floor":8.0,"key":"Fire Potion"},{"floor":12.0,"key":"FearPotion"},{"floor":14.0,"key":"Explosive Potion"}],"is_trial":false,"path_per_floor":["M","?","?","M","?","R","E","M","T","R","M","E","R","M","R","B"],"character_chosen":"THE_SILENT","items_purchased":[],"campfire_rested":4,"item_purchase_floors":[],"current_hp_per_floor":[60,53,39,39,39,60,32,32,32,53,53,19,40,35,56,0],"gold":225,"neow_bonus":"RANDOM_COLORLESS","is_prod":false,"is_daily":false,"chose_seed":false,"campfire_upgraded":0,"win_rate":0,"timestamp":1542838761,"path_taken":["M","?","?","M","?","R","E","M","T","R","M","E","R","M","R","BOSS"],"build_version":"2018-11-15","purchased_purges":0,"victory":false,"max_hp_per_floor":[70,70,70,70,70,70,70,70,70,70,70,70,70,70,70,70],"card_choices":[{"not_picked":["Eviscerate","PiercingWail"],"picked":"Dagger Throw","floor":1.0},{"not_picked":["Caltrops","Blade Dance"],"picked":"Blur","floor":4.0},{"not_picked":["Flying Knee","Slice"],"picked":"Leg Sweep","floor":7.0},{"not_picked":["Quick Slash","Distraction"],"picked":"Deadly Poison","floor":8.0},{"not_picked":["Backflip","PiercingWail"],"picked":"Malaise","floor":11.0},{"not_picked":["Deflect","Bane"],"picked":"Distraction","floor":12.0},{"not_picked":["Endless Agony","Blade Dance"],"picked":"Distraction","floor":14.0}],"player_experience":642542,"relics_obtained":[{"floor":7.0,"key":"Dodecahedron"},{"floor":12.0,"key":"Bronze Scales"}],"event_choices":[{"cards_removed":["Strike_G"],"damage_healed":0.0,"max_hp_gain":0.0,"max_hp_loss":0.0,"gold_gain":0.0,"event_name":"Golden Wing","player_choice":"Card Removal","floor":2.0,"gold_loss":0.0,"damage_taken":7.0},{"damage_healed":0.0,"max_hp_gain":0.0,"max_hp_loss":0.0,"gold_gain":0.0,"event_name":"Shining Light","player_choice":"Entered Light","floor":3.0,"gold_loss":0.0,"damage_taken":14.0,"cards_upgraded":["Strike_G","Defend_G"]},{"damage_healed":0.0,"max_hp_gain":0.0,"max_hp_loss":0.0,"gold_gain":0.0,"event_name":"Upgrade Shrine","player_choice":"Upgraded","floor":5.0,"gold_loss":0.0,"damage_taken":0.0,"cards_upgraded":["Blur"]}],"is_beta":false,"boss_relics":[],"items_purged_floors":[],"is_endless":false,"potions_floor_spawned":[1,8,12,14],"killed_by":"Slime Boss","ascension_level":12}