{"path_per_floor":["M","M","M","?","?","R","E","M","T","R","$","R","M","?","R","B",null,"M","?","M","?","M","R","M","?","T","M","M","R","M","M","R","B",null,"M","?","M","M","M","R","?","R","T","M","$","M","E"],"character_chosen":"IRONCLAD","items_purchased":["Body Slam","Rampage","Orichalcum"],"gold_per_floor":[11,28,47,47,47,47,82,99,99,99,73,73,86,86,86,189,189,201,116,133,133,153,153,173,73,73,85,96,96,116,131,131,229,229,241,287,301,320,340,340,340,340,370,383,116,130,165],"floor_reached":48,"campfire_rested":6,"playtime":2496,"current_hp_per_floor":[78,74,73,78,71,71,28,31,31,61,61,91,92,92,92,30,101,82,82,57,57,37,67,40,40,40,54,49,79,80,68,98,47,101,81,60,46,31,22,52,101,101,101,73,73,65,38],"items_purged":["Strike_R"],"gold":165,"play_id":"e49a7929-0e66-486f-8355-bfe800b88fe9","is_prod":false,"is_daily":false,"campfire_rituals":0,"campfire_upgraded":3,"is_hardmode":false,"path_taken":["M","M","?","?","?","R","E","M","T","R","?","R","M","?","R","BOSS","M","?","?","?","M","R","M","?","T","?","M","R","M","M","R","BOSS","M","?","M","M","M","R","?","R","T","?","?","M","E","M"],"build_version":"2018-01-18-PROD4","purchased_purges":1,"victory":false,"master_deck":["Strike_R","Strike_R","Strike_R","Strike_R","Defend_R","Defend_R","Defend_R","Defend_R","Bash","Inflame","Rupture","Whirlwind","Combust","Uppercut","Body Slam","Whirlwind","Demon Form","Twin Strike","Armaments","Searing Blow","Offering","Iron Wave","J.A.X.","Pommel Strike","Shockwave","Sword Boomerang","Offering","Cleave","Rupture","Combust","Spot Weakness","Pommel Strike","Limit Break","Rampage","Sever Soul","Berserk"],"max_hp_per_floor":[96,96,96,101,101,101,101,101,101,101,101,101,101,101,101,101,101,101,101,101,101,101,101,101,101,101,101,101,101,101,101,101,101,101,101,101,101,101,101,101,101,101,101,101,101,101,101],"relics":["Burning Blood","Mercury Hourglass","Omamori","Unceasing Top","Mark of Pain","Darkstone Periapt","Meat on the Bone","Velvet Choker","Red Skull","Tiny Chest","Orichalcum","Bag of Marbles"],"campfire_meditates":0,"card_choices":[{"not_picked":["Anger","Twin Strike"],"picked":"Inflame"},{"not_picked":["Combust","Shrug It Off"],"picked":"Rupture"},{"not_picked":["Perfected Strike","Thunderclap"],"picked":"Whirlwind"},{"not_picked":["Power Through","Sword Boomerang"],"picked":"Combust"},{"not_picked":["Heavy Blade","Anger"],"picked":"Uppercut"},{"not_picked":["Fire Breathing","True Grit"],"picked":"Whirlwind"},{"not_picked":["Reaper","Limit Break"],"picked":"Demon Form"},{"not_picked":["True Grit","Clothesline"],"picked":"Twin Strike"},{"not_picked":["Burning Pact","Pummel"],"picked":"Armaments"},{"not_picked":["Spot Weakness","Inflame"],"picked":"Offering"},{"not_picked":["Clothesline","Flex"],"picked":"Iron Wave"},{"not_picked":["True Grit","Warcry"],"picked":"Pommel Strike"},{"not_picked":["Twin Strike","Corruption"],"picked":"Shockwave"},{"not_picked":["Twin Strike","Headbutt"],"picked":"Sword Boomerang"},{"not_picked":["Fiend Fire","Thunderclap"],"picked":"Power Through"},{"not_picked":["Barricade","Fiend Fire"],"picked":"Offering"},{"not_picked":["True Grit","Rampage"],"picked":"Cleave"},{"not_picked":["Combust","Heavy Blade"],"picked":"Rupture"},{"not_picked":["Heavy Blade","Clothesline"],"picked":"Combust"},{"not_picked":["Sword Boomerang","Cleave"],"picked":"Spot Weakness"},{"not_picked":["True Grit","Twin Strike"],"picked":"Pommel Strike"},{"not_picked":["Armaments","Flame Barrier"],"picked":"Limit Break"},{"not_picked":["Burning Pact","Clash"],"picked":"Sever Soul"},{"not_picked":["Warcry","Second Wind"],"picked":"Berserk"}],"player_experience":20944,"potions_floor_usage":[33],"damage_taken":[{"damage":24,"enemies":"Blue Slaver","floor":1,"turns":3},{"damage":10,"enemies":"Small Slimes","floor":2,"turns":5},{"damage":7,"enemies":"2 Louse","floor":3,"turns":4},{"damage":49,"enemies":"Lagavulin","floor":7,"turns":6},{"damage":3,"enemies":"2 Fungi Beasts","floor":8,"turns":2},{"damage":5,"enemies":"Exordium Wildlife","floor":13,"turns":2},{"damage":68,"enemies":"Slime Boss","floor":16,"turns":8},{"damage":25,"enemies":"2 Thieves","floor":18,"turns":3},{"damage":31,"enemies":"Shell Parasite","floor":20,"turns":4},{"damage":26,"enemies":"Snecko","floor":22,"turns":4},{"damage":33,"enemies":"Centurion and Healer","floor":24,"turns":4},{"damage":4,"enemies":"3 Cultists","floor":27,"turns":2},{"damage":23,"enemies":"Snecko","floor":28,"turns":4},{"damage":5,"enemies":"Chosen and Byrds","floor":30,"turns":3},{"damage":18,"enemies":"Snake Plant","floor":31,"turns":3},{"damage":69,"enemies":"Automaton","floor":33,"turns":7},{"damage":26,"enemies":"Orb Walker","floor":35,"turns":3},{"damage":27,"enemies":"Mysterious Sphere","floor":36,"turns":2},{"damage":32,"enemies":"3 Darklings","floor":37,"turns":4},{"damage":33,"enemies":"4 Shapes","floor":38,"turns":3},{"damage":27,"enemies":"Sphere and 2 Shapes","floor":39,"turns":3},{"damage":34,"enemies":"3 Darklings","floor":44,"turns":3},{"damage":26,"enemies":"4 Shapes","floor":46,"turns":2},{"damage":45,"enemies":"Giant Head","floor":47,"turns":6},{"damage":48,"enemies":"Maw","floor":48,"turns":4}],"event_choices":[{"event_name":"Big Fish","player_choice":"Donut","floor":4,"damage_taken":0},{"event_name":"Scrap Ooze","player_choice":"success","floor":5,"damage_taken":7},{"event_name":"Living Wall","player_choice":"Grow","floor":14,"damage_taken":0},{"event_name":"Addict","player_choice":"Obtained Relic","floor":19,"damage_taken":0},{"event_name":"The Library","player_choice":"Read","floor":21,"damage_taken":0},{"event_name":"Drug Dealer","player_choice":"Got JAXXED","floor":25,"damage_taken":0},{"event_name":"Mysterious Sphere","player_choice":"Fight","floor":36,"damage_taken":0},{"event_name":"Bonfire Elementals","player_choice":"UNCOMMON","floor":41,"damage_taken":0}],"boss_relics":[{"not_picked":["Runic Dome","Runic Pyramid"],"picked":"Mark of Pain"},{"not_picked":["Eternal Feather","White Beast Statue"],"picked":"Velvet Choker"}],"potions_floor_spawned":[1,7,8,13,18,22,24,27,35,37,39,44],"seed_played":"-8338503558758376522","killed_by":"Maw","is_trial":false}