{"gold_per_floor":[109,184,184,205,48,48,48,48,48,15,190,214,214,253,253,253],"floor_reached":16,"playtime":562,"items_purged":[],"score":96,"play_id":"08cbfcef-88f0-4948-898c-69348b6e048a","local_time":"20190308133310","is_ascension_mode":false,"campfire_choices":[{"data":"Metallicize","floor":6,"key":"SMITH"},{"data":"Shrug It Off","floor":8,"key":"SMITH"},{"floor":13,"key":"RECALL"},{"floor":15,"key":"REST"}],"neow_cost":"TEN_PERCENT_HP_LOSS","seed_source_timestamp":256877010065333,"circlet_count":0,"master_deck":["Strike_R","Strike_R","Strike_R","Strike_R","Defend_R","Defend_R","Defend_R","Defend_R","Bash","Impervious","Shrug It Off+1","Metallicize+1","Feel No Pain","True Grit","Havoc","Metallicize","Doubt"],"relics":["Burning Blood","Golden Idol","Boot"],"potions_floor_usage":[16],"damage_taken":[{"damage":1,"enemies":"Jaw Worm","floor":1,"turns":5},{"damage":0,"enemies":"Small Slimes","floor":4,"turns":3},{"damage":0,"enemies":"2 Louse","floor":12,"turns":6},{"damage":47,"enemies":"Gremlin Nob","floor":14,"turns":8},{"damage":65,"enemies":"Slime Boss","floor":16,"turns":23}],"seed_played":"916568628293926723","potions_obtained":[{"floor":4,"key":"Dexterity Potion"},{"floor":14,"key":"Regen Potion"}],"is_trial":false,"path_per_floor":["?","?","?","$","?"],"character_chosen":"IRONCLAD","items_purchased":["Feel No Pain","True Grit","Havoc","Metallicize"],"campfire_rested":1,"item_purchase_floors":[5,5,5,10],"current_hp_per_floor":[72,61,61,67,67,67,60,60,60,60,60,66,66,25,45,0],"gold":253,"neow_bonus":"THREE_RARE_CARDS","is_prod":false,"is_daily":false,"chose_seed":false,"campfire_upgraded":2,"win_rate":0,"timestamp":1552048390,"path_taken":["M","?","?","M","$","R","?","R","T","?","?","M","R","E","R","BOSS"],"build_version":"2019-01-23","purchased_purges":0,"victory":false,"max_hp_per_floor":[72,72,67,67,67,67,67,67,67,67,67,67,67,67,67,67],"card_choices":[{"not_picked":["Reaper","Offering"],"picked":"Impervious","floor":0},{"not_picked":["True Grit","Spot Weakness"],"picked":"Shrug It Off","floor":1},{"not_picked":["Heavy Blade","Corruption"],"picked":"Metallicize","floor":4},{"not_picked":["Perfected Strike","Wild Strike","Dropkick"],"picked":"SKIP","floor":12},{"not_picked":["Evolve","Rampage","Bloodletting"],"picked":"SKIP","floor":14}],"player_experience":172405,"relics_obtained":[{"floor":14,"key":"Boot"}],"event_choices":[{"damage_healed":0,"gold_gain":75,"player_choice":"Gather Gold","damage_taken":11,"max_hp_gain":0,"max_hp_loss":0,"event_name":"World of Goop","floor":2,"gold_loss":0},{"damage_healed":0,"gold_gain":0,"player_choice":"Lose Max HP","damage_taken":0,"relics_obtained":["Golden Idol"],"max_hp_gain":0,"max_hp_loss":5,"event_name":"Golden Idol","floor":3,"gold_loss":0},{"cards_removed":["Strike_R"],"damage_healed":0,"gold_gain":0,"player_choice":"Card Removal","damage_taken":7,"max_hp_gain":0,"max_hp_loss":0,"event_name":"Golden Wing","floor":7,"gold_loss":0},{"damage_healed":0,"gold_gain":175,"player_choice":"AGREE","damage_taken":0,"max_hp_gain":0,"max_hp_loss":0,"event_name":"Liars Game","floor":11,"gold_loss":0,"cards_obtained":["Doubt"]}],"is_beta":false,"boss_relics":[],"items_purged_floors":[],"is_endless":false,"potions_floor_spawned":[4,14],"killed_by":"Slime Boss","ascension_level":0}