{"gold_per_floor":[20,20,38,38,53,81,81,95,95,118,118,151,151,171,171,249,249,269,302,302,322,322,322,341,369,369,369,369,381,412,35,35,35],"floor_reached":33,"playtime":1684,"items_purged":[],"score":498,"play_id":"881cdac5-22cc-48b7-96ae-9dbf9e1a1529","local_time":"20181226135823","is_ascension_mode":true,"campfire_choices":[{"data":"Thinking Ahead","floor":7.0,"key":"SMITH"},{"data":"Deflect","floor":11.0,"key":"SMITH"},{"data":"Envenom","floor":13.0,"key":"SMITH"},{"data":"Deflect","floor":15.0,"key":"SMITH"},{"data":"Corpse Explosion","floor":23.0,"key":"SMITH"},{"floor":28.0,"key":"REST"},{"floor":32.0,"key":"REST"}],"neow_cost":"NO_GOLD","seed_source_timestamp":4791218375791,"circlet_count":0,"master_deck":["AscendersBane","Defend_G","Defend_G","Defend_G","Defend_G+1","Defend_G","Strike_G","Strike_G","Strike_G","Survivor","Neutralize","Dramatic Entrance","Thinking Ahead+1","Deflect+1","Deflect+1","Sucker Punch","Poisoned Stab","Deflect+1","Flying Knee","Envenom+1","Sucker Punch","Corpse Explosion+1","Cloak And Dagger","Deadly Poison","Backstab","Slice+1","Heel Hook","Envenom","Heel Hook"],"special_seed":0,"relics":["Ring of the Snake","Meat on the Bone","Pear","Odd Mushroom","The Courier","Philosopher\u0027s Stone","Red Mask","Letter Opener","Mercury Hourglass","War Paint","Anchor","Shuriken"],"potions_floor_usage":[33],"damage_taken":[{"damage":5.0,"enemies":"Jaw Worm","floor":1.0,"turns":4.0},{"damage":1.0,"enemies":"Cultist","floor":3.0,"turns":4.0},{"damage":1.0,"enemies":"2 Louse","floor":5.0,"turns":2.0},{"damage":28.0,"enemies":"3 Sentries","floor":6.0,"turns":15.0},{"damage":0.0,"enemies":"Blue Slaver","floor":8.0,"turns":4.0},{"damage":9.0,"enemies":"The Mushroom Lair","floor":10.0,"turns":4.0},{"damage":30.0,"enemies":"Gremlin Nob","floor":12.0,"turns":5.0},{"damage":5.0,"enemies":"Looter","floor":14.0,"turns":3.0},{"damage":15.0,"enemies":"Hexaghost","floor":16.0,"turns":12.0},{"damage":8.0,"enemies":"Chosen","floor":18.0,"turns":6.0},{"damage":0.0,"enemies":"Masked Bandits","floor":19.0,"turns":2.0},{"damage":13.0,"enemies":"2 Thieves","floor":21.0,"turns":2.0},{"damage":16.0,"enemies":"Snake Plant","floor":24.0,"turns":4.0},{"damage":48.0,"enemies":"Book of Stabbing","floor":25.0,"turns":6.0},{"damage":14.0,"enemies":"3 Cultists","floor":29.0,"turns":4.0},{"damage":22.0,"enemies":"Slavers","floor":30.0,"turns":2.0},{"damage":79,"enemies":"Collector","floor":33,"turns":7}],"seed_played":"-367750939349721942","potions_obtained":[{"floor":3.0,"key":"SkillPotion"},{"floor":8.0,"key":"Strength Potion"},{"floor":10.0,"key":"GamblersBrew"},{"floor":14.0,"key":"GamblersBrew"},{"floor":18.0,"key":"FairyPotion"},{"floor":19.0,"key":"SpeedPotion"},{"floor":24.0,"key":"FairyPotion"},{"floor":25.0,"key":"SpeedPotion"}],"is_trial":false,"path_per_floor":["M","?","M","$","M","E","R","M","T","?","R","E","R","M","R","B",null,"M","?","?","M","?","R","M","E","T","?","R","M","E","$","R","B"],"character_chosen":"THE_SILENT","items_purchased":["Heel Hook","Anchor","Shuriken"],"campfire_rested":2,"item_purchase_floors":[31,31,31],"current_hp_per_floor":[54,54,53,53,52,24,24,36,46,49,49,31,31,38,38,35,66,58,58,76,63,63,63,47,19,19,19,41,39,29,29,51,0],"gold":35,"neow_bonus":"RANDOM_COLORLESS_2","is_prod":false,"is_daily":false,"chose_seed":false,"campfire_upgraded":5,"win_rate":0,"timestamp":1545861503,"path_taken":["M","?","?","?","M","E","R","M","T","?","R","E","R","M","R","BOSS","M","?","?","M","?","R","?","E","T","?","R","M","E","?","R","BOSS"],"build_version":"2018-12-20","purchased_purges":0,"victory":false,"max_hp_per_floor":[66,66,66,66,66,66,66,66,76,76,76,76,76,76,76,76,76,76,76,76,76,76,76,76,76,76,76,76,76,76,76,76,76],"card_choices":[{"not_picked":["Outmaneuver","Acrobatics"],"picked":"Deflect","floor":1.0},{"not_picked":["Endless Agony","Acrobatics"],"picked":"Deflect","floor":3.0},{"not_picked":["Dodge and Roll","Flying Knee"],"picked":"Sucker Punch","floor":5.0},{"not_picked":["Prepared","Corpse Explosion"],"picked":"Poisoned Stab","floor":6.0},{"not_picked":["Slice","Tactician"],"picked":"Deflect","floor":8.0},{"not_picked":["Underhanded Strike","Blade Dance"],"picked":"Flying Knee","floor":10.0},{"not_picked":["Underhanded Strike","Deadly Poison"],"picked":"Envenom","floor":12.0},{"not_picked":["Flying Knee","Concentrate"],"picked":"Sucker Punch","floor":14.0},{"not_picked":["Bullet Time","Night Terror"],"picked":"Corpse Explosion","floor":16.0},{"not_picked":["Flying Knee","Bane+1"],"picked":"Cloak And Dagger","floor":18.0},{"not_picked":["Blade Dance","Riddle With Holes"],"picked":"Deadly Poison","floor":21.0},{"not_picked":["Deflect","Tactician"],"picked":"Backstab","floor":24.0},{"not_picked":["Backflip","Tactician"],"picked":"Slice+1","floor":25.0},{"not_picked":["Riddle With Holes","Poisoned Stab"],"picked":"Heel Hook","floor":29.0},{"not_picked":["Dash","PiercingWail"],"picked":"Envenom","floor":30.0}],"player_experience":658306,"relics_obtained":[{"floor":6.0,"key":"Meat on the Bone"},{"floor":9.0,"key":"Pear"},{"floor":10.0,"key":"Odd Mushroom"},{"floor":12.0,"key":"The Courier"},{"floor":19.0,"key":"Red Mask"},{"floor":25.0,"key":"Letter Opener"},{"floor":26.0,"key":"Mercury Hourglass"},{"floor":30.0,"key":"War Paint"}],"event_choices":[{"cards_removed":["Strike_G"],"damage_healed":0.0,"max_hp_gain":0.0,"max_hp_loss":0.0,"gold_gain":0.0,"event_name":"Wheel of Change","player_choice":"Card Removal","floor":2.0,"gold_loss":0.0,"damage_taken":0.0},{"damage_healed":0.0,"max_hp_gain":0.0,"max_hp_loss":0.0,"gold_gain":0.0,"event_name":"Mushrooms","player_choice":"Fought Mushrooms","floor":10.0,"gold_loss":0.0,"damage_taken":0.0},{"damage_healed":0.0,"max_hp_gain":0.0,"max_hp_loss":0.0,"gold_gain":0.0,"event_name":"Masked Bandits","player_choice":"Fought Bandits","floor":19.0,"gold_loss":0.0,"damage_taken":0.0},{"damage_healed":25.0,"max_hp_gain":0.0,"max_hp_loss":0.0,"gold_gain":0.0,"event_name":"The Library","player_choice":"Heal","floor":20.0,"gold_loss":0.0,"damage_taken":0.0},{"cards_removed":["Strike_G"],"damage_healed":0.0,"max_hp_gain":0.0,"max_hp_loss":0.0,"gold_gain":0.0,"event_name":"Purifier","player_choice":"Purged","floor":22.0,"gold_loss":0.0,"damage_taken":0.0},{"damage_healed":0.0,"max_hp_gain":0.0,"max_hp_loss":0.0,"gold_gain":0.0,"event_name":"Vampires","player_choice":"Ignored","floor":27.0,"gold_loss":0.0,"damage_taken":0.0}],"is_beta":false,"boss_relics":[{"not_picked":["Ring of the Serpent","Lizard Tail"],"picked":"Philosopher\u0027s Stone"}],"items_purged_floors":[],"is_endless":false,"potions_floor_spawned":[3,8,10,14,18,19,24,25],"killed_by":"Collector","ascension_level":14}