{"gold_per_floor":[113,123,123,169,94,94,94,14,41,79,100,114,114,137,137,262,262,286,309,309,333,10,10,10,10,37,53,53,78,98,117,117,117],"floor_reached":33,"playtime":1391,"items_purged":["Strike_B","Defend_B"],"score":280,"play_id":"76a524bc-192b-433a-b713-a13f45e15d07","local_time":"20190307104109","is_ascension_mode":true,"campfire_choices":[{"floor":6,"key":"RECALL"},{"floor":13,"key":"REST"},{"data":"Defragment","floor":15,"key":"SMITH"},{"floor":23,"key":"REST"},{"floor":32,"key":"REST"}],"neow_cost":"NONE","seed_source_timestamp":159315345980000,"circlet_count":0,"master_deck":["Strike_B+1","Strike_B","Defend_B","Defend_B","Zap+1","Dualcast","Chaos","Ball Lightning","Ball Lightning","Lockon+1","Ball Lightning","Defragment+1","Echo Form","Auto Shields","Barrage","Heatsinks","Leap+1","Static Discharge","Leap+1"],"relics":["Cracked Core","Bloody Idol","Whetstone","Strawberry","Velvet Choker","Nilry\u0027s Codex","Omamori","Toxic Egg 2","Happy Flower","Blood Vial"],"potions_floor_usage":[29,30,30],"damage_taken":[{"damage":3,"enemies":"2 Louse","floor":1,"turns":3},{"damage":3,"enemies":"Jaw Worm","floor":2,"turns":3},{"damage":16,"enemies":"Lagavulin","floor":10,"turns":4},{"damage":0,"enemies":"Cultist","floor":11,"turns":2},{"damage":11,"enemies":"3 Louse","floor":12,"turns":3},{"damage":19,"enemies":"Exordium Thugs","floor":14,"turns":3},{"damage":16,"enemies":"The Guardian","floor":16,"turns":6},{"damage":0,"enemies":"Spheric Guardian","floor":18,"turns":3},{"damage":10,"enemies":"Chosen","floor":19,"turns":3},{"damage":15,"enemies":"Snecko","floor":21,"turns":3},{"damage":19,"enemies":"Cultist and Chosen","floor":27,"turns":5},{"damage":43,"enemies":"Slavers","floor":29,"turns":4},{"damage":0,"enemies":"Shelled Parasite and Fungi","floor":30,"turns":3},{"damage":8,"enemies":"3 Cultists","floor":31,"turns":5},{"damage":51,"enemies":"Champ","floor":33,"turns":7}],"seed_played":"7514240178877827555","potions_obtained":[{"floor":12,"key":"AttackPotion"},{"floor":16,"key":"Poison Potion"},{"floor":21,"key":"FocusPotion"},{"floor":30,"key":"Ancient Potion"}],"is_trial":false,"path_per_floor":["?","T","?","$","M","?","T","?","?","M"],"character_chosen":"DEFECT","items_purchased":["Lockon","Heatsinks","Omamori"],"campfire_rested":3,"item_purchase_floors":[8,22,22],"current_hp_per_floor":[72,69,69,69,69,69,69,69,69,60,60,49,71,52,52,36,76,76,66,50,35,35,57,57,57,62,48,48,10,17,16,38,0],"gold":117,"neow_bonus":"TRANSFORM_CARD","is_prod":false,"is_daily":false,"chose_seed":false,"campfire_upgraded":1,"win_rate":0,"timestamp":1551951669,"path_taken":["M","M","?","?","$","R","?","?","T","E","?","M","R","M","R","BOSS","M","M","?","M","$","R","?","?","T","M","?","E","M","?","R","BOSS"],"build_version":"2019-01-23","purchased_purges":2,"victory":false,"max_hp_per_floor":[75,75,75,75,75,75,69,69,69,76,76,76,76,76,76,76,76,76,76,76,76,76,76,76,76,76,76,76,76,76,76,76,76],"card_choices":[{"not_picked":["Conserve Battery","Stack"],"picked":"Ball Lightning","floor":1},{"not_picked":["Streamline","Reinforced Body"],"picked":"Ball Lightning","floor":2},{"not_picked":["Leap","Rebound"],"picked":"Ball Lightning","floor":10},{"not_picked":["Compile Driver","Conserve Battery","Rebound"],"picked":"SKIP","floor":11},{"not_picked":["Reinforced Body","Go for the Eyes"],"picked":"Defragment","floor":12},{"not_picked":["Genetic Algorithm","Rebound","Stack"],"picked":"SKIP","floor":14},{"not_picked":["Seek","Reboot"],"picked":"Echo Form","floor":16},{"not_picked":["Skim","Compile Driver"],"picked":"Auto Shields","floor":18},{"not_picked":["Steam","Stack"],"picked":"Barrage","floor":19},{"not_picked":["Scrape","Gash","Conserve Battery"],"picked":"SKIP","floor":21},{"not_picked":["Cold Snap","Stack+1"],"picked":"Leap+1","floor":27},{"not_picked":["Sweeping Beam","Compile Driver+1"],"picked":"Static Discharge","floor":29},{"not_picked":["Loop","Rebound"],"picked":"Leap+1","floor":30},{"not_picked":["Coolheaded+1","Sweeping Beam+1","Genetic Algorithm+1"],"picked":"SKIP","floor":31}],"player_experience":156357,"relics_obtained":[{"floor":9,"key":"Whetstone"},{"floor":10,"key":"Strawberry"},{"floor":20,"key":"Nilry\u0027s Codex"},{"floor":24,"key":"Toxic Egg 2"},{"floor":26,"key":"Happy Flower"},{"floor":29,"key":"Blood Vial"}],"event_choices":[{"damage_healed":0,"gold_gain":0,"player_choice":"Grow","damage_taken":0,"max_hp_gain":0,"max_hp_loss":0,"event_name":"Living Wall","floor":3,"gold_loss":0,"cards_upgraded":["Zap"]},{"damage_healed":0,"gold_gain":0,"player_choice":"Lose Max HP","damage_taken":0,"relics_obtained":["Golden Idol"],"max_hp_gain":0,"max_hp_loss":6,"event_name":"Golden Idol","floor":7,"gold_loss":0},{"damage_healed":0,"gold_gain":0,"player_choice":"Obtained Book","damage_taken":16,"max_hp_gain":0,"max_hp_loss":0,"event_name":"Cursed Tome","floor":20,"gold_loss":0},{"damage_healed":0,"gold_gain":0,"player_choice":"Gave Idol","damage_taken":0,"relics_obtained":["Bloody Idol"],"max_hp_gain":0,"max_hp_loss":0,"event_name":"Forgotten Altar","floor":25,"relics_lost":["Golden Idol"],"gold_loss":0},{"cards_removed":["Defend_B"],"damage_healed":0,"gold_gain":0,"player_choice":"Elegance","damage_taken":0,"max_hp_gain":0,"max_hp_loss":0,"event_name":"Back to Basics","floor":28,"gold_loss":0}],"is_beta":false,"boss_relics":[{"not_picked":["Eternal Feather","Empty Cage"],"picked":"Velvet Choker"}],"items_purged_floors":[5,22],"is_endless":false,"potions_floor_spawned":[12,16,21,30],"killed_by":"Champ","ascension_level":1}