{"gold_per_floor":[118,16,91,91,109,109,109,109,109,138,153,168,168,12,12,107,157,173,153,7,7,27,27,46,46,70,70,70],"floor_reached":28,"playtime":1239,"items_purged":["Strike_G"],"score":231,"play_id":"45c6ba8f-9c4a-4e15-b0fa-81be34cbbb81","local_time":"20190319221233","is_ascension_mode":false,"campfire_choices":[{"data":"Poisoned Stab","floor":6,"key":"SMITH"},{"floor":8,"key":"REST"},{"data":"Poisoned Stab","floor":13,"key":"SMITH"},{"floor":15,"key":"REST"},{"floor":23,"key":"REST"}],"neow_cost":"TEN_PERCENT_HP_LOSS","seed_source_timestamp":399107998574500,"circlet_count":0,"master_deck":["Defend_G","Defend_G","Defend_G","Defend_G","Defend_G","Strike_G","Strike_G","Strike_G","Strike_G","Survivor","Neutralize","Riddle With Holes","Poisoned Stab+1","Blade Dance","Poisoned Stab+1","Bane+1","Catalyst","Dagger Spray","Noxious Fumes","Unload","Slice","All Out Attack","Flying Knee","Storm of Steel","Noxious Fumes","Poisoned Stab"],"relics":["Ring of the Snake","FaceOfCleric","Boot","Bottled Lightning","Odd Mushroom","Tiny House","Smiling Mask","Nloth\u0027s Gift"],"potions_floor_usage":[16,16,16,22,24],"damage_taken":[{"damage":0,"enemies":"Small Slimes","floor":1,"turns":3},{"damage":6,"enemies":"2 Louse","floor":5,"turns":2},{"damage":13,"enemies":"The Mushroom Lair","floor":10,"turns":3},{"damage":0,"enemies":"Cultist","floor":11,"turns":2},{"damage":5,"enemies":"Looter","floor":12,"turns":2},{"damage":22,"enemies":"The Guardian","floor":16,"turns":6},{"damage":12,"enemies":"Chosen","floor":18,"turns":4},{"damage":27,"enemies":"2 Thieves","floor":19,"turns":4},{"damage":27,"enemies":"Centurion and Healer","floor":22,"turns":6},{"damage":20,"enemies":"Chosen and Byrds","floor":24,"turns":4},{"damage":37,"enemies":"Snake Plant","floor":28,"turns":4}],"seed_played":"1024213871651319109","potions_obtained":[{"floor":10,"key":"SpeedPotion"},{"floor":11,"key":"LiquidBronze"},{"floor":17,"key":"Dexterity Potion"},{"floor":22,"key":"Fire Potion"}],"is_trial":false,"path_per_floor":["M","$","?","?","M","R","?","R","T","?","M","M","R","$","R","B",null,"M","M","$","?","M","R","M","$","T","?","M"],"character_chosen":"THE_SILENT","items_purchased":["Poisoned Stab","Dagger Spray","Noxious Fumes","Poison Potion","Storm of Steel","Noxious Fumes"],"campfire_rested":3,"item_purchase_floors":[2,14,14,14,20,20],"current_hp_per_floor":[77,77,66,66,61,61,58,78,78,66,67,63,63,63,81,60,87,76,50,50,50,24,51,32,32,32,32,0],"gold":70,"neow_bonus":"ONE_RARE_RELIC","is_prod":false,"is_daily":false,"chose_seed":false,"campfire_upgraded":2,"win_rate":0.0,"timestamp":1553047953,"path_taken":["M","$","?","?","?","R","?","R","T","?","M","M","R","?","R","BOSS","M","M","?","?","M","R","M","$","T","?","M"],"build_version":"2019-01-23","purchased_purges":1,"victory":false,"max_hp_per_floor":[77,77,77,77,78,78,78,78,78,79,80,81,81,81,81,82,87,88,89,89,89,90,90,91,91,91,91,91],"card_choices":[{"not_picked":["Backflip","Distraction"],"picked":"Riddle With Holes","floor":1},{"not_picked":["Expertise","Dodge and Roll"],"picked":"Blade Dance","floor":5},{"not_picked":["Sucker Punch","PiercingWail"],"picked":"Poisoned Stab","floor":10},{"not_picked":["Acrobatics","Dodge and Roll"],"picked":"Bane","floor":11},{"not_picked":["Dodge and Roll","Outmaneuver"],"picked":"Catalyst","floor":12},{"not_picked":["Tools of the Trade","Storm of Steel"],"picked":"Unload","floor":16},{"not_picked":["Acrobatics","Predator"],"picked":"Slice","floor":17},{"not_picked":["Quick Slash","Heel Hook"],"picked":"All Out Attack","floor":18},{"not_picked":["Slice","Deflect"],"picked":"Flying Knee","floor":19},{"not_picked":["Dagger Spray","Sucker Punch"],"picked":"Poisoned Stab","floor":22},{"not_picked":["Deflect","Cloak And Dagger","Backflip"],"picked":"SKIP","floor":24}],"player_experience":83150,"relics_obtained":[{"floor":9,"key":"Bottled Lightning"},{"floor":10,"key":"Odd Mushroom"},{"floor":26,"key":"Smiling Mask"}],"event_choices":[{"damage_healed":0,"gold_gain":75,"player_choice":"Gather Gold","damage_taken":11,"max_hp_gain":0,"max_hp_loss":0,"event_name":"World of Goop","floor":3,"gold_loss":0},{"damage_healed":0,"gold_gain":0,"player_choice":"Trade","damage_taken":0,"relics_obtained":["FaceOfCleric"],"max_hp_gain":0,"max_hp_loss":0,"event_name":"FaceTrader","floor":4,"gold_loss":0},{"damage_healed":0,"gold_gain":0,"player_choice":"Success","damage_taken":3,"relics_obtained":["Boot"],"max_hp_gain":0,"max_hp_loss":0,"event_name":"Scrap Ooze","floor":7,"gold_loss":0},{"damage_healed":0,"gold_gain":0,"player_choice":"Fought Mushrooms","damage_taken":0,"max_hp_gain":0,"max_hp_loss":0,"event_name":"Mushrooms","floor":10,"gold_loss":0},{"damage_healed":0,"gold_gain":0,"player_choice":"Traded Relic","damage_taken":0,"relics_obtained":["Nloth\u0027s Gift"],"max_hp_gain":0,"max_hp_loss":0,"event_name":"N\u0027loth","floor":27,"relics_lost":["Mango"],"gold_loss":0}],"is_beta":false,"boss_relics":[{"not_picked":["Cursed Key","Runic Pyramid"],"picked":"Tiny House"}],"items_purged_floors":[2],"is_endless":false,"potions_floor_spawned":[10,11,22],"killed_by":"Snake Plant","ascension_level":0}