{"gold_per_floor":[118,137,137,150,165,228,247,247,271,271,271,288,288,314,314,410,410,430,355,270,287,7,42,57,57,135,135,135,145,72,105,105,206,206,218,318,318,318,393,393,404,161,161,161,173,186,186,202,202,202],"floor_reached":50,"playtime":5422,"items_purged":["Strike_R","Defend_R","Strike_R"],"score":644,"play_id":"9c436ef1-a2f8-48fc-b489-e898f4b62fd7","local_time":"20190312213450","is_ascension_mode":true,"campfire_choices":[{"floor":8,"key":"REST"},{"data":"Metallicize","floor":11,"key":"SMITH"},{"data":"Armaments","floor":13,"key":"SMITH"},{"floor":15,"key":"REST"},{"floor":25,"key":"REST"},{"floor":27,"key":"REST"},{"floor":32,"key":"REST"},{"floor":40,"key":"REST"},{"data":"Body Slam","floor":44,"key":"SMITH"},{"floor":47,"key":"REST"},{"floor":49,"key":"REST"}],"neow_cost":"NONE","seed_source_timestamp":42802003411112,"circlet_count":0,"master_deck":["Strike_R","Strike_R","Defend_R","Defend_R","Defend_R","Bash","Metallicize+1","Armaments+1","Impervious","Power Through","Juggernaut","Flame Barrier","Entrench","Metallicize","Impervious","Armaments","Body Slam+1","Juggernaut","Armaments","Entrench+1","Entrench","Dramatic Entrance","Body Slam+1","Shrug It Off"],"relics":["Burning Blood","NeowsBlessing","Tiny Chest","Lantern","Question Card","Smiling Mask","Philosopher\u0027s Stone","PreservedInsect","Bronze Scales","Strawberry","Shuriken","MutagenicStrength","Boot","Orrery","Girya","Blue Candle","Self Forming Clay","Dream Catcher","Bottled Flame"],"potions_floor_usage":[16,16,16,29,33,50,50,50],"damage_taken":[{"damage":0,"enemies":"2 Louse","floor":1,"turns":1},{"damage":0,"enemies":"Cultist","floor":2,"turns":1},{"damage":0,"enemies":"Jaw Worm","floor":4,"turns":1},{"damage":11,"enemies":"Looter","floor":5,"turns":4},{"damage":32,"enemies":"3 Sentries","floor":6,"turns":11},{"damage":14,"enemies":"2 Fungi Beasts","floor":7,"turns":5},{"damage":3,"enemies":"Exordium Wildlife","floor":12,"turns":8},{"damage":41,"enemies":"Gremlin Nob","floor":14,"turns":6},{"damage":52,"enemies":"Slime Boss","floor":16,"turns":16},{"damage":0,"enemies":"Chosen","floor":18,"turns":5},{"damage":0,"enemies":"Spheric Guardian","floor":21,"turns":5},{"damage":58,"enemies":"Slavers","floor":23,"turns":6},{"damage":0,"enemies":"Snecko","floor":24,"turns":7},{"damage":8,"enemies":"3 Cultists","floor":29,"turns":7},{"damage":26,"enemies":"Gremlin Leader","floor":31,"turns":7},{"damage":90,"enemies":"Collector","floor":33,"turns":14},{"damage":22,"enemies":"3 Darklings","floor":35,"turns":6},{"damage":0,"enemies":"Mind Bloom Boss Battle","floor":36,"turns":7},{"damage":17,"enemies":"Orb Walker","floor":41,"turns":4},{"damage":34,"enemies":"Maw","floor":45,"turns":7},{"damage":16,"enemies":"Sphere and 2 Shapes","floor":46,"turns":5},{"damage":32,"enemies":"Spire Growth","floor":48,"turns":4},{"damage":86,"enemies":"Time Eater","floor":50,"turns":7}],"seed_played":"8530926135077028294","potions_obtained":[{"floor":1,"key":"Fire Potion"},{"floor":4,"key":"AttackPotion"},{"floor":5,"key":"LiquidBronze"},{"floor":23,"key":"Swift Potion"},{"floor":29,"key":"Regen Potion"},{"floor":31,"key":"Ancient Potion"},{"floor":35,"key":"Regen Potion"},{"floor":45,"key":"Poison Potion"},{"floor":46,"key":"EssenceOfSteel"}],"is_trial":false,"path_per_floor":["?","M","T","?","?","M","M","?","$","?","T","?","T","$"],"character_chosen":"IRONCLAD","items_purchased":["Bronze Scales","Metallicize","Armaments","Shrug It Off","Dream Catcher"],"campfire_rested":8,"item_purchase_floors":[22,22,30,42,42],"current_hp_per_floor":[80,80,80,80,75,49,41,65,65,65,65,68,68,33,57,11,63,69,69,69,75,75,30,36,62,62,87,87,85,85,65,87,18,70,54,60,60,60,60,86,75,75,75,75,47,37,63,37,63,0],"gold":202,"neow_bonus":"THREE_ENEMY_KILL","is_prod":false,"is_daily":false,"chose_seed":false,"campfire_upgraded":3,"win_rate":0,"timestamp":1552422890,"path_taken":["M","M","?","?","M","E","M","R","T","?","R","M","R","E","R","BOSS","M","?","?","?","$","E","?","R","T","R","?","M","?","E","R","BOSS","M","?","?","?","?","R","M","?","T","R","M","M","R","M","R","BOSS"],"build_version":"2019-01-23","purchased_purges":3,"victory":false,"max_hp_per_floor":[80,80,80,80,80,80,80,80,80,80,80,80,80,80,80,80,80,80,80,80,80,80,87,87,87,87,87,87,87,87,87,87,87,87,87,87,87,87,87,87,87,87,87,87,87,87,87,87,87,87],"card_choices":[{"not_picked":["Intimidate","Body Slam","Havoc"],"picked":"SKIP","floor":1},{"not_picked":["Shockwave","Evolve","Clothesline"],"picked":"SKIP","floor":2},{"not_picked":["True Grit","Anger"],"picked":"Metallicize","floor":4},{"not_picked":["Evolve","Carnage","Uppercut"],"picked":"SKIP","floor":5},{"not_picked":["Fire Breathing","Sword Boomerang"],"picked":"Armaments","floor":6},{"not_picked":["Fire Breathing","Disarm"],"picked":"Impervious","floor":7},{"not_picked":["Perfected Strike","Clash","Flex"],"picked":"Power Through","floor":12},{"not_picked":["Blood for Blood","Anger","Clothesline","Battle Trance"],"picked":"SKIP","floor":14},{"not_picked":["Immolate","Impervious","Fiend Fire"],"picked":"Juggernaut","floor":16},{"not_picked":["Havoc","Intimidate+1","Power Through+1"],"picked":"Flame Barrier","floor":18},{"not_picked":["Armaments","Infernal Blade+1","Iron Wave"],"picked":"Entrench","floor":21},{"not_picked":["Anger+1","Inflame","Headbutt+1"],"picked":"Impervious","floor":23},{"not_picked":["Shockwave","Carnage","Warcry+1","Flex+1"],"picked":"SKIP","floor":24},{"not_picked":["Sword Boomerang","Warcry+1","Dual Wield","Flex+1"],"picked":"SKIP","floor":29},{"not_picked":["Feed","True Grit+1","Sever Soul"],"picked":"Body Slam","floor":31},{"not_picked":["Reaper","Brutality","Impervious"],"picked":"Juggernaut","floor":33},{"not_picked":["Clash","Rage","Second Wind"],"picked":"Armaments","floor":34},{"not_picked":["Twin Strike+1","Thunderclap","Perfected Strike+1"],"picked":"Entrench+1","floor":35},{"not_picked":["Twin Strike","Immolate","Combust"],"picked":"Entrench","floor":36},{"not_picked":["HandOfGreed","Jack Of All Trades","Violence"],"picked":"Dramatic Entrance","floor":38},{"not_picked":["Fire Breathing","Evolve","Flex+1"],"picked":"Body Slam+1","floor":41},{"not_picked":["Sword Boomerang","Spot Weakness","Thunderclap","Clothesline"],"picked":"SKIP","floor":45},{"not_picked":["Warcry","Sword Boomerang+1","Reaper","Armaments"],"picked":"SKIP","floor":46},{"not_picked":["Pommel Strike","Second Wind","Intimidate","Spot Weakness"],"picked":"SKIP","floor":48}],"player_experience":244599,"relics_obtained":[{"floor":6,"key":"Tiny Chest"},{"floor":9,"key":"Lantern"},{"floor":10,"key":"Question Card"},{"floor":14,"key":"Smiling Mask"},{"floor":23,"key":"Strawberry"},{"floor":26,"key":"Shuriken"},{"floor":31,"key":"Boot"},{"floor":36,"key":"Girya"},{"floor":37,"key":"Blue Candle"},{"floor":39,"key":"Self Forming Clay"},{"floor":43,"key":"Bottled Flame"}],"event_choices":[{"damage_healed":0,"gold_gain":0,"player_choice":"Full Heal","damage_taken":0,"max_hp_gain":0,"max_hp_loss":0,"event_name":"Wheel of Change","floor":3,"gold_loss":0},{"cards_removed":["Strike_R"],"damage_healed":0,"gold_gain":0,"player_choice":"Gave Gold","damage_taken":0,"max_hp_gain":0,"max_hp_loss":0,"event_name":"Beggar","floor":19,"gold_loss":75},{"damage_healed":0,"gold_gain":0,"player_choice":"Obtained Relic","damage_taken":0,"relics_obtained":["PreservedInsect"],"max_hp_gain":0,"max_hp_loss":0,"event_name":"Addict","floor":20,"gold_loss":85},{"damage_healed":0,"gold_gain":0,"player_choice":"Inject Mutagens","damage_taken":0,"relics_obtained":["MutagenicStrength"],"max_hp_gain":0,"max_hp_loss":0,"event_name":"Drug Dealer","floor":28,"gold_loss":0},{"damage_healed":0,"gold_gain":0,"player_choice":"Fight","damage_taken":0,"max_hp_gain":0,"max_hp_loss":0,"event_name":"MindBloom","floor":36,"gold_loss":0},{"damage_healed":0,"gold_gain":0,"player_choice":"Memory 1","damage_taken":0,"max_hp_gain":0,"max_hp_loss":0,"event_name":"SensoryStone","floor":38,"gold_loss":0}],"is_beta":false,"boss_relics":[{"not_picked":["Busted Crown","Fusion Hammer"],"picked":"Philosopher\u0027s Stone"},{"not_picked":["Empty Cage","Eternal Feather"],"picked":"Orrery"}],"items_purged_floors":[22,30,42],"is_endless":false,"potions_floor_spawned":[1,4,5,7,14,23,29,31,35,45,46],"killed_by":"Time Eater","ascension_level":5}