{"gold_per_floor":[115,65,18,28,44,44,73,92,115,133,8,8,22,37,37,141,141,155,188,42,42,42],"floor_reached":22,"playtime":787,"items_purged":["Strike_R"],"score":186,"play_id":"e3f4ef36-0b53-476d-b2ed-b636f47370cb","local_time":"20180730141948","is_ascension_mode":false,"campfire_choices":[{"data":"Inflame","floor":6,"key":"SMITH"},{"data":"Seeing Red","floor":15,"key":"SMITH"}],"neow_cost":"","seed_source_timestamp":1345783402782715,"circlet_count":0,"master_deck":["Strike_R","Strike_R","Strike_R","Defend_R","Defend_R","Defend_R","Defend_R","Bash","Inflame+1","Shrug It Off","Seeing Red+1","Heavy Blade","Flex","Clash","Thunderclap","Body Slam","Impervious","Reaper","Anger","Madness","Shrug It Off"],"relics":["Burning Blood","Red Mask"],"potions_floor_usage":[10,16,16],"damage_taken":[{"damage":9,"enemies":"2 Louse","floor":1,"turns":3},{"damage":1,"enemies":"Jaw Worm","floor":4,"turns":3},{"damage":0,"enemies":"Cultist","floor":5,"turns":3},{"damage":21,"enemies":"Gremlin Nob","floor":7,"turns":4},{"damage":4,"enemies":"Exordium Thugs","floor":8,"turns":4},{"damage":7,"enemies":"Exordium Wildlife","floor":10,"turns":5},{"damage":0,"enemies":"Large Slime","floor":13,"turns":3},{"damage":7,"enemies":"Blue Slaver","floor":14,"turns":2},{"damage":48,"enemies":"The Guardian","floor":16,"turns":13},{"damage":31,"enemies":"Spheric Guardian","floor":18,"turns":7},{"damage":59,"floor":19,"turns":7},{"damage":15,"enemies":"Shell Parasite","floor":22,"turns":4}],"seed_played":"4743415822736037232","potions_obtained":[{"floor":1,"key":"LiquidBronze"},{"floor":4,"key":"PowerPotion"},{"floor":8,"key":"PowerPotion"},{"floor":13,"key":"Ancient Potion"}],"is_trial":false,"path_per_floor":["M","?","$","M","M","R","E","M","T","M","$","T","M","M","R","B",null,"M","?","$","?"],"character_chosen":"IRONCLAD","items_purchased":["Shrug It Off","Thunderclap","Madness","Shrug It Off"],"campfire_rested":0,"item_purchase_floors":[3,11,20,20],"current_hp_per_floor":[77,77,77,80,80,80,65,67,67,66,66,66,72,71,71,29,80,55,12,12,12,0],"gold":42,"neow_bonus":"","is_prod":false,"is_daily":false,"chose_seed":false,"campfire_upgraded":2,"win_rate":0,"timestamp":1532981988,"path_taken":["M","?","?","M","M","R","E","M","T","M","$","?","M","M","R","BOSS","M","?","$","?","M"],"build_version":"2018-07-26","purchased_purges":1,"victory":false,"max_hp_per_floor":[80,80,80,80,80,80,80,80,80,80,80,80,80,80,80,80,80,80,80,80,80,80],"card_choices":[{"not_picked":["Twin Strike","Pummel"],"picked":"Inflame","floor":1},{"not_picked":["Fire Breathing","Shrug It Off"],"picked":"Seeing Red","floor":4},{"not_picked":["Havoc","Clothesline"],"picked":"Heavy Blade","floor":5},{"not_picked":["Burning Pact","True Grit","Havoc"],"picked":"SKIP","floor":7},{"not_picked":["Perfected Strike","Wild Strike"],"picked":"Flex","floor":8},{"not_picked":["Anger","Fire Breathing"],"picked":"Clash","floor":10},{"not_picked":["Flame Barrier","Entrench","Body Slam"],"picked":"SKIP","floor":13},{"not_picked":["Flame Barrier","Entrench"],"picked":"Body Slam","floor":13},{"not_picked":["Perfected Strike","Inflame"],"picked":"Impervious","floor":14},{"not_picked":["Offering","Juggernaut"],"picked":"Reaper","floor":16},{"not_picked":["Armaments","Pommel Strike"],"picked":"Anger","floor":18}],"player_experience":297575,"relics_obtained":[{"floor":19,"key":"Red Mask"}],"event_choices":[{"event_name":"The Cleric","player_choice":"Card Removal","floor":2,"damage_taken":0},{"event_name":"Masked Bandits","player_choice":"Fought over 155 gold","floor":19,"damage_taken":0},{"event_name":"Drug Dealer","player_choice":"Ignored","floor":21,"damage_taken":0}],"is_beta":false,"boss_relics":[{"not_picked":["Cursed Key","Ectoplasm","Pandora\u0027s Box"]}],"items_purged_floors":[11],"is_endless":false,"potions_floor_spawned":[1,4,8,13],"killed_by":"Shell Parasite","ascension_level":0}