{"gold_per_floor":[116,35,210,285,360,360,373,401,401,55,69,83,83,83,83,187,187,160,85,85,104,104],"floor_reached":22,"playtime":836,"items_purged":["Doubt"],"score":255,"play_id":"323f83f8-72ec-4485-b587-9fa9091cd80c","local_time":"20190318194331","is_ascension_mode":true,"campfire_choices":[{"data":"Creative AI","floor":6.0,"key":"SMITH"},{"floor":15.0,"key":"REST"}],"neow_cost":"NONE","seed_source_timestamp":29918154393856,"circlet_count":0,"master_deck":["Strike_B","Strike_B","Strike_B","Strike_B","Defend_B","Defend_B","Defend_B","Defend_B","Zap","Dualcast","Creative AI+1","Ball Lightning","Defragment","Auto Shields","Chill","Chrysalis+1","Sunder+1","Glacier","Ball Lightning","Echo Form","Stack","Seek"],"special_seed":0,"relics":["Cracked Core","Oddly Smooth Stone","Question Card","Pear","Eternal Feather"],"potions_floor_usage":[16,16,21,21],"damage_taken":[{"damage":3.0,"enemies":"Jaw Worm","floor":1.0,"turns":4.0},{"damage":0.0,"enemies":"2 Louse","floor":7.0,"turns":2.0},{"damage":15.0,"enemies":"Lagavulin","floor":8.0,"turns":6.0},{"damage":0.0,"enemies":"Cultist","floor":11.0,"turns":4.0},{"damage":0.0,"enemies":"2 Fungi Beasts","floor":12.0,"turns":4.0},{"damage":22,"enemies":"Slime Boss","floor":16,"turns":9},{"damage":28,"enemies":"2 Thieves","floor":18,"turns":5},{"damage":21,"enemies":"Shell Parasite","floor":21,"turns":8},{"damage":43,"enemies":"3 Cultists","floor":22,"turns":6}],"seed_played":"-7287699708949276415","potions_obtained":[{"floor":7.0,"key":"Weak Potion"},{"floor":8.0,"key":"FearPotion"},{"floor":11.0,"key":"SpeedPotion"},{"floor":12.0,"key":"SpeedPotion"},{"floor":20,"key":"AttackPotion"},{"floor":20,"key":"AttackPotion"},{"floor":21,"key":"GamblersBrew"}],"is_trial":false,"path_per_floor":["M","$","?","?","?","R","M","E","T","$","M","M","?","?","R","B",null,"M","?","?","M","M"],"character_chosen":"DEFECT","items_purchased":["Defragment","Chrysalis","Sunder"],"campfire_rested":1,"item_purchase_floors":[2,10,10],"current_hp_per_floor":[65,65,65,54,47,47,47,32,32,32,32,32,42,25,50,28,71,43,43,43,22,0],"gold":104,"neow_bonus":"ONE_RANDOM_RARE_CARD","is_prod":false,"is_daily":false,"chose_seed":false,"campfire_upgraded":1,"win_rate":0,"timestamp":1552956211,"path_taken":["M","$","?","?","?","R","M","E","T","$","?","M","?","?","R","BOSS","M","?","?","?","M"],"build_version":"2019-01-23","purchased_purges":1,"victory":false,"max_hp_per_floor":[75,75,75,75,75,75,75,75,75,75,75,75,85,85,85,85,85,85,85,85,85,85],"card_choices":[{"not_picked":["Compile Driver","Coolheaded"],"picked":"Ball Lightning","floor":1.0},{"not_picked":["Steam","Beam Cell"],"picked":"Auto Shields","floor":7.0},{"not_picked":["Undo","Redo"],"picked":"Chill","floor":8.0},{"not_picked":["Rip and Tear","Turbo","Gash"],"picked":"Glacier","floor":11.0},{"not_picked":["Storm","Leap","Lockon"],"picked":"Ball Lightning","floor":12.0},{"not_picked":["Reboot","Amplify","Multi-Cast"],"picked":"Echo Form","floor":16},{"not_picked":["Gash","Compile Driver","Genetic Algorithm"],"picked":"Stack","floor":18},{"not_picked":["Reinforced Body+1","Sweeping Beam","Barrage+1"],"picked":"Seek","floor":21}],"player_experience":561754,"relics_obtained":[{"floor":8.0,"key":"Oddly Smooth Stone"},{"floor":9.0,"key":"Question Card"}],"event_choices":[{"damage_healed":0.0,"max_hp_gain":0.0,"max_hp_loss":0.0,"gold_gain":175.0,"event_name":"Liars Game","player_choice":"AGREE","floor":3.0,"gold_loss":0.0,"damage_taken":0.0,"cards_obtained":["Doubt"]},{"damage_healed":0.0,"max_hp_gain":0.0,"max_hp_loss":0.0,"gold_gain":75.0,"event_name":"World of Goop","player_choice":"Gather Gold","floor":4.0,"gold_loss":0.0,"damage_taken":11.0},{"damage_healed":0.0,"max_hp_gain":0.0,"max_hp_loss":0.0,"gold_gain":75.0,"event_name":"FaceTrader","player_choice":"Touch","floor":5.0,"gold_loss":0.0,"damage_taken":7.0},{"damage_healed":0.0,"max_hp_gain":0.0,"max_hp_loss":0.0,"gold_gain":0.0,"event_name":"Big Fish","player_choice":"Box","floor":13.0,"gold_loss":0.0,"damage_taken":0.0,"relics_obtained":["Pear"],"cards_obtained":["Regret"]},{"damage_healed":0.0,"max_hp_gain":0.0,"max_hp_loss":0.0,"gold_gain":0.0,"event_name":"Shining Light","player_choice":"Entered Light","floor":14.0,"gold_loss":0.0,"damage_taken":17.0,"cards_upgraded":["Chrysalis","Sunder"]},{"cards_removed":["Regret"],"damage_healed":0,"gold_gain":0,"player_choice":"Gave Gold","damage_taken":0,"max_hp_gain":0,"max_hp_loss":0,"event_name":"Beggar","floor":19,"gold_loss":75},{"damage_healed":0,"gold_gain":0,"player_choice":"Got Potions","damage_taken":0,"max_hp_gain":0,"max_hp_loss":0,"event_name":"Lab","floor":20,"gold_loss":0}],"is_beta":false,"boss_relics":[{"not_picked":["Philosopher\u0027s Stone","Cursed Key"],"picked":"Eternal Feather"}],"items_purged_floors":[10],"is_endless":false,"potions_floor_spawned":[7,8,11,12,21],"killed_by":"3 Cultists","ascension_level":8}