{"gold_per_floor":[117,117,82,96,271,298,298,311,382,382,437,448,460,535,535,535],"floor_reached":16,"playtime":552,"items_purged":[],"score":145,"play_id":"b3a395c7-3d2e-405e-bad1-dcbd7c1eb87f","local_time":"20181112132105","is_ascension_mode":true,"campfire_choices":[{"data":"Neutralize","floor":7.0,"key":"SMITH"},{"floor":15.0,"key":"REST"}],"neow_cost":"NONE","seed_source_timestamp":66942990370815,"circlet_count":0,"master_deck":["Defend_G","Defend_G","Defend_G","Defend_G","Defend_G","Strike_G","Strike_G","Strike_G","Strike_G","Strike_G+1","Survivor","Neutralize","Well Laid Plans","Neutralize+1","Swift Strike+1","Calculated Gamble","Well Laid Plans","Sucker Punch","Acrobatics","Dagger Throw","Deflect","Tactician"],"special_seed":0,"relics":["Ring of the Snake","Anchor","Whetstone","Question Card","Art of War"],"potions_floor_usage":[16],"damage_taken":[{"damage":0.0,"enemies":"Small Slimes","floor":1.0,"turns":3.0},{"damage":0.0,"enemies":"Cultist","floor":4.0,"turns":4.0},{"damage":45.0,"enemies":"Gremlin Nob","floor":6.0,"turns":6.0},{"damage":0.0,"enemies":"2 Louse","floor":8.0,"turns":2.0},{"damage":0.0,"enemies":"Blue Slaver","floor":12.0,"turns":3.0},{"damage":0.0,"enemies":"Exordium Wildlife","floor":13.0,"turns":4.0},{"damage":28,"enemies":"Slime Boss","floor":16,"turns":5}],"seed_played":"35681489231285647","potions_obtained":[{"floor":1.0,"key":"Poison Potion"},{"floor":4.0,"key":"LiquidBronze"},{"floor":12.0,"key":"Fire Potion"}],"is_trial":false,"path_per_floor":["M","?","$","M","?","E","R","M","T","?","T","M","M","?","R","B"],"character_chosen":"THE_SILENT","items_purchased":["Well Laid Plans"],"campfire_rested":1,"item_purchase_floors":[3],"current_hp_per_floor":[63,63,63,63,63,18,18,18,18,18,18,18,18,7,28,0],"gold":535,"neow_bonus":"RANDOM_COMMON_RELIC","is_prod":false,"is_daily":false,"chose_seed":false,"campfire_upgraded":1,"win_rate":0,"timestamp":1542057665,"path_taken":["M","?","?","M","?","E","R","?","T","?","?","?","M","?","R","BOSS"],"build_version":"2018-11-08","purchased_purges":0,"victory":false,"max_hp_per_floor":[70,70,70,70,70,70,70,70,70,70,70,70,70,70,70,70],"card_choices":[{"not_picked":["Finisher","Acrobatics"],"picked":"Well Laid Plans","floor":1.0},{"not_picked":["Bane","Poisoned Stab"],"picked":"Sucker Punch","floor":4.0},{"not_picked":["Underhanded Strike","Eviscerate"],"picked":"Acrobatics","floor":6.0},{"not_picked":["Endless Agony","Glass Knife"],"picked":"Dagger Throw","floor":8.0},{"not_picked":["Blade Dance","All Out Attack","Deadly Poison"],"picked":"Deflect","floor":12.0},{"not_picked":["Prepared","Poisoned Stab","Bane"],"picked":"Tactician","floor":13.0}],"player_experience":562964,"relics_obtained":[{"floor":6.0,"key":"Whetstone"},{"floor":9.0,"key":"Question Card"},{"floor":11.0,"key":"Art of War"}],"event_choices":[{"damage_healed":0.0,"max_hp_gain":0.0,"max_hp_loss":0.0,"gold_gain":0.0,"event_name":"Match and Keep!","player_choice":"3 cards matched","floor":2.0,"gold_loss":0.0,"damage_taken":0.0,"cards_obtained":["Neutralize","Swift Strike","Calculated Gamble"]},{"damage_healed":0.0,"max_hp_gain":0.0,"max_hp_loss":0.0,"gold_gain":175.0,"event_name":"Liars Game","player_choice":"AGREE","floor":5.0,"gold_loss":0.0,"damage_taken":0.0,"cards_obtained":["Doubt"]},{"cards_removed":["Doubt"],"damage_healed":0.0,"max_hp_gain":0.0,"max_hp_loss":0.0,"gold_gain":0.0,"event_name":"Living Wall","player_choice":"Forget","floor":10.0,"gold_loss":0.0,"damage_taken":0.0},{"damage_healed":0.0,"max_hp_gain":0.0,"max_hp_loss":0.0,"gold_gain":75.0,"event_name":"World of Goop","player_choice":"Gather Gold","floor":14.0,"gold_loss":0.0,"damage_taken":11.0}],"is_beta":false,"boss_relics":[],"items_purged_floors":[],"is_endless":false,"potions_floor_spawned":[1,4,12],"killed_by":"Slime Boss","ascension_level":9}