{"gold_per_floor":[115,115,190,206,224,249,249,261,261,261,271,292,304,38,38,143,143,155,168,168,186,186],"floor_reached":22,"playtime":776,"items_purged":[],"score":188,"play_id":"41d02eb6-925a-4bd3-9cc4-5bf12bb5e8d4","local_time":"20180803130122","is_ascension_mode":false,"campfire_choices":[{"floor":7,"key":"REST"},{"floor":15,"key":"REST"}],"neow_cost":"NONE","seed_source_timestamp":1686639125167182,"circlet_count":0,"master_deck":["Strike_B","Strike_B","Strike_B","Defend_B","Defend_B","Defend_B+1","Defend_B","Zap","Dualcast","Ball Lightning+1","Double Energy","Loop","Redo","Hologram","Go for the Eyes","Cold Snap","Hologram","Core Surge","Machine Learning","Conserve Battery","Multi-Cast","Chill","Static Discharge+1","Self Repair","Coolheaded"],"relics":["Fusion Hammer"],"potions_floor_usage":[12,16,16,22],"damage_taken":[{"damage":1,"enemies":"Jaw Worm","floor":1,"turns":3},{"damage":2,"enemies":"2 Louse","floor":4,"turns":2},{"damage":1,"enemies":"Cultist","floor":5,"turns":3},{"damage":25,"enemies":"Gremlin Nob","floor":6,"turns":4},{"damage":9,"enemies":"2 Fungi Beasts","floor":8,"turns":3},{"damage":6,"enemies":"Blue Slaver","floor":11,"turns":3},{"damage":7,"floor":12,"turns":3},{"damage":0,"enemies":"Exordium Thugs","floor":13,"turns":4},{"damage":19,"enemies":"Slime Boss","floor":16,"turns":10},{"damage":34,"enemies":"2 Thieves","floor":18,"turns":5},{"damage":10,"enemies":"Spheric Guardian","floor":19,"turns":6},{"damage":25,"enemies":"Cultist and Chosen","floor":21,"turns":5},{"damage":13,"floor":22,"turns":2}],"seed_played":"6178358885226697396","potions_obtained":[{"floor":1,"key":"Fire Potion"},{"floor":6,"key":"Poison Potion"},{"floor":8,"key":"FearPotion"},{"floor":11,"key":"SteroidPotion"},{"floor":13,"key":"Strength Potion"}],"is_trial":false,"path_per_floor":["M","?","?","M","M","E","R","M","T","?","M","?","M","$","R","B",null,"M","M","?","M"],"character_chosen":"DEFECT","items_purchased":["Core Surge","Machine Learning","Conserve Battery"],"campfire_rested":2,"item_purchase_floors":[14,14,14],"current_hp_per_floor":[74,59,48,46,45,20,42,33,33,26,20,13,13,13,35,16,75,41,31,31,13,0],"gold":186,"neow_bonus":"BOSS_RELIC","is_prod":false,"is_daily":false,"chose_seed":false,"campfire_upgraded":0,"win_rate":0,"timestamp":1533322882,"path_taken":["M","?","?","M","M","E","R","M","T","?","?","?","M","$","R","BOSS","M","M","?","M","?"],"build_version":"2018-08-02","purchased_purges":0,"victory":false,"max_hp_per_floor":[75,75,75,75,75,75,75,75,75,75,75,75,75,75,75,75,75,75,75,75,75,75],"card_choices":[{"not_picked":["Undo","Gash"],"picked":"Ball Lightning","floor":1},{"not_picked":["Rip and Tear","Chaos"],"picked":"Double Energy","floor":4},{"not_picked":["Lockon","Steam"],"picked":"Loop","floor":5},{"not_picked":["Sweeping Beam","Heatsinks"],"picked":"Redo","floor":6},{"not_picked":["Lockon","Redo"],"picked":"Hologram","floor":8},{"not_picked":["Redo","BootSequence"],"picked":"Go for the Eyes","floor":11},{"not_picked":["Stack","Barrage"],"picked":"Cold Snap","floor":12},{"not_picked":["Steam Power","Gash"],"picked":"Hologram","floor":13},{"not_picked":["Machine Learning","All For One"],"picked":"Multi-Cast","floor":16},{"not_picked":["Compile Driver","Stack"],"picked":"Chill","floor":18},{"not_picked":["Gash","Barrage+1"],"picked":"Static Discharge+1","floor":19},{"not_picked":["Undo","Cold Snap"],"picked":"Coolheaded","floor":21}],"player_experience":332073,"relics_obtained":[],"event_choices":[{"event_name":"Shining Light","player_choice":"Entered Light","floor":2,"damage_taken":0},{"event_name":"World of Goop","player_choice":"Gather Gold","floor":3,"damage_taken":0},{"event_name":"Golden Wing","player_choice":"Card Removal","floor":10,"damage_taken":0},{"event_name":"Mushrooms","player_choice":"Fought Mushrooms","floor":12,"damage_taken":0},{"event_name":"The Library","player_choice":"Read","floor":20,"damage_taken":0},{"event_name":"Masked Bandits","player_choice":"Fought over 186 gold","floor":22,"damage_taken":0}],"is_beta":false,"boss_relics":[{"not_picked":["Snecko Eye","Black Star","Philosopher\u0027s Stone"]}],"items_purged_floors":[],"is_endless":false,"potions_floor_spawned":[1,6,8,11,13],"ascension_level":0}