{"gold_per_floor":[112,212,222,39,59,59,93,93,166,195,195,104,104,125,125,125],"floor_reached":16,"playtime":712,"items_purged":[],"score":175,"play_id":"07664bc0-8a5f-427e-831e-ee2fc60eaad4","local_time":"20181207123803","is_ascension_mode":true,"campfire_choices":[{"data":"Leg Sweep","floor":6,"key":"SMITH"},{"floor":11,"key":"REST"},{"data":"Sucker Punch","floor":13,"key":"SMITH"},{"floor":15,"key":"RECALL"}],"neow_cost":"NONE","seed_source_timestamp":479484426945581,"circlet_count":0,"master_deck":["AscendersBane","Defend_G","Defend_G","Defend_G","Defend_G","Defend_G","Strike_G","Strike_G","Strike_G","Strike_G","Survivor","Neutralize","Cloak And Dagger","Calculated Gamble","Leg Sweep+1","Flying Knee","Sucker Punch+1","Caltrops","Sucker Punch","Blur"],"relics":["Ring of the Snake","NeowsBlessing","Oddly Smooth Stone","Vajra","Mummified Hand","Odd Mushroom"],"potions_floor_usage":[10,16,16],"damage_taken":[{"damage":0,"enemies":"Small Slimes","floor":1,"turns":1},{"damage":0,"enemies":"Cultist","floor":3,"turns":1},{"damage":0,"enemies":"2 Louse","floor":5,"turns":1},{"damage":34,"enemies":"3 Sentries","floor":7,"turns":15},{"damage":21,"enemies":"Gremlin Nob","floor":10,"turns":6},{"damage":3,"enemies":"The Mushroom Lair","floor":14,"turns":6},{"damage":23,"enemies":"Hexaghost","floor":16,"turns":16}],"seed_played":"1789286942722835454","potions_obtained":[{"floor":3,"key":"SpeedPotion"},{"floor":10,"key":"LiquidBronze"},{"floor":14,"key":"Swift Potion"}],"is_trial":false,"path_per_floor":["M","?","M","$","M","R","E","?","T","E","R","$","R","?","R","B"],"character_chosen":"THE_SILENT","items_purchased":["Oddly Smooth Stone","Leg Sweep","Caltrops","Sucker Punch"],"campfire_rested":1,"item_purchase_floors":[4,4,12,12],"current_hp_per_floor":[63,63,63,63,63,63,29,22,22,1,22,22,22,19,19,0],"gold":125,"neow_bonus":"THREE_ENEMY_KILL","is_prod":false,"is_daily":false,"chose_seed":false,"campfire_upgraded":2,"win_rate":0,"timestamp":1544211483,"path_taken":["M","?","M","$","?","R","E","?","T","E","R","$","R","?","R","BOSS"],"build_version":"2018-12-06","purchased_purges":0,"victory":false,"max_hp_per_floor":[70,70,70,70,70,70,70,70,70,70,70,70,70,70,70,70],"card_choices":[{"not_picked":["Dodge and Roll","Blade Dance"],"picked":"Cloak And Dagger","floor":1},{"not_picked":["Cloak And Dagger","Flechettes"],"picked":"Calculated Gamble","floor":3},{"not_picked":["Eviscerate","Riddle With Holes"],"picked":"Flying Knee","floor":5},{"not_picked":["Eviscerate","Outmaneuver"],"picked":"Sucker Punch","floor":7},{"not_picked":["Concentrate","Endless Agony","Bane"],"picked":"SKIP","floor":10},{"not_picked":["Endless Agony","Deflect"],"picked":"Blur","floor":14}],"player_experience":679534,"relics_obtained":[{"floor":7,"key":"Vajra"},{"floor":10,"key":"Mummified Hand"},{"floor":14,"key":"Odd Mushroom"}],"event_choices":[{"damage_healed":0,"gold_gain":100,"player_choice":"Pray","damage_taken":0,"max_hp_gain":0,"max_hp_loss":0,"event_name":"Golden Shrine","floor":2,"gold_loss":0},{"cards_removed":["Strike_G"],"damage_healed":0,"gold_gain":0,"player_choice":"Card Removal","damage_taken":7,"max_hp_gain":0,"max_hp_loss":0,"event_name":"Golden Wing","floor":8,"gold_loss":0},{"damage_healed":0,"gold_gain":0,"player_choice":"Fought Mushrooms","damage_taken":0,"max_hp_gain":0,"max_hp_loss":0,"event_name":"Mushrooms","floor":14,"gold_loss":0}],"is_beta":false,"boss_relics":[],"items_purged_floors":[],"is_endless":false,"potions_floor_spawned":[3,10,14],"killed_by":"Hexaghost","ascension_level":13}