{"path_per_floor":["M","M","M","?","?","E","$","R","T","M","M","M","M","$","R","B",null,"M","M","?","M","M","R","M","R","T","R","?","$","M","$","R","B",null,"M","?","?","B"],"character_chosen":"DEFECT","items_purchased":["Auto Shields","Scrape","Capacitor","Beam Cell","Self Repair","Capacitor"],"gold_per_floor":[112,128,148,148,223,251,134,134,134,154,173,191,204,49,49,149,149,159,169,84,102,114,114,127,127,181,181,181,102,115,61,61,164,164,181,181,181,181],"floor_reached":39,"campfire_rested":3,"playtime":2948,"current_hp_per_floor":[81,78,70,70,59,28,28,52,52,33,21,21,11,11,35,15,82,72,56,56,51,48,48,48,72,72,72,72,72,77,77,77,27,82,82,82,82,22],"items_purged":["Defend_B"],"gold":181,"score":558,"play_id":"3936b971-5b00-4108-b2fd-7fc16016afc6","local_time":"20180505104410","is_prod":false,"is_daily":false,"chose_seed":false,"is_ascension_mode":false,"campfire_upgraded":3,"timestamp":1525535050,"path_taken":["M","M","?","?","?","E","$","R","T","M","M","M","?","$","R","BOSS","M","M","?","M","M","R","M","R","T","R","?","$","M","?","R","BOSS","M","?","?","BOSS"],"build_version":"2018-05-03","seed_source_timestamp":1667991883734255,"purchased_purges":1,"victory":true,"master_deck":["Strike_B","Strike_B","Strike_B","Strike_B","Defend_B","Defend_B","Defend_B","Zap","Dualcast","Buffer+1","Aggregate","Auto Shields","Scrape","Glacier+1","Hello World+1","Blizzard","Ball Lightning","Capacitor+1","Reboot","BootSequence","Barrage+1","Chaos+1","Self Repair+1","Ball Lightning+1","Capacitor+1","Thunder Strike","Ball Lightning+1"],"max_hp_per_floor":[82,82,82,82,82,82,82,82,82,82,82,82,82,82,82,82,82,82,82,82,82,82,82,82,82,82,82,82,82,82,82,82,82,82,82,82,82,82],"relics":["Cracked Core","Ancient Tea Set","Frozen Egg 2","Nuclear Battery","Ice Cream","Anchor","Lizard Tail"],"card_choices":[{"not_picked":["Cold Snap","Barrage"],"picked":"Buffer","floor":1.0},{"not_picked":["Streamline","Coolheaded"],"picked":"Aggregate","floor":2.0},{"not_picked":["Buffer","Double Energy"],"picked":"Glacier","floor":10.0},{"not_picked":["Reinforced Body","Axe Kick"],"picked":"Hello World","floor":11.0},{"not_picked":["Skim","Coolheaded"],"picked":"Blizzard","floor":12.0},{"not_picked":["Leap","Impulse"],"picked":"Ball Lightning","floor":13.0},{"not_picked":["Echo Form","All For One"],"picked":"Reboot","floor":16.0},{"not_picked":["Leap","Stack"],"picked":"BootSequence","floor":18.0},{"not_picked":["FTL","Skim"],"picked":"Barrage","floor":19.0},{"not_picked":["Hello World","Ball Lightning"],"picked":"Chaos","floor":22.0},{"not_picked":["Impulse","Leap"],"picked":"Ball Lightning","floor":30.0},{"not_picked":["Biased Cognition","Reboot"],"picked":"Thunder Strike","floor":33.0},{"not_picked":["Melter","Streamline"],"picked":"Ball Lightning","floor":35.0}],"player_experience":37970,"potions_floor_usage":[38],"damage_taken":[{"damage":1.0,"enemies":"Cultist","floor":1.0,"turns":3.0},{"damage":3.0,"enemies":"2 Louse","floor":2.0,"turns":3.0},{"damage":8.0,"enemies":"Small Slimes","floor":3.0,"turns":3.0},{"damage":31.0,"enemies":"Lagavulin","floor":6.0,"turns":10.0},{"damage":19.0,"enemies":"3 Louse","floor":10.0,"turns":4.0},{"damage":12.0,"enemies":"Large Slime","floor":11.0,"turns":6.0},{"damage":0.0,"enemies":"Exordium Wildlife","floor":12.0,"turns":4.0},{"damage":10.0,"enemies":"Looter","floor":13.0,"turns":3.0},{"damage":20.0,"enemies":"The Guardian","floor":16.0,"turns":14.0},{"damage":10.0,"enemies":"Spheric Guardian","floor":18.0,"turns":4.0},{"damage":16.0,"enemies":"Shell Parasite","floor":19.0,"turns":8.0},{"damage":5.0,"enemies":"Snake Plant","floor":21.0,"turns":4.0},{"damage":3.0,"enemies":"Centurion and Healer","floor":22.0,"turns":6.0},{"damage":0.0,"enemies":"Sentry and Sphere","floor":24.0,"turns":6.0},{"damage":5.0,"enemies":"Snake Plant","floor":30.0,"turns":5.0},{"damage":50.0,"enemies":"Champ","floor":33.0,"turns":12.0},{"damage":0.0,"enemies":"Orb Walker","floor":35.0,"turns":4.0},{"damage":105,"enemies":"Time Eater","floor":38,"turns":14}],"event_choices":[{"event_name":"The Cleric","player_choice":"Leave","floor":4.0,"damage_taken":0.0},{"event_name":"World of Goop","player_choice":"Gather Gold","floor":5.0,"damage_taken":0.0},{"event_name":"Addict","player_choice":"Obtained Relic","floor":20.0,"damage_taken":0.0},{"event_name":"Vampires","player_choice":"Ignored","floor":28.0,"damage_taken":0.0},{"event_name":"SecretPortal","player_choice":"Took Portal.","floor":37.0,"damage_taken":0.0}],"boss_relics":[],"potions_floor_spawned":[2,3,11,12,19,21,33],"seed_played":"8218636388226321313","ascension_level":0,"is_trial":false}