{"gold_per_floor":[111,61,79,99,99,130,140,140,216,235,47,80,80,91,91,91],"floor_reached":16,"playtime":680,"items_purged":["Defend_G"],"score":112,"play_id":"ddcfe958-49a3-4c90-a0de-59d21d981e47","local_time":"20180708235642","is_ascension_mode":false,"campfire_choices":[{"data":"Accuracy","floor":13,"key":"SMITH"},{"data":"Infinite Blades","floor":15,"key":"SMITH"}],"neow_cost":"NONE","seed_source_timestamp":624827169851427,"circlet_count":0,"master_deck":["Defend_G","Defend_G","Defend_G","Strike_G","Strike_G","Strike_G","Strike_G","Survivor","Neutralize","Infinite Blades+1","Backflip","All Out Attack+1","Eviscerate+1","Predator","Escape Plan","Quick Slash","Riddle With Holes","Accuracy+1","Crippling Poison","Dagger Throw"],"relics":["Runic Dome","Turnip","Gremlin Horn","Lantern"],"potions_floor_usage":[12,16,16,16],"damage_taken":[{"damage":0,"enemies":"Small Slimes","floor":1,"turns":3},{"damage":3,"enemies":"Jaw Worm","floor":3,"turns":4},{"damage":0,"enemies":"2 Louse","floor":4,"turns":3},{"damage":8,"enemies":"3 Sentries","floor":6,"turns":9},{"damage":2,"enemies":"Looter","floor":7,"turns":3},{"damage":12,"enemies":"3 Louse","floor":10,"turns":2},{"damage":8,"enemies":"Gremlin Nob","floor":12,"turns":3},{"damage":0,"enemies":"Exordium Wildlife","floor":14,"turns":2},{"damage":41,"enemies":"The Guardian","floor":16,"turns":9}],"seed_played":"-90988778498143113","potions_obtained":[{"floor":1,"key":"FearPotion"},{"floor":7,"key":"EssenceOfSteel"},{"floor":10,"key":"FearPotion"},{"floor":14,"key":"Regen Potion"}],"is_trial":false,"path_per_floor":["M","?","M","M","?","E","M","?","T","M","$","E","R","M","R"],"character_chosen":"THE_SILENT","items_purchased":["Riddle With Holes","Accuracy"],"campfire_rested":0,"item_purchase_floors":[11,11],"current_hp_per_floor":[70,70,67,67,67,59,57,43,43,31,31,23,23,23,23,0],"gold":91,"neow_bonus":"BOSS_RELIC","is_prod":false,"is_daily":false,"chose_seed":false,"campfire_upgraded":2,"win_rate":0.0,"timestamp":1531115802,"path_taken":["M","?","M","M","?","E","M","?","T","?","$","E","R","M","R","BOSS"],"build_version":"2018-07-05","purchased_purges":1,"victory":false,"max_hp_per_floor":[70,70,70,70,70,70,70,70,70,70,70,70,70,70,70,70],"card_choices":[{"not_picked":["Backflip","Outmaneuver"],"picked":"Infinite Blades","floor":1},{"not_picked":["Slice","Dagger Spray"],"picked":"Backflip","floor":3},{"not_picked":["Catalyst","Storm of Steel"],"picked":"All Out Attack","floor":4},{"not_picked":["Prepared","Distraction"],"picked":"Predator","floor":6},{"not_picked":["Heel Hook","Masterful Stab"],"picked":"Escape Plan","floor":7},{"not_picked":["Bane","Slice"],"picked":"Quick Slash","floor":10},{"not_picked":["Dagger Spray","PiercingWail"],"picked":"Crippling Poison","floor":12},{"not_picked":["PiercingWail","Quick Slash"],"picked":"Dagger Throw","floor":14}],"player_experience":161626,"relics_obtained":[{"floor":6,"key":"Turnip"},{"floor":9,"key":"Gremlin Horn"},{"floor":12,"key":"Lantern"}],"event_choices":[{"event_name":"The Cleric","player_choice":"Card Removal","floor":2,"damage_taken":0},{"event_name":"Living Wall","player_choice":"Change","floor":5,"damage_taken":0},{"event_name":"Shining Light","player_choice":"Entered Light","floor":8,"damage_taken":0}],"boss_relics":[],"items_purged_floors":[11],"is_endless":false,"potions_floor_spawned":[1,7,10,14],"killed_by":"The Guardian","ascension_level":0}