{"gold_per_floor":[112,124,137,152,102,102,130,150,174,209,209,209,238,253,253,355,355,369,369,16,29,43,68,68,101,172,172,23,37,37,52,52,151,151,161,173,24,34,49,75,75,108,134,145,161,161,186,186,186,186],"floor_reached":51,"playtime":2841,"items_purged":[],"score":911,"play_id":"1a0fbbaf-9685-4218-a345-e9dd0e0b4305","local_time":"20180728004501","is_ascension_mode":true,"campfire_choices":[{"data":"Sucker Punch","floor":6,"key":"SMITH"},{"data":"Endless Agony","floor":12,"key":"SMITH"},{"floor":15,"key":"REST"},{"data":"Terror","floor":24,"key":"SMITH"},{"floor":30,"key":"REST"},{"data":"Blur","floor":32,"key":"SMITH"},{"data":"Distraction","floor":41,"key":"SMITH"},{"data":"Skewer","floor":46,"key":"SMITH"},{"data":"Reflex","floor":49,"key":"SMITH"}],"neow_cost":"NONE","seed_source_timestamp":1122059808879516,"circlet_count":0,"master_deck":["Defend_G+1","Defend_G+1","Defend_G+1","Defend_G+1","Defend_G+1","Strike_G+1","Strike_G+1","Strike_G+1","Strike_G+1","Survivor+1","Neutralize","Reflex+1","Sucker Punch+1","Bane","Cloak And Dagger","Endless Agony+1","Sucker Punch","Backflip","Endless Agony","Poisoned Stab","Bane","Terror+1","Blur+1","Deadly Poison","Acrobatics","PiercingWail","Deflect","Skewer+1","Bandage Up","Dagger Spray","Bane","Slice","Poisoned Stab","Backflip+1","Backflip+1","Venomology","Backstab","Slice","Concentrate+1","Distraction+1","Tools of the Trade","Infinite Blades+1","Acrobatics+1","Backstab+1"],"relics":["Busted Crown","Prayer Wheel","Snake Skull","Lantern","Boot","Orrery","TwistedFunnel","Centennial Puzzle","Darkstone Periapt","Paper Crane","Anchor","WristBlade","Vajra","War Paint","Question Card","Juzu Bracelet","Art of War"],"potions_floor_usage":[7,10,10,21,33,42,42,42,44,45,45,47,50,50,50,50],"damage_taken":[{"damage":0,"enemies":"Small Slimes","floor":1,"turns":4},{"damage":1,"enemies":"2 Louse","floor":2,"turns":5},{"damage":0,"enemies":"Jaw Worm","floor":3,"turns":3},{"damage":3,"enemies":"Looter","floor":4,"turns":3},{"damage":13,"enemies":"Gremlin Nob","floor":7,"turns":4},{"damage":9,"enemies":"Exordium Wildlife","floor":8,"turns":3},{"damage":4,"enemies":"Lagavulin","floor":10,"turns":7},{"damage":20,"enemies":"Gremlin Nob","floor":13,"turns":4},{"damage":0,"enemies":"Large Slime","floor":14,"turns":5},{"damage":34,"enemies":"The Guardian","floor":16,"turns":15},{"damage":13,"enemies":"Spheric Guardian","floor":18,"turns":4},{"damage":6,"enemies":"2 Thieves","floor":21,"turns":3},{"damage":0,"enemies":"3 Cultists","floor":22,"turns":4},{"damage":22,"enemies":"Gremlin Leader","floor":23,"turns":8},{"damage":19,"enemies":"Book of Stabbing","floor":25,"turns":5},{"damage":0,"enemies":"Chosen and Byrds","floor":29,"turns":4},{"damage":6,"enemies":"Snake Plant","floor":31,"turns":3},{"damage":7,"enemies":"Automaton","floor":33,"turns":12},{"damage":0,"enemies":"Flame Bruiser 1 Orb","floor":35,"turns":5},{"damage":1,"enemies":"3 Shapes","floor":36,"turns":3},{"damage":12,"enemies":"Sphere and 2 Shapes","floor":38,"turns":4},{"damage":0,"enemies":"Flame Bruiser 2 Orb","floor":39,"turns":5},{"damage":6,"enemies":"Nemesis","floor":40,"turns":5},{"damage":12,"enemies":"Giant Head","floor":42,"turns":8},{"damage":4,"enemies":"Maw","floor":44,"turns":6},{"damage":6,"enemies":"Sphere and 2 Shapes","floor":45,"turns":4},{"damage":3,"enemies":"Nemesis","floor":47,"turns":4},{"damage":40,"enemies":"Awakened One","floor":50,"turns":15}],"seed_played":"-1227948253889644169","potions_obtained":[{"floor":1,"key":"Swift Potion"},{"floor":4,"key":"Poison Potion"},{"floor":8,"key":"SteroidPotion"},{"floor":16,"key":"Regen Potion"},{"floor":18,"key":"FearPotion"},{"floor":22,"key":"Ancient Potion"},{"floor":33,"key":"Dexterity Potion"},{"floor":40,"key":"GhostInAJar"},{"floor":44,"key":"Fire Potion"},{"floor":45,"key":"Weak Potion"},{"floor":48,"key":"Dexterity Potion"}],"is_trial":false,"path_per_floor":["M","M","M","M","?","R","E","M","T","E","?","R","E","M","R","B",null,"M","?","$","M","M","E","R","E","T","?","$","M","R","M","R","B",null,"M","M","$","M","M","E","R","E","T","M","M","R","E","?","R","B"],"character_chosen":"THE_SILENT","items_purchased":["TwistedFunnel","Bandage Up","Dagger Spray","Anchor","Vajra"],"campfire_rested":2,"item_purchase_floors":[20,20,20,28,37],"current_hp_per_floor":[70,69,69,66,66,66,53,44,44,40,40,40,20,20,41,7,70,57,57,57,64,64,46,46,31,31,18,18,22,44,42,42,39,75,75,75,75,63,67,61,61,53,53,53,52,52,53,53,53,17],"gold":186,"neow_bonus":"BOSS_RELIC","is_prod":false,"is_daily":false,"chose_seed":false,"campfire_upgraded":7,"win_rate":0,"timestamp":1532760301,"path_taken":["M","M","M","M","?","R","E","M","T","E","?","R","E","M","R","BOSS","M","?","$","?","M","E","R","E","T","?","?","M","R","M","R","BOSS","M","M","?","M","M","E","R","E","T","M","M","R","E","?","R","BOSS"],"build_version":"2018-07-26","purchased_purges":0,"victory":true,"max_hp_per_floor":[70,70,70,70,70,70,70,70,70,70,70,70,70,70,70,70,70,70,70,70,70,70,70,70,70,70,75,75,75,75,75,75,75,75,75,75,75,75,75,75,75,75,75,75,75,75,75,75,75,75],"card_choices":[{"not_picked":[],"picked":"Reflex","floor":1},{"not_picked":[],"picked":"Sucker Punch","floor":2},{"not_picked":[],"picked":"Bane","floor":3},{"not_picked":[],"picked":"Cloak And Dagger","floor":4},{"not_picked":[],"picked":"Endless Agony","floor":7},{"not_picked":[],"picked":"Sucker Punch","floor":8},{"not_picked":["Catalyst"],"picked":"SKIP","floor":8},{"not_picked":[],"picked":"Backflip","floor":10},{"not_picked":["Endless Agony"],"picked":"SKIP","floor":13},{"not_picked":[],"picked":"Endless Agony","floor":13},{"not_picked":[],"picked":"Poisoned Stab","floor":14},{"not_picked":[],"picked":"Bane","floor":14},{"not_picked":[],"picked":"Terror","floor":17},{"not_picked":[],"picked":"Blur","floor":17},{"not_picked":[],"picked":"Deadly Poison","floor":17},{"not_picked":[],"picked":"Acrobatics","floor":17},{"not_picked":[],"picked":"PiercingWail","floor":17},{"not_picked":[],"picked":"Deflect","floor":18},{"not_picked":[],"picked":"Skewer","floor":18},{"not_picked":[],"picked":"Bane","floor":21},{"not_picked":[],"picked":"Slice","floor":21},{"not_picked":[],"picked":"Poisoned Stab","floor":22},{"not_picked":["Bane"],"picked":"SKIP","floor":22},{"not_picked":[],"picked":"Backflip","floor":23},{"not_picked":[],"picked":"Backflip+1","floor":25},{"not_picked":["Dagger Throw"],"picked":"SKIP","floor":29},{"not_picked":["Reflex"],"picked":"SKIP","floor":29},{"not_picked":["Outmaneuver"],"picked":"SKIP","floor":31},{"not_picked":["Poisoned Stab"],"picked":"SKIP","floor":31},{"not_picked":[],"picked":"Venomology","floor":33},{"not_picked":[],"picked":"Backstab","floor":35},{"not_picked":[],"picked":"Slice","floor":35},{"not_picked":["Dodge and Roll+1"],"picked":"SKIP","floor":36},{"not_picked":["Dodge and Roll"],"picked":"SKIP","floor":36},{"not_picked":[],"picked":"Concentrate+1","floor":38},{"not_picked":["Terror"],"picked":"SKIP","floor":38},{"not_picked":["Dodge and Roll"],"picked":"SKIP","floor":39},{"not_picked":["Accuracy"],"picked":"SKIP","floor":39},{"not_picked":[],"picked":"Distraction","floor":40},{"not_picked":[],"picked":"Tools of the Trade","floor":42},{"not_picked":["Accuracy"],"picked":"Infinite Blades+1","floor":44},{"not_picked":["Cloak And Dagger+1"],"picked":"Acrobatics+1","floor":44},{"not_picked":["Deflect","Well Laid Plans"],"picked":"SKIP","floor":45},{"not_picked":["Backflip","Poisoned Stab+1"],"picked":"SKIP","floor":45},{"not_picked":["Dagger Spray+1"],"picked":"Backstab+1","floor":47}],"player_experience":281915,"relics_obtained":[{"floor":7,"key":"Prayer Wheel"},{"floor":9,"key":"Snake Skull"},{"floor":10,"key":"Lantern"},{"floor":13,"key":"Boot"},{"floor":23,"key":"Centennial Puzzle"},{"floor":25,"key":"Darkstone Periapt"},{"floor":26,"key":"Paper Crane"},{"floor":40,"key":"War Paint"},{"floor":42,"key":"Question Card"},{"floor":43,"key":"Juzu Bracelet"},{"floor":47,"key":"Art of War"}],"event_choices":[{"event_name":"The Cleric","player_choice":"Card Removal","floor":5,"damage_taken":0},{"event_name":"Liars Game","player_choice":"disagreed","floor":11,"damage_taken":0},{"event_name":"Back to Basics","player_choice":"Simplicity","floor":19,"damage_taken":0},{"event_name":"Forgotten Altar","player_choice":"Shed Blood","floor":27,"damage_taken":0},{"event_name":"The Lab","player_choice":"Got Potions","floor":48,"damage_taken":0}],"is_beta":false,"boss_relics":[{"not_picked":["Ectoplasm","Cursed Key"],"picked":"Orrery"},{"not_picked":["Runic Dome","Fusion Hammer"],"picked":"WristBlade"}],"items_purged_floors":[],"is_endless":false,"potions_floor_spawned":[1,4,8,16,18,22,33,39,40,44,45],"ascension_level":3}