{"gold_per_floor":[116,131,131,151,151,183,238,249,249,249,269,269,269,284,284,387,387,407,417,417,436,446,476,476,401,455,14,33,33,46,74,74,74],"floor_reached":33,"playtime":1789,"items_purged":[],"score":289,"play_id":"2ad2d793-1780-4bd9-8280-e368b77137b5","local_time":"20180702234118","is_ascension_mode":false,"campfire_choices":[{"floor":10,"key":"REST"},{"data":"Phantasmal Killer","floor":12,"key":"SMITH"},{"data":"Riddle With Holes","floor":15,"key":"SMITH"},{"floor":24,"key":"REST"},{"floor":29,"key":"REST"},{"floor":32,"key":"REST"}],"neow_cost":"NONE","seed_source_timestamp":104459613079110,"circlet_count":0,"master_deck":["Defend_G","Defend_G","Defend_G","Defend_G","Defend_G","Strike_G","Strike_G","Survivor","Neutralize","Dash","All Out Attack","Phantasmal Killer+1","Underhanded Strike","Riddle With Holes+1","Flying Knee","Poisoned Stab","Calculated Gamble","PiercingWail","Envenom","Flying Knee","Choke+1","Leg Sweep","Reflex","Setup","Eviscerate+1"],"special_seed":17715,"relics":["Ring of the Snake","Letter Opener","Bag of Preparation","Gremlin Horn","Velvet Choker","Shovel","Boot","Thread and Needle","Anchor","Unceasing Top"],"potions_floor_usage":[23,28,31,31,33],"damage_taken":[{"damage":0,"enemies":"2 Louse","floor":1,"turns":3},{"damage":0,"enemies":"Jaw Worm","floor":2,"turns":6},{"damage":0,"enemies":"Small Slimes","floor":4,"turns":5},{"damage":11,"enemies":"Lagavulin","floor":6,"turns":8},{"damage":59,"enemies":"Lagavulin Event","floor":7,"turns":11},{"damage":0,"enemies":"Gremlin Gang","floor":8,"turns":4},{"damage":5,"enemies":"Exordium Thugs","floor":11,"turns":4},{"damage":0,"enemies":"3 Louse","floor":14,"turns":2},{"damage":21,"enemies":"Slime Boss","floor":16,"turns":11},{"damage":0,"enemies":"Spheric Guardian","floor":18,"turns":2},{"damage":20,"enemies":"Shell Parasite","floor":19,"turns":6},{"damage":24,"enemies":"Snake Plant","floor":21,"turns":4},{"damage":21,"enemies":"Snecko","floor":22,"turns":4},{"damage":4,"enemies":"Slavers","floor":23,"turns":7},{"damage":20,"enemies":"Cultist and Chosen","floor":28,"turns":6},{"damage":6,"enemies":"Sentry and Sphere","floor":30,"turns":4},{"damage":22,"enemies":"Gremlin Leader","floor":31,"turns":7},{"damage":40,"enemies":"Automaton","floor":33,"turns":6}],"seed_played":"3758303775363453911","potions_obtained":[{"floor":1,"key":"SneckoOil"},{"floor":4,"key":"Energy Potion"},{"floor":11,"key":"SpeedPotion"},{"floor":22,"key":"GhostInAJar"},{"floor":28,"key":"GamblersBrew"},{"floor":30,"key":"Explosive Potion"}],"is_trial":false,"path_per_floor":["M","M","?","M","?","E","?","M","T","R","M","R","?","M","R","B",null,"M","M","?","M","M","E","R","?","T","$","M","R","M","E","R"],"character_chosen":"THE_SILENT","items_purchased":["Thread and Needle","Anchor"],"campfire_rested":4,"item_purchase_floors":[27,27],"current_hp_per_floor":[77,77,77,77,77,66,7,7,7,30,25,25,50,50,50,29,77,77,57,57,33,12,8,31,31,31,31,11,34,28,6,29,0],"gold":74,"neow_bonus":"TEN_PERCENT_HP_BONUS","is_prod":false,"is_daily":false,"chose_seed":false,"campfire_upgraded":2,"win_rate":0.0,"timestamp":1530596478,"path_taken":["M","M","?","M","?","E","?","?","T","R","M","R","?","M","R","BOSS","M","M","?","M","?","E","R","?","T","$","M","R","M","E","R","BOSS"],"build_version":"2018-06-28","purchased_purges":0,"victory":false,"max_hp_per_floor":[77,77,77,77,77,77,77,77,77,77,77,77,77,77,77,77,77,77,77,77,77,77,77,77,77,77,77,77,77,77,77,77,77],"card_choices":[{"not_picked":["Bane","Endless Agony"],"picked":"Dash","floor":1},{"not_picked":["Acrobatics","Dagger Spray"],"picked":"All Out Attack","floor":2},{"not_picked":["Sucker Punch","Deadly Poison"],"picked":"Underhanded Strike","floor":4},{"not_picked":["Well Laid Plans","Acrobatics"],"picked":"Riddle With Holes","floor":6},{"not_picked":["Underhanded Strike","Outmaneuver"],"picked":"Flying Knee","floor":7},{"not_picked":["Bane","Deadly Poison"],"picked":"Poisoned Stab","floor":8},{"not_picked":["Deflect","Predator"],"picked":"Calculated Gamble","floor":11},{"not_picked":["Dash","Cloak And Dagger"],"picked":"PiercingWail","floor":14},{"not_picked":["Glass Knife","A Thousand Cuts"],"picked":"Envenom","floor":16},{"not_picked":["Cloak And Dagger","PiercingWail"],"picked":"Flying Knee","floor":18},{"not_picked":["Well Laid Plans","Prepared"],"picked":"Choke+1","floor":19},{"not_picked":["Riddle With Holes","Dash"],"picked":"Reflex","floor":21},{"not_picked":["Deadly Poison+1","Backstab","Catalyst"],"picked":"SKIP","floor":22},{"not_picked":["Dodge and Roll","Predator"],"picked":"Setup","floor":23},{"not_picked":["Poisoned Stab","Quick Slash","Deadly Poison"],"picked":"SKIP","floor":28},{"not_picked":["Backflip","Reflex"],"picked":"Eviscerate+1","floor":30},{"not_picked":["Poisoned Stab","Well Laid Plans+1","Cloak And Dagger"],"picked":"SKIP","floor":31}],"player_experience":121300,"relics_obtained":[{"floor":6,"key":"Letter Opener"},{"floor":7,"key":"Bag of Preparation"},{"floor":9,"key":"Gremlin Horn"},{"floor":23,"key":"Shovel"},{"floor":26,"key":"Boot"},{"floor":31,"key":"Unceasing Top"}],"event_choices":[{"event_name":"Living Wall","player_choice":"Change","floor":3,"damage_taken":0},{"event_name":"Purifier","player_choice":"One Purge","floor":5,"damage_taken":0},{"event_name":"Dead Adventurer","player_choice":"Searched \u00272\u0027 times","floor":7,"damage_taken":0},{"event_name":"Big Fish","player_choice":"Banana","floor":13,"damage_taken":0},{"event_name":"The Library","player_choice":"Read","floor":20,"damage_taken":0},{"event_name":"Beggar","player_choice":"Gave Gold","floor":25,"damage_taken":0}],"boss_relics":[{"not_picked":["Black Star","Empty Cage"],"picked":"Velvet Choker"}],"items_purged_floors":[],"is_endless":false,"potions_floor_spawned":[1,4,11,14,18,22,28,30],"killed_by":"Automaton","ascension_level":0}