{"gold_per_floor":[119,138,153,20,31,51,68,78,102,115,126,78,94,111,111,207,207,219,236,9,19,37,37,55,55,55,55,67,67,67,84,84,84],"floor_reached":33,"playtime":1402,"items_purged":[],"score":251,"play_id":"2d100d5c-a968-4b12-b378-9000ef3f57ec","local_time":"20180809003430","is_ascension_mode":false,"campfire_choices":[{"data":"Chaos","floor":15,"key":"SMITH"},{"data":"Apotheosis","floor":23,"key":"SMITH"},{"data":"Buffer","floor":25,"key":"SMITH"},{"data":"Defragment","floor":29,"key":"SMITH"},{"data":"Panacea","floor":32,"key":"SMITH"}],"neow_cost":"NONE","seed_source_timestamp":2159532937546747,"circlet_count":0,"master_deck":["Strike_B","Strike_B","Strike_B","Strike_B","Defend_B","Defend_B","Defend_B","Defend_B","Zap","Dualcast","Sweeping Beam","Ball Lightning","Redo","Panacea+1","Cold Snap","FTL","Chaos+1","Chill","Hyperbeam","Streamline","Go for the Eyes","Hologram","Buffer+1","Rebound+1","Sunder","Apotheosis+1","Chill","Stack","Core Surge","Defragment+1","FTL+1"],"relics":["Coffee Dripper"],"potions_floor_usage":[5,18,22,31],"damage_taken":[{"damage":4,"enemies":"Cultist","floor":1,"turns":4},{"damage":3,"enemies":"Small Slimes","floor":2,"turns":3},{"damage":3,"enemies":"2 Louse","floor":3,"turns":2},{"damage":0,"enemies":"Gremlin Gang","floor":5,"turns":3},{"damage":0,"enemies":"Large Slime","floor":6,"turns":5},{"damage":9,"enemies":"Blue Slaver","floor":7,"turns":3},{"damage":0,"enemies":"Exordium Thugs","floor":8,"turns":4},{"damage":0,"enemies":"2 Fungi Beasts","floor":10,"turns":2},{"damage":0,"enemies":"3 Louse","floor":11,"turns":2},{"damage":0,"enemies":"Large Slime","floor":13,"turns":3},{"damage":2,"enemies":"Exordium Wildlife","floor":14,"turns":4},{"damage":45,"enemies":"The Guardian","floor":16,"turns":12},{"damage":0,"enemies":"3 Byrds","floor":18,"turns":4},{"damage":5,"enemies":"Shell Parasite","floor":19,"turns":6},{"damage":5,"enemies":"3 Cultists","floor":21,"turns":4},{"damage":19,"enemies":"Centurion and Healer","floor":22,"turns":7},{"damage":24,"enemies":"Snecko","floor":24,"turns":4},{"damage":0,"enemies":"3 Cultists","floor":28,"turns":4},{"damage":10,"enemies":"Cultist and Chosen","floor":31,"turns":6},{"damage":41,"enemies":"Automaton","floor":33,"turns":6}],"seed_played":"264377779275907926","potions_obtained":[{"floor":1,"key":"Weak Potion"},{"floor":2,"key":"Block Potion"},{"floor":7,"key":"FearPotion"},{"floor":10,"key":"SpeedPotion"},{"floor":16,"key":"Strength Potion"},{"floor":18,"key":"Weak Potion"},{"floor":22,"key":"LiquidBronze"}],"is_trial":false,"path_per_floor":["M","M","M","$","M","M","M","M","T","M","M","$","M","M","R","B",null,"M","M","$","M","M","R","M","R","T","?","M","R","$","M","R"],"character_chosen":"DEFECT","items_purchased":["Panacea","Cold Snap","Go for the Eyes","Apotheosis","Chill"],"campfire_rested":0,"item_purchase_floors":[4,4,12,20,20],"current_hp_per_floor":[71,68,65,65,65,65,56,56,56,56,56,56,56,54,54,9,75,75,70,70,65,46,46,22,22,22,22,22,22,22,12,12,0],"gold":84,"neow_bonus":"BOSS_RELIC","is_prod":false,"is_daily":false,"chose_seed":false,"campfire_upgraded":5,"win_rate":0,"timestamp":1533796470,"path_taken":["M","M","M","$","M","M","M","M","T","M","?","$","M","?","R","BOSS","M","M","$","M","M","R","M","R","T","?","?","R","$","M","R","BOSS"],"build_version":"2018-08-02","purchased_purges":0,"victory":false,"max_hp_per_floor":[75,75,75,75,75,75,75,75,75,75,75,75,75,75,75,75,75,75,75,75,75,75,75,75,75,75,75,75,75,75,75,75,75],"card_choices":[{"not_picked":["Undo","Consume"],"picked":"Sweeping Beam","floor":1},{"not_picked":["Beam Cell","Streamline"],"picked":"Ball Lightning","floor":2},{"not_picked":["Compile Driver","Storm"],"picked":"Redo","floor":3},{"not_picked":["Steam","Heatsinks"],"picked":"FTL","floor":5},{"not_picked":["Cold Snap","Recycle"],"picked":"Chaos","floor":6},{"not_picked":["Steam","Steam Power"],"picked":"Chill","floor":7},{"not_picked":["Go for the Eyes","Conserve Battery"],"picked":"Hyperbeam","floor":8},{"not_picked":["Barrage","Gash"],"picked":"Streamline","floor":10},{"not_picked":["Compile Driver","Recycle","Scrape"],"picked":"SKIP","floor":11},{"not_picked":["Consume","Scrape"],"picked":"Hologram","floor":13},{"not_picked":["Doom and Gloom","Sweeping Beam","Chaos"],"picked":"SKIP","floor":14},{"not_picked":["Multi-Cast","Fission"],"picked":"Buffer","floor":16},{"not_picked":["Melter","Ball Lightning"],"picked":"Rebound+1","floor":18},{"not_picked":["Beam Cell","Sweeping Beam"],"picked":"Sunder","floor":19},{"not_picked":["Barrage","Gash"],"picked":"Stack","floor":21},{"not_picked":["Steam","FTL"],"picked":"Core Surge","floor":22},{"not_picked":["Gash","Melter","Steam"],"picked":"SKIP","floor":24},{"not_picked":["Conserve Battery","Gash"],"picked":"Defragment","floor":28},{"not_picked":["Gash","Turbo"],"picked":"FTL+1","floor":31}],"player_experience":364898,"relics_obtained":[],"event_choices":[{"event_name":"Cursed Tome","player_choice":"Ignored","floor":27,"damage_taken":0}],"is_beta":false,"boss_relics":[{"not_picked":["Empty Cage","Astrolabe","Pandora\u0027s Box"]}],"items_purged_floors":[],"is_endless":false,"potions_floor_spawned":[1,2,7,10,14,16,18,22,28],"killed_by":"Automaton","ascension_level":0}