{"gold_per_floor":[111,111,61,72,89,89,119,135,191,204,125,125,139,157,157,157],"floor_reached":16,"playtime":906,"items_purged":[],"score":104,"play_id":"180603d5-d9c5-4cf7-bc3b-8d58e5a4be03","local_time":"20180701120524","is_ascension_mode":false,"campfire_choices":[{"data":"1","floor":6,"key":"LIFT"},{"data":"Whirlwind","floor":12,"key":"SMITH"},{"floor":15,"key":"REST"}],"neow_cost":"TEN_PERCENT_HP_LOSS","seed_source_timestamp":415529721132447,"circlet_count":0,"master_deck":["Strike_R","Strike_R","Strike_R","Defend_R","Defend_R+1","Defend_R","Defend_R+1","Bash","Fire Breathing","Whirlwind+1","Heavy Blade","Rampage","Demon Form","Feel No Pain","Combust","Bloodletting","Cleave","Pummel"],"relics":["Burning Blood","Girya","War Paint","Tiny Chest"],"potions_floor_usage":[16,16,16],"damage_taken":[{"damage":10,"enemies":"Small Slimes","floor":1,"turns":5},{"damage":0,"enemies":"2 Louse","floor":4,"turns":1},{"damage":1,"enemies":"Cultist","floor":5,"turns":4},{"damage":20,"enemies":"3 Sentries","floor":7,"turns":7},{"damage":16,"enemies":"Large Slime","floor":8,"turns":5},{"damage":6,"enemies":"Blue Slaver","floor":10,"turns":5},{"damage":15,"enemies":"Exordium Wildlife","floor":13,"turns":6},{"damage":23,"enemies":"Exordium Thugs","floor":14,"turns":5},{"damage":43,"enemies":"Hexaghost","floor":16,"turns":9}],"seed_played":"-1534404620156206103","potions_obtained":[{"floor":1,"key":"Dexterity Potion"},{"floor":7,"key":"SteroidPotion"},{"floor":10,"key":"SkillPotion"}],"is_trial":false,"path_per_floor":["M","?","?","M","M","R","E","M","T","M","$","R","M","M","R"],"character_chosen":"IRONCLAD","items_purchased":["Bloodletting"],"campfire_rested":1,"item_purchase_floors":[11],"current_hp_per_floor":[68,68,68,72,72,72,58,48,48,48,48,48,39,22,43,0],"gold":157,"neow_bonus":"ONE_RARE_RELIC","is_prod":false,"is_daily":false,"chose_seed":false,"campfire_upgraded":1,"win_rate":0.0,"timestamp":1530468324,"path_taken":["M","?","?","M","M","R","E","M","T","M","$","R","M","M","R","BOSS"],"build_version":"2018-06-28","purchased_purges":0,"victory":false,"max_hp_per_floor":[72,72,72,72,72,72,72,72,72,72,72,72,72,72,72,72],"card_choices":[{"not_picked":["Twin Strike","Heavy Blade"],"picked":"Fire Breathing","floor":1},{"not_picked":["Power Through","Cleave"],"picked":"Heavy Blade","floor":4},{"not_picked":["Dropkick","Shrug It Off"],"picked":"Rampage","floor":5},{"not_picked":["Pommel Strike","Whirlwind"],"picked":"Demon Form","floor":7},{"not_picked":["Flex","Sever Soul"],"picked":"Feel No Pain","floor":8},{"not_picked":["Sword Boomerang","Armaments"],"picked":"Combust","floor":10},{"not_picked":["Entrench","Warcry"],"picked":"Cleave","floor":13},{"not_picked":["Battle Trance","Thunderclap"],"picked":"Pummel","floor":14}],"player_experience":79545,"relics_obtained":[{"floor":7,"key":"War Paint"},{"floor":9,"key":"Tiny Chest"}],"event_choices":[{"event_name":"Living Wall","player_choice":"Change","floor":2,"damage_taken":0},{"event_name":"The Cleric","player_choice":"Card Removal","floor":3,"damage_taken":0}],"boss_relics":[],"items_purged_floors":[],"is_endless":false,"potions_floor_spawned":[1,7,10,13,14],"killed_by":"Hexaghost","ascension_level":0}