{"gold_per_floor":[114,93,93,43,8,34,34,59,59,59,71,96,96,108,108,108],"floor_reached":16,"playtime":522,"items_purged":[],"score":133,"play_id":"d4dfd18e-c1c6-48d3-a20c-78178378da23","local_time":"20190313184356","is_ascension_mode":true,"campfire_choices":[{"floor":7,"key":"REST"},{"floor":10,"key":"REST"},{"floor":15,"key":"REST"}],"neow_cost":"NONE","seed_source_timestamp":123873239999217,"circlet_count":0,"master_deck":["Strike_R","Strike_R","Strike_R","Strike_R","Defend_R","Defend_R+1","Defend_R","Defend_R+1","Bash","Dark Embrace","Sword Boomerang","Evolve","Metallicize","Barricade","Ghostly Armor","Flex"],"relics":["Burning Blood","War Paint","Bag of Marbles","Matryoshka","Regal Pillow","Bag of Preparation"],"potions_floor_usage":[8,14],"damage_taken":[{"damage":0,"enemies":"Small Slimes","floor":1,"turns":4},{"damage":40,"enemies":"Gremlin Nob","floor":6,"turns":5},{"damage":37,"enemies":"3 Sentries","floor":8,"turns":9},{"damage":15,"enemies":"2 Louse","floor":11,"turns":6},{"damage":4,"enemies":"Jaw Worm","floor":14,"turns":7},{"damage":80,"enemies":"Hexaghost","floor":16,"turns":12}],"seed_played":"-1988703282908560306","potions_obtained":[{"floor":6,"key":"LiquidBronze"},{"floor":11,"key":"Weak Potion"}],"is_trial":false,"path_per_floor":["?","?","?","M","T","?"],"character_chosen":"IRONCLAD","items_purchased":["Evolve"],"campfire_rested":3,"item_purchase_floors":[5],"current_hp_per_floor":[80,80,80,80,80,46,70,39,39,63,54,54,54,56,80,0],"gold":108,"neow_bonus":"ONE_RANDOM_RARE_CARD","is_prod":false,"is_daily":false,"chose_seed":false,"campfire_upgraded":0,"win_rate":0,"timestamp":1552499036,"path_taken":["M","?","?","?","$","E","R","E","T","R","?","?","?","M","R","BOSS"],"build_version":"2019-01-23","purchased_purges":0,"victory":false,"max_hp_per_floor":[80,80,80,80,80,80,80,80,80,80,80,80,80,80,80,80],"card_choices":[{"not_picked":["Clothesline","Headbutt"],"picked":"Sword Boomerang","floor":1},{"not_picked":["Blood for Blood","Corruption"],"picked":"Metallicize","floor":6},{"not_picked":["Clothesline","Reaper"],"picked":"Barricade","floor":8},{"not_picked":["Feel No Pain","Perfected Strike"],"picked":"Ghostly Armor","floor":11},{"not_picked":["Pommel Strike","Perfected Strike"],"picked":"Flex","floor":14}],"player_experience":264667,"relics_obtained":[{"floor":6,"key":"War Paint"},{"floor":8,"key":"Bag of Marbles"},{"floor":9,"key":"Matryoshka"},{"floor":12,"key":"Regal Pillow"},{"floor":12,"key":"Bag of Preparation"}],"event_choices":[{"damage_healed":0,"gold_gain":0,"player_choice":"Left Gold","damage_taken":0,"max_hp_gain":0,"max_hp_loss":0,"event_name":"World of Goop","floor":2,"gold_loss":21},{"damage_healed":0,"gold_gain":0,"player_choice":"Ignored","damage_taken":0,"max_hp_gain":0,"max_hp_loss":0,"event_name":"Golden Wing","floor":3,"gold_loss":0},{"cards_removed":["Strike_R"],"damage_healed":0,"gold_gain":0,"player_choice":"Card Removal","damage_taken":0,"max_hp_gain":0,"max_hp_loss":0,"event_name":"The Cleric","floor":4,"gold_loss":50},{"damage_healed":0,"gold_gain":0,"player_choice":"Ignored","damage_taken":0,"max_hp_gain":0,"max_hp_loss":0,"event_name":"Shining Light","floor":13,"gold_loss":0}],"is_beta":false,"boss_relics":[],"items_purged_floors":[],"is_endless":false,"potions_floor_spawned":[6,11],"killed_by":"Hexaghost","ascension_level":5}