{"gold_per_floor":[118,68,68,68,84,109,109,109,134,159,159,503,503,523,523,648,648,673,155,155,155,176,176],"floor_reached":23,"playtime":1276,"items_purged":["Strike_B"],"score":242,"play_id":"eea3e321-380c-4b8f-b35b-f82b630d6422","local_time":"20190312191308","is_ascension_mode":true,"campfire_choices":[{"data":"Echo Form","floor":7,"key":"SMITH"},{"floor":13,"key":"REST"},{"data":"Ball Lightning","floor":15,"key":"SMITH"}],"neow_cost":"NONE","seed_source_timestamp":38457157864514,"circlet_count":0,"master_deck":["Strike_B","Defend_B","Defend_B","Defend_B","Zap+1","Dualcast","Echo Form+1","Ball Lightning+1","Electrodynamics","Capacitor","Amplify","Conserve Battery"],"relics":["Cracked Core","NeowsBlessing","Omamori","Ancient Tea Set","Pantograph","Golden Idol","Old Coin","Empty Cage","Juzu Bracelet","Bronze Scales"],"potions_floor_usage":[23,23,23],"damage_taken":[{"damage":0,"enemies":"Cultist","floor":1,"turns":1},{"damage":0,"enemies":"Jaw Worm","floor":5,"turns":1},{"damage":0,"enemies":"3 Sentries","floor":6,"turns":1},{"damage":13,"enemies":"Lagavulin","floor":10,"turns":7},{"damage":21,"enemies":"3 Sentries","floor":12,"turns":5},{"damage":0,"enemies":"Small Slimes","floor":14,"turns":2},{"damage":17,"enemies":"The Guardian","floor":16,"turns":10},{"damage":20,"enemies":"Shell Parasite","floor":18,"turns":5},{"damage":25,"enemies":"Colosseum Slavers","floor":20,"turns":3},{"damage":2,"enemies":"3 Byrds","floor":22,"turns":1},{"damage":38,"enemies":"Book of Stabbing","floor":23,"turns":4}],"seed_played":"-2021797300915969303","potions_obtained":[{"floor":5,"key":"Fire Potion"},{"floor":12,"key":"SkillPotion"},{"floor":14,"key":"Explosive Potion"},{"floor":22,"key":"Regen Potion"}],"is_trial":false,"path_per_floor":["?","?","M","?","?","?","?"],"character_chosen":"DEFECT","items_purchased":["Juzu Bracelet","Bronze Scales","Amplify"],"campfire_rested":1,"item_purchase_floors":[19,19,19],"current_hp_per_floor":[75,75,75,75,75,75,75,75,75,62,62,41,61,61,61,52,69,49,49,24,24,22,0],"gold":176,"neow_bonus":"THREE_ENEMY_KILL","is_prod":false,"is_daily":false,"chose_seed":false,"campfire_upgraded":2,"win_rate":0,"timestamp":1552414388,"path_taken":["M","?","?","$","?","E","R","?","T","E","?","E","R","M","R","BOSS","M","$","?","?","M","E"],"build_version":"2019-01-23","purchased_purges":1,"victory":false,"max_hp_per_floor":[75,75,75,75,75,75,75,75,75,75,69,69,69,69,69,69,69,69,69,69,69,69,69],"card_choices":[{"not_picked":["Turbo","Compile Driver","Reprogram"],"picked":"SKIP","floor":1},{"not_picked":["Scrape","Chaos","Streamline"],"picked":"SKIP","floor":5},{"not_picked":["Cold Snap","Defragment"],"picked":"Echo Form","floor":6},{"not_picked":["Sweeping Beam","Stack"],"picked":"Ball Lightning","floor":10},{"not_picked":["Stack","Rip and Tear","Steam"],"picked":"SKIP","floor":12},{"not_picked":["Go for the Eyes","Gash","Stack"],"picked":"SKIP","floor":14},{"not_picked":["Machine Learning","Fission"],"picked":"Electrodynamics","floor":16},{"not_picked":["Gash+1","Coolheaded+1"],"picked":"Capacitor","floor":18},{"not_picked":["Stack","Compile Driver+1"],"picked":"Conserve Battery","floor":22}],"player_experience":240381,"relics_obtained":[{"floor":6,"key":"Omamori"},{"floor":9,"key":"Ancient Tea Set"},{"floor":10,"key":"Pantograph"},{"floor":12,"key":"Old Coin"}],"event_choices":[{"cards_removed":["Strike_B"],"damage_healed":0,"gold_gain":0,"player_choice":"Card Removal","damage_taken":0,"max_hp_gain":0,"max_hp_loss":0,"event_name":"The Cleric","floor":2,"gold_loss":50},{"damage_healed":0,"gold_gain":0,"player_choice":"Upgraded","damage_taken":0,"max_hp_gain":0,"max_hp_loss":0,"event_name":"Upgrade Shrine","floor":3,"gold_loss":0,"cards_upgraded":["Zap"]},{"damage_healed":0,"gold_gain":0,"player_choice":"Ignored","damage_taken":0,"max_hp_gain":0,"max_hp_loss":0,"event_name":"Golden Wing","floor":8,"gold_loss":0},{"damage_healed":0,"gold_gain":0,"player_choice":"Lose Max HP","damage_taken":0,"relics_obtained":["Golden Idol"],"max_hp_gain":0,"max_hp_loss":6,"event_name":"Golden Idol","floor":11,"gold_loss":0},{"damage_healed":0,"gold_gain":0,"player_choice":"Fight","damage_taken":0,"max_hp_gain":0,"max_hp_loss":0,"event_name":"Colosseum","floor":20,"gold_loss":0},{"damage_healed":0,"gold_gain":0,"player_choice":"Fled From Nobs","damage_taken":0,"max_hp_gain":0,"max_hp_loss":0,"event_name":"Colosseum","floor":20,"gold_loss":0},{"damage_healed":0,"gold_gain":0,"player_choice":"Ignored","damage_taken":0,"max_hp_gain":0,"max_hp_loss":0,"event_name":"Cursed Tome","floor":21,"gold_loss":0}],"is_beta":false,"boss_relics":[{"not_picked":["Astrolabe","Busted Crown"],"picked":"Empty Cage"}],"items_purged_floors":[19],"is_endless":false,"potions_floor_spawned":[5,12,14,20,22],"killed_by":"Book of Stabbing","ascension_level":1}