{"gold_per_floor":[365,379,392,392,402,402,402,437,437,452,452,46,46,65,65,196,196,219,344,344,269,282,282,282,282],"floor_reached":25,"playtime":1610,"items_purged":["Strike_B"],"score":266,"play_id":"6edc6628-931c-4045-9469-a68a0d1f16b9","local_time":"20190316114319","is_ascension_mode":true,"campfire_choices":[{"data":"Zap","floor":6,"key":"SMITH"},{"floor":11,"key":"REST"},{"data":"Defragment","floor":13,"key":"SMITH"},{"floor":15,"key":"REST"},{"data":"Defragment","floor":23,"key":"SMITH"}],"neow_cost":"PERCENT_DAMAGE","seed_source_timestamp":125968900789421,"circlet_count":0,"master_deck":["Strike_B","Strike_B","Defend_B","Defend_B","Defend_B","Defend_B","Zap+1","Dualcast","Tempest","Steam","Conserve Battery","Storm","Defragment+1","Heatsinks","Leap","Biased Cognition","Defragment+1","Leap+1","Ghostly+1","Ghostly+1","Ghostly+1","Ghostly+1","Ghostly+1","Conserve Battery+1"],"relics":["Cracked Core","Golden Idol","Incense Burner","Pear","Sling","Du-Vu Doll","Toxic Egg 2","Nloth\u0027s Gift"],"potions_floor_usage":[14,16,19,19],"damage_taken":[{"damage":6,"enemies":"Cultist","floor":1,"turns":3},{"damage":13,"enemies":"Small Slimes","floor":2,"turns":3},{"damage":1,"enemies":"Jaw Worm","floor":3,"turns":3},{"damage":0,"enemies":"Looter","floor":5,"turns":3},{"damage":18,"enemies":"3 Sentries","floor":8,"turns":7},{"damage":11,"enemies":"Large Slime","floor":10,"turns":5},{"damage":11,"enemies":"Exordium Thugs","floor":14,"turns":3},{"damage":14,"enemies":"The Guardian","floor":16,"turns":9},{"damage":28,"enemies":"3 Byrds","floor":18,"turns":5},{"damage":9,"enemies":"Colosseum Slavers","floor":19,"turns":3},{"damage":43,"enemies":"Colosseum Nobs","floor":19,"turns":4},{"damage":2,"enemies":"Chosen","floor":22,"turns":5},{"damage":38,"enemies":"Gremlin Leader","floor":25,"turns":13}],"seed_played":"4244777689722033891","potions_obtained":[{"floor":2,"key":"PowerPotion"},{"floor":3,"key":"FocusPotion"},{"floor":14,"key":"LiquidBronze"},{"floor":18,"key":"EssenceOfSteel"}],"is_trial":false,"path_per_floor":["M","?","?","?","?","?","?"],"character_chosen":"DEFECT","items_purchased":["Heatsinks","Sling","Leap"],"campfire_rested":2,"item_purchase_floors":[12,12,12],"current_hp_per_floor":[48,35,34,59,59,59,59,41,51,40,63,63,63,52,75,61,79,51,39,39,39,37,37,37,0],"gold":282,"neow_bonus":"TWO_FIFTY_GOLD","is_prod":false,"is_daily":false,"chose_seed":false,"campfire_upgraded":3,"win_rate":0,"timestamp":1552732999,"path_taken":["M","M","?","?","M","R","?","E","T","M","R","$","R","M","R","BOSS","M","?","?","?","M","R","?","E"],"build_version":"2019-01-23","purchased_purges":1,"victory":false,"max_hp_per_floor":[75,75,75,75,75,75,69,69,79,79,79,79,79,79,79,79,79,79,79,39,39,39,39,39,39],"card_choices":[{"not_picked":["Gash","Blizzard"],"picked":"Tempest","floor":1},{"not_picked":["FTL","Turbo"],"picked":"Steam","floor":2},{"not_picked":["Steam","Hello World"],"picked":"Conserve Battery","floor":3},{"not_picked":["BootSequence","Blizzard"],"picked":"Storm","floor":5},{"not_picked":["Barrage","Turbo"],"picked":"Defragment","floor":8},{"not_picked":["Go for the Eyes","Beam Cell","Doom and Gloom"],"picked":"SKIP","floor":10},{"not_picked":["Hello World","Gash","Reprogram"],"picked":"SKIP","floor":14},{"not_picked":["Seek","Rainbow"],"picked":"Biased Cognition","floor":16},{"not_picked":["Steam","Beam Cell"],"picked":"Defragment","floor":18},{"not_picked":["Conserve Battery","Genetic Algorithm"],"picked":"Leap+1","floor":19},{"not_picked":["Skim+1","Turbo+1"],"picked":"Conserve Battery+1","floor":22}],"player_experience":336372,"relics_obtained":[{"floor":8,"key":"Incense Burner"},{"floor":9,"key":"Pear"},{"floor":19,"key":"Du-Vu Doll"},{"floor":19,"key":"Toxic Egg 2"}],"event_choices":[{"damage_healed":25,"gold_gain":0,"player_choice":"Banana","damage_taken":0,"max_hp_gain":0,"max_hp_loss":0,"event_name":"Big Fish","floor":4,"gold_loss":0},{"damage_healed":0,"gold_gain":0,"player_choice":"Lose Max HP","damage_taken":0,"relics_obtained":["Golden Idol"],"max_hp_gain":0,"max_hp_loss":6,"event_name":"Golden Idol","floor":7,"gold_loss":0},{"damage_healed":0,"gold_gain":0,"player_choice":"Fight","damage_taken":0,"max_hp_gain":0,"max_hp_loss":0,"event_name":"Colosseum","floor":19,"gold_loss":0},{"damage_healed":0,"gold_gain":0,"player_choice":"Fought Nobs","damage_taken":0,"max_hp_gain":0,"max_hp_loss":0,"event_name":"Colosseum","floor":19,"gold_loss":0},{"damage_healed":0,"gold_gain":0,"player_choice":"Became a Ghost","damage_taken":0,"max_hp_gain":0,"max_hp_loss":40,"event_name":"Ghosts","floor":20,"gold_loss":0,"cards_obtained":["Ghostly","Ghostly","Ghostly","Ghostly","Ghostly"]},{"cards_removed":["Strike_B"],"damage_healed":0,"gold_gain":0,"player_choice":"Gave Gold","damage_taken":0,"max_hp_gain":0,"max_hp_loss":0,"event_name":"Beggar","floor":21,"gold_loss":75},{"damage_healed":0,"gold_gain":0,"player_choice":"Traded Relic","damage_taken":0,"relics_obtained":["Nloth\u0027s Gift"],"max_hp_gain":0,"max_hp_loss":0,"event_name":"N\u0027loth","floor":24,"relics_lost":["Lizard Tail"],"gold_loss":0}],"is_beta":false,"boss_relics":[{"not_picked":["Ectoplasm","Runic Pyramid"],"picked":"Lizard Tail"}],"items_purged_floors":[12],"is_endless":false,"potions_floor_spawned":[2,3,14,18,19],"killed_by":"Gremlin Leader","ascension_level":4}