{"gold_per_floor":[109,59,9,25,25,55,55,72,72,72,72,0,19,29,29,128,128,142,102,117,117,117,117,117],"floor_reached":24,"playtime":3735,"items_purged":[],"score":219,"play_id":"85bf9d70-8ec0-44b5-8901-44f8390e6318","local_time":"20190307213352","is_ascension_mode":false,"campfire_choices":[{"floor":7,"key":"REST"},{"floor":11,"key":"REST"},{"floor":15,"key":"REST"},{"floor":23,"key":"REST"}],"neow_cost":"NONE","seed_source_timestamp":931234046993246,"circlet_count":0,"master_deck":["Defend_B","Defend_B","Defend_B","Defend_B+1","Zap","Dualcast","Darkness","Consume+1","Turbo","Capacitor","Defragment","Compile Driver","Lockon","Creative AI","Rebound+1","Self Repair","Loop+1","Bite","Bite","Bite","Bite","Bite"],"relics":["Cracked Core","Pen Nib","Gambling Chip","FossilizedHelix","Cursed Key"],"potions_floor_usage":[6,20],"damage_taken":[{"damage":1,"enemies":"Cultist","floor":1,"turns":3},{"damage":1,"enemies":"Small Slimes","floor":4,"turns":3},{"damage":26,"enemies":"Lagavulin","floor":6,"turns":6},{"damage":11,"enemies":"Jaw Worm","floor":8,"turns":4},{"damage":5,"enemies":"Exordium Wildlife","floor":13,"turns":4},{"damage":2,"enemies":"Looter","floor":14,"turns":4},{"damage":34,"enemies":"The Guardian","floor":16,"turns":9},{"damage":43,"enemies":"3 Byrds","floor":18,"turns":5},{"damage":0,"enemies":"Spheric Guardian","floor":20,"turns":3},{"damage":59,"enemies":"Slavers","floor":24,"turns":4}],"seed_played":"-6305231449479839849","potions_obtained":[{"floor":1,"key":"Swift Potion"},{"floor":13,"key":"Weak Potion"},{"floor":18,"key":"Fire Potion"}],"is_trial":false,"path_per_floor":["M","?","?","M","?","E","R","M","T","?","R","$","M","M","R","B",null,"M","$","M","?","?","R","E"],"character_chosen":"DEFECT","items_purchased":["Defragment","Self Repair"],"campfire_rested":4,"item_purchase_floors":[12,19],"current_hp_per_floor":[74,74,74,73,73,47,69,58,58,43,65,65,60,58,75,41,75,32,32,32,32,49,52,0],"gold":117,"neow_bonus":"RANDOM_COMMON_RELIC","is_prod":false,"is_daily":false,"chose_seed":false,"campfire_upgraded":0,"win_rate":0,"timestamp":1552005232,"path_taken":["M","?","?","M","?","E","R","?","T","?","R","$","M","M","R","BOSS","M","$","M","?","?","R","E"],"build_version":"2019-01-23","purchased_purges":0,"victory":false,"max_hp_per_floor":[75,75,75,75,75,75,75,75,75,75,75,75,75,75,75,75,75,75,75,75,52,52,52,52],"card_choices":[{"not_picked":["Tempest","Gash"],"picked":"Darkness","floor":1},{"not_picked":["Genetic Algorithm","Coolheaded"],"picked":"Consume","floor":4},{"not_picked":["Steam","Go for the Eyes"],"picked":"Turbo","floor":6},{"not_picked":["Ball Lightning","Recycle"],"picked":"Capacitor","floor":8},{"not_picked":["Gash","Hologram"],"picked":"Compile Driver","floor":13},{"not_picked":["Melter","Stack"],"picked":"Lockon","floor":14},{"not_picked":["Echo Form","Reboot"],"picked":"Creative AI","floor":16},{"not_picked":["Beam Cell","Chaos"],"picked":"Rebound+1","floor":18},{"not_picked":["Coolheaded","Cold Snap"],"picked":"Loop+1","floor":20}],"player_experience":26301,"relics_obtained":[{"floor":6,"key":"Gambling Chip"},{"floor":9,"key":"FossilizedHelix"}],"event_choices":[{"cards_removed":["Strike_B"],"damage_healed":0,"gold_gain":0,"player_choice":"Card Removal","damage_taken":0,"max_hp_gain":0,"max_hp_loss":0,"event_name":"The Cleric","floor":2,"gold_loss":50},{"damage_healed":0,"gold_gain":0,"player_choice":"Left Gold","damage_taken":0,"max_hp_gain":0,"max_hp_loss":0,"event_name":"World of Goop","floor":3,"gold_loss":50},{"damage_healed":0,"gold_gain":0,"player_choice":"Ignored","damage_taken":0,"max_hp_gain":0,"max_hp_loss":0,"event_name":"Liars Game","floor":5,"gold_loss":0},{"damage_healed":0,"gold_gain":0,"player_choice":"Entered Light","damage_taken":15,"max_hp_gain":0,"max_hp_loss":0,"event_name":"Shining Light","floor":10,"gold_loss":0,"cards_upgraded":["Defend_B","Consume"]},{"damage_healed":0,"gold_gain":0,"player_choice":"Became a vampire","damage_taken":0,"max_hp_gain":0,"max_hp_loss":23,"event_name":"Vampires","floor":21,"gold_loss":0,"cards_obtained":["Bite","Bite","Bite","Bite","Bite"]},{"damage_healed":17,"gold_gain":0,"player_choice":"Heal","damage_taken":0,"max_hp_gain":0,"max_hp_loss":0,"event_name":"The Library","floor":22,"gold_loss":0}],"is_beta":false,"boss_relics":[{"not_picked":["Snecko Eye","Velvet Choker"],"picked":"Cursed Key"}],"items_purged_floors":[],"is_endless":false,"potions_floor_spawned":[1,13,18],"killed_by":"Slavers","ascension_level":0}