{"gold_per_floor":[19,19,36,49,124,124,155,155,178,206,206,223,223,242,242,337,337,356,356,376,390,404,404,417,446,502,528,528,543,543,543,543,543],"floor_reached":33,"playtime":1840,"items_purged":[],"score":431,"play_id":"7fbd9e76-fd2f-490e-b7f9-59e5e3708dfa","local_time":"20181112130734","is_ascension_mode":true,"campfire_choices":[{"data":"A Thousand Cuts","floor":6.0,"key":"SMITH"},{"data":"Noxious Fumes","floor":11.0,"key":"SMITH"},{"data":"Survivor","floor":13.0,"key":"SMITH"},{"floor":15.0,"key":"REST"},{"floor":23.0,"key":"REST"},{"data":"Deflect","floor":28.0,"key":"SMITH"},{"data":"Backflip","floor":32.0,"key":"SMITH"}],"neow_cost":"NO_GOLD","seed_source_timestamp":64698185118392,"circlet_count":0,"master_deck":["Defend_G","Defend_G","Defend_G","Defend_G","Defend_G","Strike_G","Strike_G","Survivor+1","Neutralize+1","A Thousand Cuts+1","Noxious Fumes+1","Sucker Punch","Backstab","Quick Slash+1","Escape Plan","Corpse Explosion","Deflect+1","Backflip+1","Cloak And Dagger+1","Well Laid Plans","Terror+1"],"special_seed":0,"relics":["Ring of the Snake","Whetstone","PreservedInsect","Regal Pillow","Busted Crown","Ancient Tea Set","Tiny Chest","Bird Faced Urn","MutagenicStrength"],"potions_floor_usage":[33],"damage_taken":[{"damage":0.0,"enemies":"2 Louse","floor":1.0,"turns":3.0},{"damage":5.0,"enemies":"Cultist","floor":3.0,"turns":5.0},{"damage":0.0,"enemies":"Small Slimes","floor":4.0,"turns":5.0},{"damage":17.0,"enemies":"Lagavulin","floor":7.0,"turns":8.0},{"damage":5.0,"enemies":"3 Sentries","floor":10.0,"turns":4.0},{"damage":1.0,"enemies":"Red Slaver","floor":12.0,"turns":4.0},{"damage":3.0,"enemies":"Lots of Slimes","floor":14.0,"turns":3.0},{"damage":18.0,"enemies":"Slime Boss","floor":16.0,"turns":10.0},{"damage":8.0,"enemies":"Chosen","floor":18.0,"turns":5.0},{"damage":17.0,"enemies":"3 Byrds","floor":20.0,"turns":4.0},{"damage":31.0,"enemies":"Sentry and Sphere","floor":21.0,"turns":8.0},{"damage":7.0,"enemies":"Snake Plant","floor":22.0,"turns":5.0},{"damage":17.0,"enemies":"Shelled Parasite and Fungi","floor":24.0,"turns":6.0},{"damage":16.0,"enemies":"Slavers","floor":25.0,"turns":4.0},{"damage":1.0,"enemies":"Gremlin Leader","floor":27.0,"turns":6.0},{"damage":1.0,"enemies":"3 Cultists","floor":29.0,"turns":3.0},{"damage":2.0,"enemies":"Colosseum Slavers","floor":31.0,"turns":2.0},{"damage":59,"enemies":"Automaton","floor":33,"turns":12}],"seed_played":"2231951569546284947","potions_obtained":[{"floor":1.0,"key":"Dexterity Potion"},{"floor":4.0,"key":"Weak Potion"},{"floor":12.0,"key":"Regen Potion"},{"floor":16.0,"key":"Regen Potion"},{"floor":22.0,"key":"AttackPotion"},{"floor":25.0,"key":"Energy Potion"}],"is_trial":false,"path_per_floor":["M","?","M","M","?","R","E","?","T","E","R","M","R","M","R","B",null,"M","?","M","M","M","R","M","E","T","E","R","M","?","?","R","B"],"character_chosen":"THE_SILENT","items_purchased":[],"campfire_rested":2,"item_purchase_floors":[],"current_hp_per_floor":[63,63,58,58,47,47,30,30,30,25,25,24,24,21,57,39,62,54,54,37,21,14,50,33,31,31,30,30,35,35,35,35,0],"gold":543,"neow_bonus":"TRANSFORM_TWO_CARDS","is_prod":false,"is_daily":false,"chose_seed":false,"campfire_upgraded":5,"win_rate":0,"timestamp":1542056854,"path_taken":["M","?","M","?","?","R","E","?","T","E","R","M","R","?","R","BOSS","M","?","M","M","?","R","M","E","T","E","R","M","?","?","R","BOSS"],"build_version":"2018-11-08","purchased_purges":0,"victory":false,"max_hp_per_floor":[70,70,70,70,70,70,70,70,70,70,70,70,70,70,70,70,70,70,70,70,70,70,70,70,70,70,70,70,70,70,70,70,70],"card_choices":[{"not_picked":["PiercingWail","Bane"],"picked":"Noxious Fumes","floor":1.0},{"not_picked":["Outmaneuver","PiercingWail"],"picked":"Sucker Punch","floor":3.0},{"not_picked":["Expertise","Underhanded Strike"],"picked":"Backstab","floor":4.0},{"not_picked":["Doppelganger","Setup"],"picked":"Quick Slash","floor":7.0},{"not_picked":["PiercingWail","Dagger Spray"],"picked":"Escape Plan","floor":10.0},{"not_picked":["Finisher","Underhanded Strike","Calculated Gamble"],"picked":"SKIP","floor":12.0},{"not_picked":["Flechettes","All Out Attack","Dodge and Roll"],"picked":"SKIP","floor":14.0},{"not_picked":["Doppelganger","Malaise"],"picked":"Corpse Explosion","floor":16.0},{"not_picked":[],"picked":"Deflect","floor":18.0},{"not_picked":[],"picked":"Backflip","floor":20.0},{"not_picked":[],"picked":"Cloak And Dagger+1","floor":21.0},{"not_picked":["Expertise"],"picked":"SKIP","floor":22.0},{"not_picked":["Dodge and Roll"],"picked":"SKIP","floor":24.0},{"not_picked":["Acrobatics"],"picked":"SKIP","floor":25.0},{"not_picked":[],"picked":"Well Laid Plans","floor":27.0},{"not_picked":[],"picked":"Terror+1","floor":29.0}],"player_experience":561124,"relics_obtained":[{"floor":7.0,"key":"Whetstone"},{"floor":9.0,"key":"PreservedInsect"},{"floor":10.0,"key":"Regal Pillow"},{"floor":25.0,"key":"Ancient Tea Set"},{"floor":26.0,"key":"Tiny Chest"},{"floor":27.0,"key":"Bird Faced Urn"}],"event_choices":[{"cards_removed":["Skewer"],"damage_healed":0.0,"max_hp_gain":0.0,"max_hp_loss":0.0,"gold_gain":0.0,"event_name":"Purifier","player_choice":"Purged","floor":2.0,"gold_loss":0.0,"damage_taken":0.0},{"damage_healed":0.0,"max_hp_gain":0.0,"max_hp_loss":0.0,"gold_gain":75.0,"event_name":"World of Goop","player_choice":"Gather Gold","floor":5.0,"gold_loss":0.0,"damage_taken":11.0},{"cards_removed":["Strike_G"],"damage_healed":0.0,"max_hp_gain":0.0,"max_hp_loss":0.0,"gold_gain":0.0,"event_name":"Bonfire Elementals","player_choice":"Offered Basic","floor":8.0,"gold_loss":0.0,"damage_taken":0.0},{"damage_healed":0.0,"max_hp_gain":0.0,"max_hp_loss":0.0,"gold_gain":0.0,"event_name":"The Woman in Blue","player_choice":"Bought 0 Potions","floor":19.0,"gold_loss":0.0,"damage_taken":0.0},{"damage_healed":0.0,"max_hp_gain":0.0,"max_hp_loss":0.0,"gold_gain":0.0,"event_name":"Drug Dealer","player_choice":"Inject Mutagens","floor":30.0,"gold_loss":0.0,"damage_taken":0.0,"relics_obtained":["MutagenicStrength"]},{"damage_healed":0.0,"max_hp_gain":0.0,"max_hp_loss":0.0,"gold_gain":0.0,"event_name":"Colosseum","player_choice":"Fight","floor":31.0,"gold_loss":0.0,"damage_taken":0.0},{"damage_healed":0.0,"max_hp_gain":0.0,"max_hp_loss":0.0,"gold_gain":0.0,"event_name":"Colosseum","player_choice":"Fled From Nobs","floor":31.0,"gold_loss":0.0,"damage_taken":0.0}],"is_beta":false,"boss_relics":[{"not_picked":["Velvet Choker","Eternal Feather"],"picked":"Busted Crown"}],"items_purged_floors":[],"is_endless":false,"potions_floor_spawned":[1,4,12,16,22,25,31],"killed_by":"Automaton","ascension_level":9}