{"gold_per_floor":[109,109,109,284,302,338,359,359,437,462,485,485,485,485,485,485],"floor_reached":16,"playtime":335,"items_purged":[],"score":125,"play_id":"12a79d53-9f3e-496b-a443-c4a33400ca14","local_time":"20190315210824","is_ascension_mode":false,"campfire_choices":[{"data":"Fiend Fire","floor":8,"key":"SMITH"},{"floor":12,"key":"REST"},{"floor":15,"key":"REST"}],"neow_cost":"NONE","seed_source_timestamp":74760492076007,"circlet_count":0,"master_deck":["Strike_R","Strike_R","Strike_R","Defend_R","Defend_R","Defend_R","Defend_R","Bash","Havoc","Injury","Doubt","Fiend Fire+1","Sentinel","Clash"],"relics":["Burning Blood","NeowsBlessing","Golden Idol","Ancient Tea Set","Ornamental Fan","Paper Frog"],"potions_floor_usage":[],"damage_taken":[{"damage":0,"enemies":"Jaw Worm","floor":1,"turns":1},{"damage":0,"enemies":"Small Slimes","floor":5,"turns":2},{"damage":0,"enemies":"Gremlin Nob","floor":6,"turns":1},{"damage":0,"enemies":"2 Louse","floor":7,"turns":2},{"damage":21,"enemies":"Large Slime","floor":10,"turns":8},{"damage":23,"enemies":"Exordium Wildlife","floor":11,"turns":7},{"damage":53,"enemies":"The Guardian","floor":16,"turns":8}],"seed_played":"-5153444907796346810","potions_obtained":[{"floor":5,"key":"Regen Potion"},{"floor":7,"key":"PowerPotion"},{"floor":10,"key":"LiquidBronze"}],"is_trial":false,"path_per_floor":["?","?","?","M","?","?"],"character_chosen":"IRONCLAD","items_purchased":[],"campfire_rested":2,"item_purchase_floors":[],"current_hp_per_floor":[80,80,73,73,79,80,80,80,80,65,48,72,72,47,71,18],"gold":485,"neow_bonus":"THREE_ENEMY_KILL","is_prod":false,"is_daily":false,"chose_seed":false,"campfire_upgraded":1,"win_rate":0,"timestamp":1552680504,"path_taken":["M","?","?","?","M","E","?","R","T","M","M","R","?","?","R","BOSS"],"build_version":"2019-01-23","purchased_purges":0,"victory":false,"max_hp_per_floor":[80,80,80,80,80,80,80,80,80,80,80,80,80,80,80,80],"card_choices":[{"not_picked":["Perfected Strike","Headbutt"],"picked":"Havoc","floor":1},{"not_picked":["Thunderclap","Power Through"],"picked":"Fiend Fire","floor":5},{"not_picked":["Headbutt","Seeing Red"],"picked":"Sentinel","floor":6},{"not_picked":["Rage","Clothesline","Fire Breathing"],"picked":"SKIP","floor":7},{"not_picked":["Bloodletting","Thunderclap","Armaments"],"picked":"SKIP","floor":10},{"not_picked":["Inflame","Uppercut","Body Slam"],"picked":"SKIP","floor":11}],"player_experience":328813,"relics_obtained":[{"floor":6,"key":"Ancient Tea Set"},{"floor":9,"key":"Ornamental Fan"}],"event_choices":[{"damage_healed":0,"gold_gain":0,"player_choice":"Take Wound","damage_taken":0,"relics_obtained":["Golden Idol"],"max_hp_gain":0,"max_hp_loss":0,"event_name":"Golden Idol","floor":2,"gold_loss":0,"cards_obtained":["Injury"]},{"cards_removed":["Strike_R"],"damage_healed":0,"gold_gain":0,"player_choice":"Card Removal","damage_taken":7,"max_hp_gain":0,"max_hp_loss":0,"event_name":"Golden Wing","floor":3,"gold_loss":0},{"damage_healed":0,"gold_gain":175,"player_choice":"AGREE","damage_taken":0,"max_hp_gain":0,"max_hp_loss":0,"event_name":"Liars Game","floor":4,"gold_loss":0,"cards_obtained":["Doubt"]},{"damage_healed":0,"gold_gain":0,"cards_transformed":["Strike_R"],"player_choice":"Change","damage_taken":0,"max_hp_gain":0,"max_hp_loss":0,"event_name":"Living Wall","floor":13,"gold_loss":0,"cards_obtained":["Clash"]},{"damage_healed":0,"gold_gain":0,"player_choice":"Success","damage_taken":25,"relics_obtained":["Paper Frog"],"max_hp_gain":0,"max_hp_loss":0,"event_name":"Scrap Ooze","floor":14,"gold_loss":0}],"is_beta":false,"boss_relics":[],"items_purged_floors":[],"is_endless":false,"potions_floor_spawned":[5,7,10],"killed_by":"The Guardian","ascension_level":0}