{"path_per_floor":["M","?","M","$","M","R","E","R","T","?","?","M","M","$","R","B",null,"M","?","M","?","$","E","M","M","T","R","M","$"],"character_chosen":"DEFECT","items_purchased":["Capacitor","Auto Shields","Capacitor"],"gold_per_floor":[112,112,124,72,83,83,114,114,114,142,142,160,178,68,68,173,173,187,187,203,203,56,88,98,116,116,116,134,134,134],"floor_reached":30,"campfire_rested":2,"playtime":1366,"current_hp_per_floor":[75,75,74,74,68,68,47,47,47,46,46,37,32,32,54,14,75,64,64,42,42,42,28,7,5,12,36,13,13,0],"items_purged":["Defend_B","Defend_B"],"gold":134,"score":275,"play_id":"514e2e38-e6aa-40a6-8780-db28db5d187f","local_time":"20180508184448","is_prod":false,"is_daily":false,"chose_seed":false,"is_ascension_mode":true,"campfire_upgraded":2,"timestamp":1525823088,"path_taken":["M","?","M","$","M","R","E","R","T","?","?","?","M","$","R","BOSS","M","?","M","?","$","E","?","M","T","R","M","?","M"],"build_version":"2018-05-07","seed_source_timestamp":1957838942729449,"purchased_purges":3,"victory":false,"master_deck":["Strike_B","Strike_B","Strike_B","Defend_B","Defend_B","Zap+1","Dualcast","Lockon","Capacitor+1","Go for the Eyes","Beam Cell+1","Darkness","FTL","Auto Shields","Nova","Static Discharge","White Noise","Stack+1","Capacitor","Glacier","Turbo+1"],"max_hp_per_floor":[75,75,75,75,75,75,75,75,75,75,75,75,75,75,75,75,75,75,75,75,75,75,75,75,75,82,82,82,82,82],"relics":["Cracked Core","Calipers","Mummified Hand","Odd Mushroom","Vajra","White Beast Statue","Toolbox","Strawberry"],"card_choices":[{"not_picked":["Axe Kick","Force Field"],"picked":"Lockon","floor":1.0},{"not_picked":["Streamline","Blizzard"],"picked":"Go for the Eyes","floor":5.0},{"not_picked":["Stack","Streamline"],"picked":"Beam Cell","floor":7.0},{"not_picked":["Turbo","Go for the Eyes"],"picked":"Darkness","floor":10.0},{"not_picked":["Axe Kick","Tempest"],"picked":"FTL","floor":12.0},{"not_picked":["All For One","Fusion"],"picked":"Nova","floor":16.0},{"not_picked":["Steam Power","Hologram"],"picked":"Static Discharge","floor":18.0},{"not_picked":["Genetic Algorithm","Turbo"],"picked":"Stack","floor":20.0},{"not_picked":["Conserve Battery","Doom and Gloom"],"picked":"Glacier","floor":24.0},{"not_picked":["Leap","Impulse"],"picked":"Turbo","floor":25.0}],"player_experience":59646,"potions_floor_usage":[28,28],"damage_taken":[{"damage":0.0,"enemies":"Small Slimes","floor":1.0,"turns":2.0},{"damage":1.0,"enemies":"Cultist","floor":3.0,"turns":3.0},{"damage":6.0,"enemies":"2 Louse","floor":5.0,"turns":2.0},{"damage":21.0,"enemies":"Lagavulin","floor":7.0,"turns":7.0},{"damage":1.0,"enemies":"The Mushroom Lair","floor":10.0,"turns":3.0},{"damage":9.0,"enemies":"Looter","floor":12.0,"turns":3.0},{"damage":5.0,"enemies":"Gremlin Gang","floor":13.0,"turns":3.0},{"damage":40.0,"enemies":"Hexaghost","floor":16.0,"turns":10.0},{"damage":11.0,"enemies":"Chosen","floor":18.0,"turns":4.0},{"damage":29.0,"enemies":"2 Thieves","floor":20.0,"turns":4.0},{"damage":14.0,"enemies":"Book of Stabbing","floor":23.0,"turns":4.0},{"damage":33.0,"enemies":"Centurion and Healer","floor":24.0,"turns":5.0},{"damage":2.0,"enemies":"Snake Plant","floor":25.0,"turns":4.0},{"damage":23,"enemies":"Cultist and Chosen","floor":28,"turns":7},{"damage":13,"enemies":"3 Cultists","floor":30,"turns":3}],"event_choices":[{"event_name":"Wheel of Change","player_choice":"Card Removal","floor":2.0,"damage_taken":0.0},{"event_name":"Mushrooms","player_choice":"Fought Mushrooms","floor":10.0,"damage_taken":0.0},{"event_name":"Accursed Blacksmith","player_choice":"Rummage","floor":11.0,"damage_taken":0.0},{"event_name":"The Library","player_choice":"Read","floor":19.0,"damage_taken":0.0},{"event_name":"Vampires","player_choice":"Ignored","floor":21.0,"damage_taken":0.0}],"boss_relics":[],"potions_floor_spawned":[1,3,7,12,18,20,23,24,25,28],"seed_played":"9041822280974332452","killed_by":"3 Cultists","ascension_level":2,"is_trial":false}