{"gold_per_floor":[209,209,284,88,88,88,14,14,14,14,32,32,32,43,43,140,140,159,16,27,46,66,66],"floor_reached":23,"playtime":814,"items_purged":["Meteor Strike"],"score":206,"play_id":"d2a6550d-642e-4405-bf4c-d49b217b2a72","local_time":"20190315142241","is_ascension_mode":true,"campfire_choices":[{"floor":6,"key":"REST"},{"floor":10,"key":"REST"},{"data":"Redo","floor":13,"key":"SMITH"},{"data":"Zap","floor":15,"key":"SMITH"}],"neow_cost":"NONE","seed_source_timestamp":49930640569652,"circlet_count":0,"master_deck":["Zap+1","Dualcast","Ball Lightning","Redo+1","Self Repair","Conserve Battery","Loop","Creative AI","Turbo","Rainbow","Buffer","Coolheaded","Rebound","Sweeping Beam","Rip and Tear","Conserve Battery","Lockon","Redo","Conserve Battery"],"relics":["Cracked Core","PreservedInsect","Bag of Preparation","NlothsMask","Pandora\u0027s Box"],"potions_floor_usage":[18,18,20],"damage_taken":[{"damage":13,"enemies":"Small Slimes","floor":1,"turns":4},{"damage":0,"enemies":"Jaw Worm","floor":11,"turns":3},{"damage":2,"enemies":"2 Louse","floor":14,"turns":3},{"damage":62,"enemies":"Hexaghost","floor":16,"turns":10},{"damage":3,"enemies":"3 Byrds","floor":18,"turns":4},{"damage":20,"enemies":"Spheric Guardian","floor":20,"turns":4},{"damage":39,"enemies":"Shelled Parasite and Fungi","floor":21,"turns":6},{"damage":31,"enemies":"Centurion and Healer","floor":22,"turns":6},{"damage":7,"enemies":"Book of Stabbing","floor":23,"turns":2}],"seed_played":"8835414200740676017","potions_obtained":[{"floor":8,"key":"SkillPotion"},{"floor":8,"key":"Block Potion"},{"floor":8,"key":"GamblersBrew"},{"floor":18,"key":"Weak Potion"},{"floor":21,"key":"GamblersBrew"}],"is_trial":false,"path_per_floor":["?","?","?","?","M","?","$","M"],"character_chosen":"DEFECT","items_purchased":["Redo","PreservedInsect","Self Repair","Lockon"],"campfire_rested":2,"item_purchase_floors":[4,4,7,19],"current_hp_per_floor":[62,67,56,56,40,64,64,64,64,80,80,80,80,80,80,25,80,80,80,67,35,4,0],"gold":66,"neow_bonus":"HUNDRED_GOLD","is_prod":false,"is_daily":false,"chose_seed":false,"campfire_upgraded":2,"win_rate":0,"timestamp":1552656161,"path_taken":["M","?","?","$","?","R","$","?","T","R","?","?","R","M","R","BOSS","M","?","M","?","M","E"],"build_version":"2019-01-23","purchased_purges":1,"victory":false,"max_hp_per_floor":[75,80,80,80,80,80,80,80,80,80,80,80,80,80,80,80,80,80,80,80,80,80,80],"card_choices":[{"not_picked":["Sweeping Beam","Beam Cell"],"picked":"Ball Lightning","floor":1},{"not_picked":["Gash","Ball Lightning"],"picked":"Conserve Battery","floor":11},{"not_picked":["Coolheaded","Rip and Tear"],"picked":"Loop","floor":14},{"not_picked":["Amplify","Multi-Cast"],"picked":"Creative AI","floor":16},{"not_picked":["Darkness","Turbo"],"picked":"Conserve Battery","floor":18},{"not_picked":["Turbo+1","Conserve Battery"],"picked":"Redo","floor":20},{"not_picked":["Beam Cell+1","Redo"],"picked":"Conserve Battery","floor":21},{"not_picked":["Heatsinks+1","Recycle","Skim+1"],"picked":"SKIP","floor":22}],"player_experience":314166,"relics_obtained":[{"floor":9,"key":"Bag of Preparation"}],"event_choices":[{"damage_healed":0,"gold_gain":0,"player_choice":"Donut","damage_taken":0,"max_hp_gain":5,"max_hp_loss":0,"event_name":"Big Fish","floor":2,"gold_loss":0},{"damage_healed":0,"gold_gain":75,"player_choice":"Gather Gold","damage_taken":11,"max_hp_gain":0,"max_hp_loss":0,"event_name":"World of Goop","floor":3,"gold_loss":0},{"damage_healed":0,"gold_gain":0,"player_choice":"Entered Light","damage_taken":16,"max_hp_gain":0,"max_hp_loss":0,"event_name":"Shining Light","floor":5,"gold_loss":0,"cards_upgraded":["Defend_B","Strike_B"]},{"damage_healed":0,"gold_gain":0,"player_choice":"Got Potions","damage_taken":0,"max_hp_gain":0,"max_hp_loss":0,"event_name":"Lab","floor":8,"gold_loss":0},{"damage_healed":0,"gold_gain":0,"player_choice":"Trade","damage_taken":0,"relics_obtained":["NlothsMask"],"max_hp_gain":0,"max_hp_loss":0,"event_name":"FaceTrader","floor":12,"gold_loss":0}],"is_beta":false,"boss_relics":[{"not_picked":["Coffee Dripper","Runic Dome"],"picked":"Pandora\u0027s Box"}],"items_purged_floors":[19],"is_endless":false,"potions_floor_spawned":[14,16,18,21],"killed_by":"Book of Stabbing","ascension_level":3}