{"gold_per_floor":[112,112,112,125,125,151,151,151,233,251,264,274,284,297,297,373,373,385,385,385,385],"floor_reached":21,"playtime":991,"items_purged":[],"score":350,"play_id":"b6b08151-2202-49b2-b3b4-f646fe242457","local_time":"20190318213954","is_ascension_mode":true,"campfire_choices":[{"data":"Bludgeon","floor":15,"key":"SMITH"}],"neow_cost":"NONE","seed_source_timestamp":4885817804148,"circlet_count":0,"master_deck":["AscendersBane","Strike_R","Strike_R","Strike_R","Strike_R","Defend_R","Defend_R","Defend_R","Defend_R","Bash","Corruption","Shrug It Off","Shrug It Off","Headbutt","Bludgeon+1","Metallicize","Dark Embrace","Warcry","Decay"],"relics":["Burning Blood","NeowsBlessing","Bottled Lightning","Letter Opener","Black Star","Nilry\u0027s Codex"],"potions_floor_usage":[11,16,16,21],"damage_taken":[{"damage":0,"enemies":"2 Louse","floor":1,"turns":1},{"damage":0,"enemies":"Cultist","floor":4,"turns":1},{"damage":0,"enemies":"3 Sentries","floor":6,"turns":1},{"damage":0,"enemies":"Small Slimes","floor":10,"turns":4},{"damage":11,"enemies":"Exordium Wildlife","floor":11,"turns":6},{"damage":10,"enemies":"Large Slime","floor":12,"turns":7},{"damage":17,"enemies":"Looter","floor":13,"turns":4},{"damage":5,"enemies":"Blue Slaver","floor":14,"turns":3},{"damage":28,"enemies":"Slime Boss","floor":16,"turns":13},{"damage":36,"enemies":"Shell Parasite","floor":18,"turns":7},{"damage":19,"enemies":"3 Byrds","floor":21,"turns":2}],"seed_played":"-539925677940769878","potions_obtained":[{"floor":3,"key":"Energy Potion"},{"floor":3,"key":"Block Potion"},{"floor":13,"key":"Poison Potion"},{"floor":14,"key":"Weak Potion"},{"floor":16,"key":"Block Potion"},{"floor":18,"key":"Swift Potion"}],"is_trial":false,"path_per_floor":["M","?","?","M","$","E","$","$","T","M","M","M","M","M","R","B",null,"M","?","?","M"],"character_chosen":"IRONCLAD","items_purchased":[],"campfire_rested":0,"item_purchase_floors":[],"current_hp_per_floor":[74,74,74,75,75,75,75,75,75,75,70,66,55,56,56,34,65,35,19,19,0],"gold":385,"neow_bonus":"THREE_ENEMY_KILL","is_prod":false,"is_daily":false,"chose_seed":false,"campfire_upgraded":1,"win_rate":0,"timestamp":1552912794,"path_taken":["M","?","?","?","$","E","?","$","T","M","M","M","?","M","R","BOSS","M","?","?","M"],"build_version":"2019-01-23","purchased_purges":0,"victory":false,"max_hp_per_floor":[75,75,75,75,75,75,75,75,75,75,75,75,75,75,75,75,75,75,75,75,75],"card_choices":[{"not_picked":["Pommel Strike","Dual Wield"],"picked":"Corruption","floor":1},{"not_picked":["True Grit","Warcry"],"picked":"Shrug It Off","floor":4},{"not_picked":["Armaments","Headbutt"],"picked":"Shrug It Off","floor":6},{"not_picked":["Searing Blow","Perfected Strike","Dropkick"],"picked":"SKIP","floor":10},{"not_picked":["Flame Barrier","Reckless Charge"],"picked":"Headbutt","floor":11},{"not_picked":["Cleave","Sword Boomerang","Twin Strike"],"picked":"SKIP","floor":12},{"not_picked":["Hemokinesis","True Grit"],"picked":"Bludgeon","floor":13},{"not_picked":["Fire Breathing","Sword Boomerang"],"picked":"Metallicize","floor":14},{"not_picked":["Offering","Demon Form"],"picked":"Dark Embrace","floor":16},{"not_picked":["Entrench","Flex"],"picked":"Warcry","floor":18}],"player_experience":428498,"relics_obtained":[{"floor":6,"key":"Bottled Lightning"},{"floor":9,"key":"Letter Opener"},{"floor":19,"key":"Nilry\u0027s Codex"}],"event_choices":[{"cards_removed":["Strike_R"],"damage_healed":0,"gold_gain":0,"player_choice":"Forget","damage_taken":0,"max_hp_gain":0,"max_hp_loss":0,"event_name":"Living Wall","floor":2,"gold_loss":0},{"damage_healed":0,"gold_gain":0,"player_choice":"Got Potions","damage_taken":0,"max_hp_gain":0,"max_hp_loss":0,"event_name":"Lab","floor":3,"gold_loss":0},{"damage_healed":0,"gold_gain":0,"player_choice":"Obtained Book","damage_taken":16,"max_hp_gain":0,"max_hp_loss":0,"event_name":"Cursed Tome","floor":19,"gold_loss":0},{"damage_healed":0,"gold_gain":0,"player_choice":"Smashed Altar","damage_taken":0,"max_hp_gain":0,"max_hp_loss":0,"event_name":"Forgotten Altar","floor":20,"gold_loss":0,"cards_obtained":["Decay"]}],"is_beta":false,"boss_relics":[{"not_picked":["Ectoplasm","Mark of Pain"],"picked":"Black Star"}],"items_purged_floors":[],"is_endless":false,"potions_floor_spawned":[4,10,13,14,16,18],"killed_by":"3 Byrds","ascension_level":14}