{"gold_per_floor":[112,162,182,202,202,234,234,252,301,314,328,341,114,124,124,124],"floor_reached":16,"playtime":1035,"items_purged":[],"score":186,"play_id":"f44e0509-5b54-4ade-ab8a-8831ec9f266d","local_time":"20190313124307","is_ascension_mode":true,"campfire_choices":[{"data":"Wraith Form v2","floor":7,"key":"SMITH"},{"floor":15,"key":"REST"}],"neow_cost":"NONE","seed_source_timestamp":1811966287904308,"circlet_count":0,"master_deck":["AscendersBane","Survivor","Neutralize","Tools of the Trade","Bouncing Flask","Malaise","Deflect","Poisoned Stab","Setup","Night Terror","Reflex","Cloak And Dagger","Leg Sweep","Noxious Fumes","Poisoned Stab","Wraith Form v2+1","Escape Plan","All Out Attack","Poisoned Stab","Leg Sweep","Blur","Crippling Poison"],"relics":["Pandora\u0027s Box","Paper Crane","Vajra","Omamori"],"potions_floor_usage":[6,8,12,16],"damage_taken":[{"damage":0,"enemies":"Jaw Worm","floor":1,"turns":5},{"damage":0,"enemies":"Cultist","floor":3,"turns":4},{"damage":5,"enemies":"2 Louse","floor":4,"turns":5},{"damage":3,"enemies":"Lagavulin","floor":6,"turns":6},{"damage":2,"enemies":"Gremlin Gang","floor":8,"turns":5},{"damage":8,"enemies":"3 Louse","floor":10,"turns":6},{"damage":3,"enemies":"Exordium Wildlife","floor":11,"turns":2},{"damage":18,"enemies":"Lots of Slimes","floor":12,"turns":3},{"damage":0,"enemies":"Looter","floor":14,"turns":4},{"damage":34,"enemies":"Slime Boss","floor":16,"turns":9}],"seed_played":"6074912719151923620","potions_obtained":[{"floor":3,"key":"Swift Potion"},{"floor":5,"key":"Energy Potion"},{"floor":5,"key":"Fire Potion"},{"floor":8,"key":"Strength Potion"},{"floor":10,"key":"Strength Potion"},{"floor":12,"key":"GamblersBrew"},{"floor":14,"key":"SkillPotion"}],"is_trial":false,"path_per_floor":["M","?","M","M","?","E","R","M","T","M","M","M","$","M","R","B"],"character_chosen":"THE_SILENT","items_purchased":["Blur","Omamori"],"campfire_rested":1,"item_purchase_floors":[13,13],"current_hp_per_floor":[59,53,53,48,48,45,45,43,43,35,32,14,14,14,33,0],"gold":124,"neow_bonus":"BOSS_RELIC","is_prod":false,"is_daily":false,"chose_seed":false,"campfire_upgraded":1,"win_rate":0,"timestamp":1552502587,"path_taken":["M","?","M","?","?","E","R","?","T","M","M","M","$","M","R","BOSS"],"build_version":"2019-01-23","purchased_purges":0,"victory":false,"max_hp_per_floor":[66,66,66,66,66,66,66,66,66,66,66,66,66,66,66,66],"card_choices":[{"not_picked":["Sucker Punch","Accuracy"],"picked":"Noxious Fumes","floor":1},{"not_picked":["Finisher","Calculated Gamble","Setup"],"picked":"SKIP","floor":3},{"not_picked":["Slice","Dagger Throw"],"picked":"Poisoned Stab","floor":4},{"not_picked":["Blade Dance","Sucker Punch"],"picked":"Wraith Form v2","floor":6},{"not_picked":["Dagger Spray","Prepared"],"picked":"Escape Plan","floor":8},{"not_picked":["Outmaneuver","Dagger Spray"],"picked":"All Out Attack","floor":10},{"not_picked":["Deadly Poison","Riddle With Holes"],"picked":"Poisoned Stab","floor":11},{"not_picked":["Dagger Throw","Bane"],"picked":"Leg Sweep","floor":12},{"not_picked":["Eviscerate","Dagger Throw"],"picked":"Crippling Poison","floor":14}],"player_experience":792781,"relics_obtained":[{"floor":6,"key":"Paper Crane"},{"floor":9,"key":"Vajra"}],"event_choices":[{"damage_healed":0,"gold_gain":50,"player_choice":"Touch","damage_taken":6,"max_hp_gain":0,"max_hp_loss":0,"event_name":"FaceTrader","floor":2,"gold_loss":0},{"damage_healed":0,"gold_gain":0,"player_choice":"Got Potions","damage_taken":0,"max_hp_gain":0,"max_hp_loss":0,"event_name":"Lab","floor":5,"gold_loss":0}],"is_beta":false,"boss_relics":[],"items_purged_floors":[],"is_endless":false,"potions_floor_spawned":[3,8,10,12,14],"killed_by":"Slime Boss","ascension_level":15}