{"gold_per_floor":[115,115,128,128,147,147,72,102,102,133,133,45,61,81,81,175,175,198,198,222,57,71,71,112,124,136,183,195,225,237,249,261,367,379,407,752,128,178,191,191,226,226,226,243,276,286,18,18,18,18],"floor_reached":51,"playtime":4417,"items_purged":["Strike_R","Strike_R"],"score":1627,"play_id":"5cf1c70f-0a1f-4331-82f7-5dcb1eba949c","local_time":"20190320183506","is_ascension_mode":true,"campfire_choices":[{"data":"Inflame","floor":6.0,"key":"SMITH"},{"floor":15.0,"key":"REST"},{"floor":23.0,"key":"REST"},{"floor":25.0,"key":"REST"},{"data":"Shame","floor":32.0,"key":"PURGE"},{"floor":40.0,"key":"REST"},{"floor":42,"key":"REST"},{"floor":49,"key":"REST"}],"neow_cost":"NONE","seed_source_timestamp":453982930703914,"circlet_count":0,"master_deck":["AscendersBane","Strike_R","Defend_R","Defend_R","Defend_R","Defend_R","Bash+1","Inflame+1","Shrug It Off","Wild Strike","Cleave","Dual Wield","Corruption","Rage","Sentinel+1","Feed","Shockwave","Offering","Warcry","Metallicize","Clothesline","Spot Weakness","Sentinel+1","Headbutt","Entrench+1","Ghostly Armor+1","Shockwave+1","Demon Form","Body Slam+1","Mayhem+1","Feel No Pain+1","Shrug It Off","Warcry","True Grit+1","Armaments+1","Juggernaut+1","Exhume","Burning Pact","Flash of Steel"],"special_seed":0,"relics":["Burning Blood","NeowsBlessing","Dead Branch","Unceasing Top","Dodecahedron","Orrery","Regal Pillow","MawBank","Peace Pipe","Pantograph","Ornamental Fan","Mummified Hand","Empty Cage","Frozen Egg 2","Paper Frog","Bottled Tornado","War Paint"],"potions_floor_usage":[41],"damage_taken":[{"damage":0.0,"enemies":"Small Slimes","floor":1.0,"turns":1.0},{"damage":0.0,"enemies":"Cultist","floor":3.0,"turns":1.0},{"damage":0.0,"enemies":"Jaw Worm","floor":5.0,"turns":1.0},{"damage":17.0,"enemies":"Lagavulin","floor":8.0,"turns":7.0},{"damage":27.0,"enemies":"3 Sentries","floor":10.0,"turns":6.0},{"damage":4.0,"enemies":"Red Slaver","floor":13.0,"turns":4.0},{"damage":20.0,"enemies":"Exordium Thugs","floor":14.0,"turns":4.0},{"damage":54.0,"enemies":"The Guardian","floor":16.0,"turns":9.0},{"damage":38.0,"enemies":"3 Byrds","floor":18.0,"turns":5.0},{"damage":13.0,"enemies":"2 Thieves","floor":20.0,"turns":3.0},{"damage":12.0,"enemies":"Snake Plant","floor":22.0,"turns":5.0},{"damage":22.0,"enemies":"Book of Stabbing","floor":24.0,"turns":5.0},{"damage":4.0,"enemies":"Gremlin Leader","floor":27.0,"turns":3.0},{"damage":13.0,"enemies":"Snecko","floor":29.0,"turns":5.0},{"damage":10.0,"enemies":"Collector","floor":33.0,"turns":8.0},{"damage":35.0,"enemies":"Orb Walker","floor":35.0,"turns":6.0},{"damage":13.0,"enemies":"3 Shapes","floor":39.0,"turns":5.0},{"damage":69,"enemies":"Reptomancer","floor":41,"turns":6},{"damage":28,"enemies":"3 Darklings","floor":44,"turns":3},{"damage":6,"enemies":"Giant Head","floor":45,"turns":3},{"damage":0,"enemies":"Sphere and 2 Shapes","floor":46,"turns":2},{"damage":8,"enemies":"Time Eater","floor":50,"turns":4}],"seed_played":"-2501072266420451330","potions_obtained":[{"floor":1.0,"key":"Ancient Potion"},{"floor":14.0,"key":"BloodPotion"},{"floor":18.0,"key":"Dexterity Potion"},{"floor":20.0,"key":"Fire Potion"},{"floor":29.0,"key":"SpeedPotion"},{"floor":33.0,"key":"SkillPotion"},{"floor":39.0,"key":"Energy Potion"},{"floor":44,"key":"Fire Potion"},{"floor":45,"key":"Block Potion"},{"floor":46,"key":"Swift Potion"}],"is_trial":false,"path_per_floor":["M","?","M","?","M","R","$","E","T","E","?","$","M","M","R","B",null,"M","?","M","$","M","R","E","R","T","E","?","M","$","?","R","B",null,"M","?","$","?","M","R","E","R","T","M","E","M","$","?","R","B",null],"character_chosen":"IRONCLAD","items_purchased":["Corruption","Regal Pillow","Frozen Egg 2","Mayhem+1","Feel No Pain+1","Shrug It Off","Exhume","Burning Pact"],"campfire_rested":6,"item_purchase_floors":[12,21,37,37,37,37,47,47],"current_hp_per_floor":[74,70,75,75,75,75,75,64,64,43,43,43,45,31,53,12,59,27,27,20,20,17,55,42,81,81,81,81,77,77,77,77,80,83,54,54,54,54,47,84,21,61,61,39,39,45,45,45,84,82],"gold":18,"neow_bonus":"THREE_ENEMY_KILL","is_prod":false,"is_daily":false,"chose_seed":false,"campfire_upgraded":1,"win_rate":0,"timestamp":1553074506,"path_taken":["M","?","?","?","?","R","?","E","T","E","?","$","M","M","R","BOSS","M","?","M","$","M","R","E","R","T","E","?","M","$","?","R","BOSS","M","?","$","?","M","R","E","R","T","?","E","M","$","?","R","BOSS"],"build_version":"2019-01-23","purchased_purges":2,"victory":true,"max_hp_per_floor":[75,75,75,75,75,75,75,75,75,75,75,75,75,75,75,75,75,75,75,75,75,78,78,81,81,81,81,81,84,84,84,84,84,84,84,84,84,84,84,84,84,84,84,84,84,84,84,84,84,84],"card_choices":[{"not_picked":["Fire Breathing","Pommel Strike"],"picked":"Inflame","floor":1.0},{"not_picked":["Iron Wave","Pommel Strike"],"picked":"Shrug It Off","floor":3.0},{"not_picked":["Warcry","Perfected Strike"],"picked":"Wild Strike","floor":5.0},{"not_picked":["Searing Blow","Entrench"],"picked":"Cleave","floor":8.0},{"not_picked":["Cleave","Berserk"],"picked":"Dual Wield","floor":10.0},{"not_picked":["Iron Wave","Infernal Blade"],"picked":"Rage","floor":13.0},{"not_picked":["Power Through","Dropkick"],"picked":"Sentinel","floor":14.0},{"not_picked":["Juggernaut","Barricade"],"picked":"Feed","floor":16.0},{"not_picked":["Sever Soul","Pummel"],"picked":"Shockwave","floor":17.0},{"not_picked":["Sword Boomerang","Dropkick"],"picked":"Offering","floor":17.0},{"not_picked":["Perfected Strike","Anger"],"picked":"Warcry","floor":17.0},{"not_picked":["Pommel Strike","Anger"],"picked":"Metallicize","floor":17.0},{"not_picked":["Sword Boomerang","Entrench","Metallicize"],"picked":"SKIP","floor":18.0},{"not_picked":["Wild Strike","Ghostly Armor"],"picked":"Sentinel+1","floor":20.0},{"not_picked":["Clash","Fire Breathing"],"picked":"Headbutt","floor":22.0},{"not_picked":["Bludgeon","Anger"],"picked":"Entrench+1","floor":24.0},{"not_picked":["Thunderclap","Searing Blow"],"picked":"Ghostly Armor","floor":27.0},{"not_picked":["Pummel","Shrug It Off"],"picked":"Shockwave+1","floor":29.0},{"not_picked":["Immolate","Limit Break"],"picked":"Demon Form","floor":33.0},{"not_picked":["Warcry","Whirlwind"],"picked":"Body Slam+1","floor":35.0},{"not_picked":["Rage+1","Twin Strike"],"picked":"Warcry","floor":39.0},{"not_picked":["Wild Strike+1","Anger+1"],"picked":"True Grit+1","floor":41},{"not_picked":["Power Through+1","Juggernaut+1"],"picked":"Armaments+1","floor":44},{"not_picked":["Twin Strike","Fire Breathing+1"],"picked":"Juggernaut+1","floor":45},{"not_picked":["Iron Wave","Thunderclap","Pommel Strike"],"picked":"SKIP","floor":46},{"not_picked":["Forethought","Good Instincts"],"picked":"Flash of Steel","floor":48}],"player_experience":463272,"relics_obtained":[{"floor":8.0,"key":"Dead Branch"},{"floor":9.0,"key":"Unceasing Top"},{"floor":10.0,"key":"Dodecahedron"},{"floor":24.0,"key":"MawBank"},{"floor":26.0,"key":"Peace Pipe"},{"floor":27.0,"key":"Pantograph"},{"floor":41,"key":"Paper Frog"},{"floor":43,"key":"Bottled Tornado"},{"floor":45,"key":"War Paint"}],"event_choices":[{"damage_healed":0.0,"max_hp_gain":0.0,"max_hp_loss":0.0,"gold_gain":0.0,"event_name":"The Woman in Blue","player_choice":"Bought 0 Potions","floor":2.0,"gold_loss":0.0,"damage_taken":0.0},{"damage_healed":0.0,"max_hp_gain":0.0,"max_hp_loss":0.0,"gold_gain":0.0,"event_name":"Upgrade Shrine","player_choice":"Upgraded","floor":4.0,"gold_loss":0.0,"damage_taken":0.0,"cards_upgraded":["Bash"]},{"damage_healed":0.0,"max_hp_gain":0.0,"max_hp_loss":0.0,"gold_gain":0.0,"event_name":"Golden Idol","player_choice":"Take Wound","floor":11.0,"gold_loss":0.0,"damage_taken":0.0,"relics_obtained":["Golden Idol"],"cards_obtained":["Injury"]},{"damage_healed":0.0,"max_hp_gain":0.0,"max_hp_loss":0.0,"gold_gain":0.0,"cards_transformed":["Strike_R","Strike_R"],"event_name":"Drug Dealer","player_choice":"Became Test Subject","floor":19.0,"gold_loss":0.0,"damage_taken":0.0,"cards_obtained":["Clothesline","Spot Weakness"]},{"damage_healed":0.0,"max_hp_gain":0.0,"max_hp_loss":0.0,"gold_gain":0.0,"event_name":"Addict","player_choice":"Stole Relic","floor":28.0,"gold_loss":0.0,"damage_taken":0.0,"relics_obtained":["Ornamental Fan"],"cards_obtained":["Shame"]},{"damage_healed":0.0,"max_hp_gain":0.0,"max_hp_loss":0.0,"gold_gain":0.0,"event_name":"The Mausoleum","player_choice":"Opened","floor":31.0,"gold_loss":0.0,"damage_taken":0.0,"relics_obtained":["Mummified Hand"],"cards_obtained":["Writhe"]},{"damage_healed":0.0,"max_hp_gain":0.0,"max_hp_loss":0.0,"gold_gain":333.0,"event_name":"The Moai Head","player_choice":"Gave Idol","floor":36.0,"relics_lost":["Golden Idol"],"gold_loss":0.0,"damage_taken":0.0},{"damage_healed":0.0,"max_hp_gain":0.0,"max_hp_loss":0.0,"gold_gain":50.0,"event_name":"Golden Shrine","player_choice":"Pray","floor":38.0,"gold_loss":0.0,"damage_taken":0.0},{"damage_healed":0,"gold_gain":0,"player_choice":"Memory 1","damage_taken":0,"max_hp_gain":0,"max_hp_loss":0,"event_name":"SensoryStone","floor":48,"gold_loss":0}],"is_beta":false,"boss_relics":[{"not_picked":["Black Star","Black Blood"],"picked":"Orrery"},{"not_picked":["Runic Dome","Velvet Choker"],"picked":"Empty Cage"}],"items_purged_floors":[7,47],"is_endless":false,"potions_floor_spawned":[1,14,18,20,29,33,39,44,45,46],"ascension_level":16}