{"gold_per_floor":[109,129,129,143,154,154,187,208,283,283,296,314,341,341,341,437,437,451,451,26,47,47,85,85,85,85,85,105,129,129,142,142,232,232,247,268,268,268,289,289,95,129,129,254,278,278,24,65,65,65],"floor_reached":51,"playtime":3344,"items_purged":[],"score":1376,"play_id":"5cb9c9ac-6660-4620-93bf-83cfd4b3af75","local_time":"20181216234140","is_ascension_mode":true,"campfire_choices":[{"data":"Panacea","floor":6.0,"key":"SMITH"},{"floor":10.0,"key":"REST"},{"floor":15.0,"key":"REST"},{"floor":24.0,"key":"REST"},{"data":"Apotheosis","floor":27.0,"key":"SMITH"},{"data":"Adrenaline","floor":30.0,"key":"SMITH"},{"floor":32.0,"key":"REST"},{"data":"Calculated Gamble","floor":40.0,"key":"SMITH"},{"floor":49.0,"key":"REST"}],"neow_cost":"NONE","seed_source_timestamp":8022871003490,"circlet_count":0,"master_deck":["AscendersBane","Defend_G","Defend_G","Defend_G+1","Defend_G","Defend_G+1","Strike_G","Strike_G","Strike_G","Survivor","Neutralize","Panacea+1","Well Laid Plans","Calculated Gamble+1","Quick Slash","Neutralize","Swift Strike","Crippling Poison","Poisoned Stab","Slice","Leg Sweep","Noxious Fumes","Slice","Slice","Blur","Adrenaline+1","Prepared+1","Apotheosis+1","Slice","Secret Weapon","Cloak And Dagger","Cloak And Dagger","Thinking Ahead","Beam Cell","Ghostly Armor","Cloak And Dagger+1"],"special_seed":0,"relics":["Ring of the Snake","Tough Bandages","Odd Mushroom","Matryoshka","War Paint","Golden Idol","WristBlade","PrismaticShard","MutagenicStrength","Sundial","Bag of Marbles","Kunai","Singing Bowl","WingedGreaves","Sozu","Omamori","Lee\u0027s Waffle","Toxic Egg 2","Strawberry","StoneCalendar","Boot","Bottled Lightning","Bronze Scales"],"potions_floor_usage":[50,50],"damage_taken":[{"damage":3.0,"enemies":"2 Louse","floor":1.0,"turns":4.0},{"damage":2.0,"enemies":"Cultist","floor":2.0,"turns":4.0},{"damage":0.0,"enemies":"Small Slimes","floor":4.0,"turns":4.0},{"damage":1.0,"enemies":"Blue Slaver","floor":5.0,"turns":5.0},{"damage":27.0,"enemies":"3 Sentries","floor":7.0,"turns":11.0},{"damage":8.0,"enemies":"The Mushroom Lair","floor":8.0,"turns":6.0},{"damage":1.0,"enemies":"Exordium Thugs","floor":11.0,"turns":5.0},{"damage":0.0,"enemies":"2 Fungi Beasts","floor":12.0,"turns":4.0},{"damage":13.0,"enemies":"Gremlin Nob","floor":13.0,"turns":5.0},{"damage":0.0,"enemies":"The Guardian","floor":16.0,"turns":12.0},{"damage":10.0,"enemies":"2 Thieves","floor":18.0,"turns":5.0},{"damage":0.0,"enemies":"Spheric Guardian","floor":21.0,"turns":5.0},{"damage":28.0,"enemies":"Book of Stabbing","floor":23.0,"turns":5.0},{"damage":0.0,"enemies":"Centurion and Healer","floor":28.0,"turns":4.0},{"damage":11.0,"enemies":"Shelled Parasite and Fungi","floor":29.0,"turns":6.0},{"damage":0.0,"enemies":"Chosen and Byrds","floor":31.0,"turns":4.0},{"damage":42.0,"enemies":"Automaton","floor":33.0,"turns":12.0},{"damage":7.0,"enemies":"Orb Walker","floor":35.0,"turns":4.0},{"damage":0.0,"enemies":"3 Darklings","floor":36.0,"turns":6.0},{"damage":4.0,"enemies":"Transient","floor":39.0,"turns":5.0},{"damage":0.0,"enemies":"Reptomancer","floor":42.0,"turns":8.0},{"damage":0.0,"enemies":"Mind Bloom Boss Battle","floor":44.0,"turns":6.0},{"damage":8.0,"enemies":"Nemesis","floor":48.0,"turns":5.0},{"damage":34,"enemies":"Donu and Deca","floor":50,"turns":13}],"seed_played":"2398854977339842285","potions_obtained":[{"floor":2.0,"key":"Weak Potion"},{"floor":4.0,"key":"Weak Potion"},{"floor":11.0,"key":"PowerPotion"},{"floor":12.0,"key":"Fire Potion"},{"floor":13.0,"key":"AttackPotion"},{"floor":23.0,"key":"AttackPotion"},{"floor":28.0,"key":"Dexterity Potion"}],"is_trial":false,"path_per_floor":["M","M","?","M","M","R","E","?","T","R","M","M","E","?","R","B",null,"M","?","$","M","?","E","R","T","T","R","M","M","R","M","R","B",null,"M","M","?","?","M","R","$","E","T","?","T","?","$","E","R","B",null],"character_chosen":"THE_SILENT","items_purchased":["Apotheosis","Slice","PrismaticShard","Lee\u0027s Waffle","Bottled Lightning"],"campfire_rested":5,"item_purchase_floors":[20,20,20,41,47],"current_hp_per_floor":[60,58,58,58,57,57,30,22,22,43,42,42,29,12,33,33,61,51,51,51,51,51,23,44,44,44,44,44,35,35,35,56,14,58,53,53,53,53,49,49,81,81,88,90,90,90,90,84,92,58],"gold":65,"neow_bonus":"RANDOM_COLORLESS","is_prod":false,"is_daily":false,"chose_seed":false,"campfire_upgraded":4,"win_rate":0,"timestamp":1545032500,"path_taken":["M","M","?","M","?","R","E","?","T","R","M","M","E","?","R","BOSS","M","?","?","M","?","E","R","?","T","R","M","?","R","M","R","BOSS","M","M","?","?","?","R","$","E","T","?","?","?","$","E","R","BOSS"],"build_version":"2018-12-13","purchased_purges":0,"victory":true,"max_hp_per_floor":[70,70,70,70,70,70,70,70,70,70,70,70,70,70,70,70,70,70,70,70,70,70,70,70,70,70,70,70,72,72,72,72,72,72,74,74,74,74,74,74,81,81,88,90,90,90,90,92,92,92],"card_choices":[{"not_picked":["Setup","Poisoned Stab"],"picked":"Well Laid Plans","floor":1.0},{"not_picked":["Masterful Stab","Concentrate"],"picked":"Calculated Gamble","floor":2.0},{"not_picked":["Prepared","Eviscerate"],"picked":"Poisoned Stab","floor":4.0},{"not_picked":["Well Laid Plans","Dagger Spray"],"picked":"Slice","floor":5.0},{"not_picked":["Flechettes","Dagger Throw"],"picked":"Leg Sweep","floor":7.0},{"not_picked":["Sucker Punch","Setup"],"picked":"Noxious Fumes","floor":8.0},{"not_picked":["Accuracy","Outmaneuver"],"picked":"Slice","floor":11.0},{"not_picked":["Outmaneuver","Deadly Poison"],"picked":"Slice","floor":12.0},{"not_picked":["Doppelganger","Tactician"],"picked":"Blur","floor":13.0},{"not_picked":["Night Terror","Wraith Form v2"],"picked":"Adrenaline","floor":16.0},{"not_picked":["Leg Sweep","Blur"],"picked":"Prepared+1","floor":18.0},{"not_picked":["Terror","Poisoned Stab"],"picked":"Go for the Eyes","floor":21.0},{"not_picked":["Flex","Deflect"],"picked":"Secret Weapon","floor":23.0},{"not_picked":["Anger","Perfected Strike"],"picked":"Cloak And Dagger","floor":28.0},{"not_picked":["Streamline","Underhanded Strike","Armaments"],"picked":"Singing Bowl","floor":29.0},{"not_picked":["Pummel","Bane"],"picked":"Cloak And Dagger","floor":31.0},{"not_picked":["Storm of Steel","Berserk"],"picked":"Thinking Ahead","floor":33.0},{"not_picked":["Rampage+1","Twin Strike+1","Hemokinesis"],"picked":"Singing Bowl","floor":35.0},{"not_picked":["Evolve","Redo"],"picked":"Beam Cell","floor":36.0},{"not_picked":["Blade Dance","Iron Wave"],"picked":"Ghostly Armor","floor":39.0},{"not_picked":["Auto Shields","Slice"],"picked":"Cloak And Dagger","floor":42.0},{"not_picked":["Darkness+1","Setup+1","Thunderclap"],"picked":"Singing Bowl","floor":44.0},{"not_picked":["Clothesline","Twin Strike","Armaments+1"],"picked":"Singing Bowl","floor":48.0}],"player_experience":644796,"relics_obtained":[{"floor":7.0,"key":"Tough Bandages"},{"floor":8.0,"key":"Odd Mushroom"},{"floor":9.0,"key":"Matryoshka"},{"floor":13.0,"key":"War Paint"},{"floor":23.0,"key":"Sundial"},{"floor":25.0,"key":"Bag of Marbles"},{"floor":25.0,"key":"Kunai"},{"floor":26.0,"key":"Singing Bowl"},{"floor":26.0,"key":"WingedGreaves"},{"floor":38.0,"key":"Omamori"},{"floor":42.0,"key":"Toxic Egg 2"},{"floor":43.0,"key":"Strawberry"},{"floor":44.0,"key":"StoneCalendar"},{"floor":45.0,"key":"Boot"},{"floor":48.0,"key":"Bronze Scales"}],"event_choices":[{"damage_healed":0.0,"max_hp_gain":0.0,"max_hp_loss":0.0,"gold_gain":0.0,"event_name":"Match and Keep!","player_choice":"4 cards matched","floor":3.0,"gold_loss":0.0,"damage_taken":0.0,"cards_obtained":["Quick Slash","Neutralize","Swift Strike","Crippling Poison"]},{"damage_healed":0.0,"max_hp_gain":0.0,"max_hp_loss":0.0,"gold_gain":0.0,"event_name":"Match and Keep!","player_choice":"4 cards matched","floor":3.0,"gold_loss":0.0,"damage_taken":0.0,"cards_obtained":["Quick Slash","Neutralize","Swift Strike","Crippling Poison"]},{"damage_healed":0.0,"max_hp_gain":0.0,"max_hp_loss":0.0,"gold_gain":0.0,"event_name":"Mushrooms","player_choice":"Fought Mushrooms","floor":8.0,"gold_loss":0.0,"damage_taken":0.0},{"damage_healed":0.0,"max_hp_gain":0.0,"max_hp_loss":0.0,"gold_gain":0.0,"event_name":"Golden Idol","player_choice":"Take Damage","floor":14.0,"gold_loss":0.0,"damage_taken":17.0,"relics_obtained":["Golden Idol"]},{"cards_removed":["Strike_G"],"damage_healed":0.0,"max_hp_gain":0.0,"max_hp_loss":0.0,"gold_gain":0.0,"event_name":"Bonfire Elementals","player_choice":"Offered Basic","floor":19.0,"gold_loss":0.0,"damage_taken":0.0},{"damage_healed":0.0,"max_hp_gain":0.0,"max_hp_loss":0.0,"gold_gain":0.0,"event_name":"Drug Dealer","player_choice":"Inject Mutagens","floor":22.0,"gold_loss":0.0,"damage_taken":0.0,"relics_obtained":["MutagenicStrength"]},{"cards_removed":["Go for the Eyes"],"damage_healed":0.0,"max_hp_gain":0.0,"max_hp_loss":0.0,"gold_gain":0.0,"event_name":"Falling","player_choice":"Removed Attack","floor":37.0,"gold_loss":0.0,"damage_taken":0.0},{"damage_healed":0.0,"max_hp_gain":0.0,"max_hp_loss":0.0,"gold_gain":0.0,"event_name":"Wheel of Change","player_choice":"Relic","floor":38.0,"gold_loss":0.0,"damage_taken":0.0},{"damage_healed":0.0,"max_hp_gain":0.0,"max_hp_loss":0.0,"gold_gain":0.0,"event_name":"MindBloom","player_choice":"Fight","floor":44.0,"gold_loss":0.0,"damage_taken":0.0},{"cards_removed":["Strike_G"],"damage_healed":0.0,"max_hp_gain":0.0,"max_hp_loss":0.0,"gold_gain":0.0,"event_name":"Purifier","player_choice":"Purged","floor":46.0,"gold_loss":0.0,"damage_taken":0.0}],"is_beta":false,"boss_relics":[{"not_picked":["HoveringKite","White Beast Statue"],"picked":"WristBlade"},{"not_picked":["Pandora\u0027s Box","Ring of the Serpent"],"picked":"Sozu"}],"items_purged_floors":[],"is_endless":false,"potions_floor_spawned":[2,4,11,12,13,23,28,31,35,42,48],"ascension_level":13}