{"gold_per_floor":[113,113,113,130,142,142,67,77,107,139,139,139,139,151,151,249,249,265,279,12,12,28,28,28],"floor_reached":24,"playtime":877,"items_purged":["Strike_R","Strike_R"],"score":245,"play_id":"8193db87-d4a5-44dc-8e09-35e25a8fd912","local_time":"20190209163423","is_ascension_mode":true,"campfire_choices":[{"data":"Inflame","floor":6,"key":"SMITH"},{"floor":13,"key":"REST"},{"floor":15,"key":"REST"},{"floor":23,"key":"REST"}],"neow_cost":"NONE","seed_source_timestamp":175750463154222,"circlet_count":0,"master_deck":["Strike_R","Defend_R","Defend_R","Defend_R","Defend_R","Bash","Inflame+1","Heavy Blade","Flex","Demon Form","Pummel","Armaments","Flex","Heavy Blade"],"relics":["Burning Blood","Lantern","Happy Flower","Tiny Chest","Bag of Marbles","Sundial","Bronze Scales"],"potions_floor_usage":[10,14,16,19,24],"damage_taken":[{"damage":8,"enemies":"Jaw Worm","floor":1,"turns":4},{"damage":2,"enemies":"2 Louse","floor":4,"turns":3},{"damage":1,"enemies":"Cultist","floor":5,"turns":3},{"damage":36,"enemies":"Lots of Slimes","floor":8,"turns":6},{"damage":25,"enemies":"Lagavulin","floor":10,"turns":5},{"damage":7,"enemies":"Exordium Wildlife","floor":14,"turns":3},{"damage":31,"enemies":"Slime Boss","floor":16,"turns":10},{"damage":25,"enemies":"Spheric Guardian","floor":18,"turns":5},{"damage":30,"enemies":"Shell Parasite","floor":19,"turns":5},{"damage":20,"enemies":"Chosen and Byrds","floor":22,"turns":5},{"damage":43,"enemies":"Gremlin Leader","floor":24,"turns":5}],"seed_played":"-4354955052244205398","potions_obtained":[{"floor":4,"key":"Dexterity Potion"},{"floor":5,"key":"Energy Potion"},{"floor":8,"key":"Swift Potion"},{"floor":18,"key":"Explosive Potion"},{"floor":19,"key":"Poison Potion"}],"is_trial":false,"path_per_floor":["?","T","?","T","M","M","?","M"],"character_chosen":"IRONCLAD","items_purchased":["Bronze Scales","Flex"],"campfire_rested":3,"item_purchase_floors":[20,20],"current_hp_per_floor":[78,71,71,75,80,80,80,50,50,31,31,31,55,54,78,53,73,54,30,30,30,16,40,0],"gold":28,"neow_bonus":"RANDOM_COMMON_RELIC","is_prod":false,"is_daily":false,"chose_seed":false,"campfire_upgraded":1,"win_rate":0,"timestamp":1549726463,"path_taken":["M","?","?","M","M","R","$","M","T","E","?","?","R","?","R","BOSS","M","?","$","?","?","R","E"],"build_version":"2019-01-23","purchased_purges":2,"victory":false,"max_hp_per_floor":[80,80,80,80,80,80,80,80,80,80,80,80,80,80,80,80,80,80,80,80,80,80,80,80],"card_choices":[{"not_picked":["Cleave","Perfected Strike"],"picked":"Inflame","floor":1},{"not_picked":["Sever Soul","True Grit","Sword Boomerang"],"picked":"SKIP","floor":4},{"not_picked":["Clothesline","Cleave","True Grit"],"picked":"SKIP","floor":5},{"not_picked":["True Grit","Twin Strike"],"picked":"Heavy Blade","floor":8},{"not_picked":["Clash","Seeing Red"],"picked":"Flex","floor":10},{"not_picked":["Warcry","Anger","Flame Barrier"],"picked":"SKIP","floor":14},{"not_picked":["Juggernaut","Fiend Fire"],"picked":"Demon Form","floor":16},{"not_picked":["Cleave","Iron Wave+1"],"picked":"Pummel","floor":18},{"not_picked":["Clash","Ghostly Armor"],"picked":"Armaments","floor":19},{"not_picked":["Sword Boomerang+1","Fire Breathing+1","Warcry"],"picked":"SKIP","floor":22}],"player_experience":140505,"relics_obtained":[{"floor":3,"key":"Happy Flower"},{"floor":9,"key":"Tiny Chest"},{"floor":10,"key":"Bag of Marbles"},{"floor":12,"key":"Sundial"}],"event_choices":[{"cards_removed":["Strike_R"],"damage_healed":0,"gold_gain":0,"player_choice":"Card Removal","damage_taken":7,"max_hp_gain":0,"max_hp_loss":0,"event_name":"Golden Wing","floor":2,"gold_loss":0},{"cards_removed":["Strike_R"],"damage_healed":0,"gold_gain":0,"player_choice":"Forget","damage_taken":0,"max_hp_gain":0,"max_hp_loss":0,"event_name":"Living Wall","floor":11,"gold_loss":0},{"damage_healed":0,"gold_gain":0,"player_choice":"Copied","damage_taken":0,"max_hp_gain":0,"max_hp_loss":0,"event_name":"Duplicator","floor":21,"gold_loss":0,"cards_obtained":["Heavy Blade"]}],"is_beta":false,"boss_relics":[{"not_picked":["Fusion Hammer","Coffee Dripper","Runic Dome"]}],"items_purged_floors":[7,20],"is_endless":false,"potions_floor_spawned":[4,5,8,18,19],"killed_by":"Gremlin Leader","ascension_level":5}