{"gold_per_floor":[118,131,131,141,141,141,141,141,166,193,210,222,255,275,275,275],"floor_reached":16,"playtime":872,"items_purged":[],"score":190,"play_id":"71f6cf05-af4f-49d3-b0b7-456f28fe620d","local_time":"20190214125516","is_ascension_mode":true,"campfire_choices":[{"data":"Armaments","floor":6,"key":"SMITH"},{"data":"Bash","floor":8,"key":"SMITH"},{"data":"Whirlwind","floor":15,"key":"SMITH"}],"neow_cost":"NONE","seed_source_timestamp":994399790199909,"circlet_count":0,"master_deck":["AscendersBane","Strike_R","Strike_R","Strike_R","Defend_R","Defend_R","Defend_R","Defend_R","Bash+1","Dropkick","Armaments+1","Disarm+1","Offering+1","Battle Trance+1","Entrench+1","Whirlwind+1","Dual Wield+1"],"relics":["Burning Blood","Gremlin Horn","Oddly Smooth Stone","Toxic Egg 2","Anchor"],"potions_floor_usage":[12,13,16],"damage_taken":[{"damage":9,"enemies":"Cultist","floor":1,"turns":5},{"damage":4,"enemies":"2 Louse","floor":2,"turns":3},{"damage":2,"enemies":"Jaw Worm","floor":4,"turns":4},{"damage":14,"enemies":"Gremlin Nob","floor":10,"turns":4},{"damage":5,"enemies":"Looter","floor":11,"turns":3},{"damage":22,"enemies":"Exordium Wildlife","floor":12,"turns":4},{"damage":7,"enemies":"3 Sentries","floor":13,"turns":8},{"damage":6,"enemies":"Gremlin Gang","floor":14,"turns":2},{"damage":48,"enemies":"The Guardian","floor":16,"turns":15}],"seed_played":"4824354468308549609","potions_obtained":[{"floor":1,"key":"FearPotion"},{"floor":11,"key":"FearPotion"},{"floor":14,"key":"Dexterity Potion"}],"is_trial":false,"path_per_floor":["M","M","?","M","?","R","?","R","T","E","M","M","E","M","R","B"],"character_chosen":"IRONCLAD","items_purchased":[],"campfire_rested":0,"item_purchase_floors":[],"current_hp_per_floor":[65,67,60,64,61,61,61,61,61,53,54,38,37,37,37,0],"gold":275,"neow_bonus":"REMOVE_CARD","is_prod":false,"is_daily":false,"chose_seed":false,"campfire_upgraded":3,"win_rate":0,"timestamp":1550174116,"path_taken":["M","M","?","M","?","R","?","R","T","E","M","M","E","M","R","BOSS"],"build_version":"2019-01-23","purchased_purges":0,"victory":false,"max_hp_per_floor":[75,75,75,75,75,75,75,75,75,75,75,75,75,75,75,75],"card_choices":[{"not_picked":["Power Through","Infernal Blade"],"picked":"Dropkick","floor":1},{"not_picked":["Flex","Blood for Blood"],"picked":"Armaments","floor":2},{"not_picked":["Clothesline","Warcry"],"picked":"Disarm","floor":4},{"not_picked":["Armaments","Carnage"],"picked":"Offering","floor":10},{"not_picked":["Sentinel+1","Perfected Strike"],"picked":"Battle Trance+1","floor":11},{"not_picked":["Sever Soul","Pommel Strike"],"picked":"Entrench+1","floor":12},{"not_picked":["Flex+1","Bloodletting+1"],"picked":"Whirlwind","floor":13},{"not_picked":["Headbutt","Intimidate+1"],"picked":"Dual Wield+1","floor":14}],"player_experience":723556,"relics_obtained":[{"floor":9,"key":"Oddly Smooth Stone"},{"floor":10,"key":"Toxic Egg 2"},{"floor":13,"key":"Anchor"}],"event_choices":[{"cards_removed":["Strike_R"],"damage_healed":0,"gold_gain":0,"player_choice":"Card Removal","damage_taken":7,"max_hp_gain":0,"max_hp_loss":0,"event_name":"Golden Wing","floor":3,"gold_loss":0},{"damage_healed":0,"gold_gain":0,"player_choice":"Success","damage_taken":3,"relics_obtained":["Gremlin Horn"],"max_hp_gain":0,"max_hp_loss":0,"event_name":"Scrap Ooze","floor":5,"gold_loss":0},{"damage_healed":0,"gold_gain":0,"player_choice":"Grow","damage_taken":0,"max_hp_gain":0,"max_hp_loss":0,"event_name":"Living Wall","floor":7,"gold_loss":0,"cards_upgraded":["Disarm"]}],"is_beta":false,"boss_relics":[],"items_purged_floors":[],"is_endless":false,"potions_floor_spawned":[1,11,14],"killed_by":"The Guardian","ascension_level":14}