{"gold_per_floor":[118,128,83,83,94,94,104,138,162,178,203,121,140,155,155,252,252,262,262,262],"floor_reached":20,"playtime":911,"items_purged":[],"score":229,"play_id":"2a1dc993-8e72-4556-aac7-05d80ea3a666","local_time":"20190317105951","is_ascension_mode":true,"campfire_choices":[{"floor":6,"key":"REST"},{"floor":15,"key":"REST"}],"neow_cost":"PERCENT_DAMAGE","seed_source_timestamp":210469775894865,"circlet_count":0,"master_deck":["Strike_R","Defend_R","Defend_R","Defend_R","Defend_R","Bash","Reaper","Infernal Blade","Feel No Pain","Shockwave","Shrug It Off","Impervious","Havoc","Disarm","Infernal Blade","Flex","Demon Form","Juggernaut","Second Wind"],"relics":["Burning Blood","Lantern","Blood Vial","PreservedInsect","Eternal Feather"],"potions_floor_usage":[14,20],"damage_taken":[{"damage":4,"enemies":"2 Louse","floor":1,"turns":4},{"damage":10,"enemies":"Jaw Worm","floor":2,"turns":4},{"damage":3,"enemies":"Small Slimes","floor":5,"turns":4},{"damage":9,"enemies":"Blue Slaver","floor":7,"turns":4},{"damage":29,"enemies":"Gremlin Nob","floor":8,"turns":6},{"damage":25,"enemies":"Large Slime","floor":10,"turns":9},{"damage":12,"enemies":"Looter","floor":13,"turns":3},{"damage":8,"enemies":"3 Louse","floor":14,"turns":3},{"damage":50,"enemies":"Slime Boss","floor":16,"turns":13},{"damage":51,"enemies":"Spheric Guardian","floor":18,"turns":9},{"damage":59,"enemies":"3 Byrds","floor":20,"turns":6}],"seed_played":"7139638249273323179","potions_obtained":[{"floor":1,"key":"Ancient Potion"},{"floor":8,"key":"Explosive Potion"},{"floor":10,"key":"Regen Potion"}],"is_trial":false,"path_per_floor":["?","?","T","?","M"],"character_chosen":"IRONCLAD","items_purchased":["Infernal Blade"],"campfire_rested":2,"item_purchase_floors":[12],"current_hp_per_floor":[53,49,49,49,52,76,73,56,56,47,47,47,43,55,79,56,74,31,31,0],"gold":262,"neow_bonus":"TRANSFORM_TWO_CARDS","is_prod":false,"is_daily":false,"chose_seed":false,"campfire_upgraded":0,"win_rate":0,"timestamp":1552816791,"path_taken":["M","M","?","?","M","R","M","E","T","M","?","$","M","M","R","BOSS","M","?","?"],"build_version":"2019-01-23","purchased_purges":0,"victory":false,"max_hp_per_floor":[80,80,80,80,80,80,80,80,80,80,80,80,80,80,80,80,80,80,80,80],"card_choices":[{"not_picked":["Cleave","Clash"],"picked":"Feel No Pain","floor":1},{"not_picked":["Armaments","Perfected Strike"],"picked":"Shockwave","floor":2},{"not_picked":["Headbutt","Blood for Blood"],"picked":"Impervious","floor":5},{"not_picked":["Searing Blow","Twin Strike"],"picked":"Havoc","floor":7},{"not_picked":["Cleave","Warcry"],"picked":"Disarm","floor":8},{"not_picked":["Body Slam","Heavy Blade","Searing Blow"],"picked":"SKIP","floor":10},{"not_picked":["Iron Wave","Metallicize"],"picked":"Flex","floor":13},{"not_picked":["Wild Strike","Metallicize"],"picked":"Demon Form","floor":14},{"not_picked":["Barricade","Limit Break"],"picked":"Juggernaut","floor":16},{"not_picked":["Sword Boomerang","Iron Wave"],"picked":"Second Wind","floor":18}],"player_experience":356861,"relics_obtained":[{"floor":8,"key":"Lantern"},{"floor":9,"key":"Blood Vial"},{"floor":11,"key":"PreservedInsect"}],"event_choices":[{"damage_healed":0,"gold_gain":0,"player_choice":"Left Gold","damage_taken":0,"max_hp_gain":0,"max_hp_loss":0,"event_name":"World of Goop","floor":3,"gold_loss":45},{"damage_healed":0,"gold_gain":0,"cards_transformed":["Strike_R"],"player_choice":"Change","damage_taken":0,"max_hp_gain":0,"max_hp_loss":0,"event_name":"Living Wall","floor":4,"gold_loss":0,"cards_obtained":["Shrug It Off"]},{"cards_removed":["Strike_R"],"damage_healed":0,"gold_gain":0,"player_choice":"Purged","damage_taken":0,"max_hp_gain":0,"max_hp_loss":0,"event_name":"Purifier","floor":19,"gold_loss":0}],"is_beta":false,"boss_relics":[{"not_picked":["Calling Bell","White Beast Statue"],"picked":"Eternal Feather"}],"items_purged_floors":[],"is_endless":false,"potions_floor_spawned":[1,8,10],"killed_by":"3 Byrds","ascension_level":6}