{"gold_per_floor":[113,113,126,16,16,16,42,42,42,69,79,95,95,45,45,141,141,153,167,92,102,122,154,154,184,232,232,5,60,79,110,110,210,210,229,46,46],"floor_reached":37,"playtime":2260,"items_purged":["Defend_B","Strike_B"],"score":686,"play_id":"e61b7f93-d717-4130-8a4c-941e71ac94ee","local_time":"20181103002118","is_ascension_mode":true,"campfire_choices":[{"data":"Sunder","floor":6.0,"key":"SMITH"},{"data":"Fusion","floor":8.0,"key":"SMITH"},{"data":"Hologram","floor":13.0,"key":"SMITH"},{"data":"Glacier","floor":15.0,"key":"SMITH"},{"data":"Darkness","floor":24.0,"key":"SMITH"},{"data":"Seek","floor":27.0,"key":"SMITH"},{"data":"Echo Form","floor":32.0,"key":"SMITH"}],"neow_cost":"NONE","seed_source_timestamp":2594429083174975,"circlet_count":0,"master_deck":["AscendersBane","Zap","Dualcast","Self Repair+1","Auto Shields+1","Rebound+1","Hologram+1","Glacier+1","Sunder+1","Fusion+1","Doom and Gloom","Hello World","Go for the Eyes","Seek+1","Darkness+1","Heatsinks+1","Static Discharge+1","Loop+1","Streamline+1","Defragment","FTL+1","Jack Of All Trades","Echo Form+1","Heatsinks","Fusion","Buffer","Loop+1","Discovery"],"special_seed":0,"relics":["Astrolabe","Meat on the Bone","Anchor","Bottled Tornado","Mango","Sozu","Molten Egg 2","Singing Bowl","Vajra","Tiny Chest","Happy Flower","Philosopher\u0027s Stone"],"potions_floor_usage":[],"damage_taken":[{"damage":0.0,"enemies":"Cultist","floor":1.0,"turns":3.0},{"damage":0.0,"enemies":"Small Slimes","floor":3.0,"turns":4.0},{"damage":2.0,"enemies":"Jaw Worm","floor":4.0,"turns":6.0},{"damage":13.0,"enemies":"Lagavulin","floor":7.0,"turns":7.0},{"damage":25.0,"enemies":"Gremlin Nob","floor":10.0,"turns":4.0},{"damage":3.0,"enemies":"Jaw Worm","floor":11.0,"turns":4.0},{"damage":3.0,"enemies":"Blue Slaver","floor":12.0,"turns":3.0},{"damage":25.0,"enemies":"The Guardian","floor":16.0,"turns":14.0},{"damage":16.0,"enemies":"Spheric Guardian","floor":18.0,"turns":4.0},{"damage":14.0,"enemies":"3 Byrds","floor":19.0,"turns":5.0},{"damage":21.0,"enemies":"Centurion and Healer","floor":21.0,"turns":6.0},{"damage":12.0,"enemies":"3 Cultists","floor":22.0,"turns":6.0},{"damage":20.0,"enemies":"Book of Stabbing","floor":23.0,"turns":5.0},{"damage":6.0,"enemies":"Gremlin Leader","floor":25.0,"turns":6.0},{"damage":23.0,"enemies":"Slavers","floor":29.0,"turns":4.0},{"damage":0.0,"enemies":"Snecko","floor":30.0,"turns":4.0},{"damage":10.0,"enemies":"Book of Stabbing","floor":31.0,"turns":5.0},{"damage":60.0,"enemies":"Automaton","floor":33.0,"turns":9.0},{"damage":10.0,"enemies":"Orb Walker","floor":35.0,"turns":3.0},{"damage":95,"enemies":"2 Orb Walkers","floor":37,"turns":4}],"seed_played":"7683306099027028431","potions_obtained":[{"floor":1.0,"key":"LiquidBronze"},{"floor":3.0,"key":"GamblersBrew"},{"floor":10.0,"key":"Energy Potion"},{"floor":11.0,"key":"Block Potion"}],"is_trial":false,"path_per_floor":["M","?","M","M","$","T","R","E","R","T","E","M","M","R","?","R","B",null,"M","M","?","M","M","E","R","E","T","R","$","E","M","E","R","B",null,"M","$","?"],"character_chosen":"DEFECT","items_purchased":["Sunder","Defragment","FTL+1","Jack Of All Trades","Discovery"],"campfire_rested":0,"item_purchase_floors":[4,28,28,28,36],"current_hp_per_floor":[68,68,75,75,75,75,72,72,72,71,78,85,85,85,85,70,84,78,74,74,53,63,65,65,69,69,69,69,56,66,66,66,28,74,74,74,0],"gold":46,"neow_bonus":"BOSS_RELIC","is_prod":false,"is_daily":false,"chose_seed":false,"campfire_upgraded":7,"win_rate":0,"timestamp":1541226078,"path_taken":["M","?","M","?","?","R","E","R","T","E","M","M","R","?","R","BOSS","M","M","?","M","M","E","R","E","T","R","$","E","M","E","R","BOSS","M","$","?"],"build_version":"2018-11-01","purchased_purges":2,"victory":false,"max_hp_per_floor":[75,75,75,75,75,75,75,75,75,89,89,89,89,89,89,89,89,89,89,89,89,89,89,89,89,89,89,89,89,89,89,89,89,89,89,89,89],"card_choices":[{"not_picked":["Reprogram","Steam"],"picked":"Hologram","floor":1.0},{"not_picked":["FTL","White Noise"],"picked":"Glacier","floor":3.0},{"not_picked":["Doom and Gloom","Storm"],"picked":"Fusion","floor":7.0},{"not_picked":["Self Repair","Sunder"],"picked":"Doom and Gloom","floor":10.0},{"not_picked":["Hologram","Barrage"],"picked":"Hello World","floor":11.0},{"not_picked":["Steam","Stack"],"picked":"Go for the Eyes","floor":12.0},{"not_picked":["All For One","Hyperbeam"],"picked":"Seek","floor":16.0},{"not_picked":["Stack","Steam Power"],"picked":"Darkness","floor":18.0},{"not_picked":["Stack","Chill"],"picked":"Heatsinks+1","floor":19.0},{"not_picked":["Doom and Gloom+1","Gash","Stack+1"],"picked":"SKIP","floor":21.0},{"not_picked":["Compile Driver","Melter+1"],"picked":"Static Discharge+1","floor":22.0},{"not_picked":["Coolheaded+1","Go for the Eyes"],"picked":"Loop+1","floor":23.0},{"not_picked":["Skim+1","Recycle"],"picked":"Streamline+1","floor":25.0},{"not_picked":["Beam Cell+1","Hologram"],"picked":"Echo Form","floor":29.0},{"not_picked":["Streamline+1","Hello World+1"],"picked":"Heatsinks","floor":30.0},{"not_picked":["Coolheaded+1","Cold Snap+1"],"picked":"Fusion","floor":31.0},{"not_picked":["Machine Learning","Electrodynamics"],"picked":"Buffer","floor":33.0},{"not_picked":["Conserve Battery","Rebound+1"],"picked":"Loop+1","floor":35.0}],"player_experience":537354,"relics_obtained":[{"floor":5.0,"key":"Meat on the Bone"},{"floor":7.0,"key":"Anchor"},{"floor":9.0,"key":"Bottled Tornado"},{"floor":10.0,"key":"Mango"},{"floor":23.0,"key":"Molten Egg 2"},{"floor":25.0,"key":"Singing Bowl"},{"floor":26.0,"key":"Vajra"},{"floor":29.0,"key":"Tiny Chest"},{"floor":31.0,"key":"Happy Flower"}],"event_choices":[{"cards_removed":["Defend_B"],"damage_healed":0.0,"max_hp_gain":0.0,"max_hp_loss":0.0,"gold_gain":0.0,"event_name":"Purifier","player_choice":"Purged","floor":2.0,"gold_loss":0.0,"damage_taken":0.0},{"cards_removed":["Strike_B"],"damage_healed":0.0,"max_hp_gain":0.0,"max_hp_loss":0.0,"gold_gain":0.0,"event_name":"The Cleric","player_choice":"Card Removal","floor":14.0,"gold_loss":50.0,"damage_taken":0.0},{"cards_removed":["Defend_B"],"damage_healed":0.0,"max_hp_gain":0.0,"max_hp_loss":0.0,"gold_gain":0.0,"event_name":"Beggar","player_choice":"Gave Gold","floor":20.0,"gold_loss":75.0,"damage_taken":0.0},{"damage_healed":0,"gold_gain":0,"player_choice":"Fight","damage_taken":0,"max_hp_gain":0,"max_hp_loss":0,"event_name":"Mysterious Sphere","floor":37,"gold_loss":0}],"is_beta":false,"boss_relics":[{"not_picked":["Pandora\u0027s Box","Calling Bell"],"picked":"Sozu"},{"not_picked":["Snecko Eye","Orrery"],"picked":"Philosopher\u0027s Stone"}],"items_purged_floors":[4,36],"is_endless":false,"potions_floor_spawned":[1,3,10,11,18,21,25,29,31,33],"killed_by":"2 Orb Walkers","ascension_level":10}