{"path_per_floor":["M","?","$","M","T","R","M","R","T","R","?","M","M","M","R","B",null,"M","?","M","$","?","M","M","R","T","M","R","?","?","T","R","B",null,"M","$","T","?","$","R","M","M","T","R","?","R","?","$","R"],"character_chosen":"THE_SILENT","items_purchased":["Night Terror","Infinite Blades","Matryoshka","Regen Potion"],"gold_per_floor":[117,117,46,62,115,115,127,127,127,127,127,145,155,171,171,273,273,292,242,255,146,146,162,176,176,176,187,187,187,187,239,239,339,339,351,10,10,10,10,10,23,33,84,84,0,0,49,0,0],"floor_reached":50,"campfire_rested":6,"playtime":2886,"current_hp_per_floor":[70,56,56,56,56,56,56,56,56,56,56,51,51,51,51,16,70,61,61,52,52,52,37,10,31,31,27,48,70,70,70,70,55,70,38,38,38,38,38,59,55,7,7,28,28,49,3,3,24],"items_purged":["Decay","Pain"],"gold":0,"play_id":"58493853-6ec7-458d-9fc1-143ecd5dc720","is_prod":false,"is_daily":false,"is_ascension_mode":false,"campfire_upgraded":5,"path_taken":["M","?","$","M","?","R","M","R","T","R","?","M","M","?","R","BOSS","M","?","M","$","?","M","M","R","T","M","R","?","?","?","R","BOSS","M","$","?","?","?","R","M","M","T","R","?","R","?","$","R","BOSS"],"build_version":"2018-02-01-PROD3","purchased_purges":2,"victory":false,"master_deck":["Defend_G+1","Defend_G+1","Defend_G+1","Defend_G+1","Defend_G+1","Strike_G+1","Strike_G+1","Strike_G+1","Strike_G+1","Strike_G+1","Survivor+1","Neutralize+1","Slice+1","Night Terror+1","Endless Agony+1","Adrenaline+1","Flying Knee","Choke+1","PiercingWail+1","Adrenaline+1","Finisher","Distraction+1","Infinite Blades","Heel Hook","Poisoned Stab+1","Tools of the Trade","Slice","Outmaneuver+1","Quick Slash+1","Footwork+1"],"max_hp_per_floor":[70,70,70,70,70,70,70,70,70,70,70,70,70,70,70,70,70,70,70,70,70,70,70,70,70,70,70,70,70,70,70,70,70,70,70,70,70,70,70,70,70,70,70,70,70,70,70,70,70],"relics":["Ring of the Snake","NeowsBlessing","Bag of Marbles","Du-Vu Doll","Toxic Egg 2","Calling Bell","Centennial Puzzle","Juzu Bracelet","Torii","Thread and Needle","Tough Bandages","Bronze Scales","Lizard Tail","Matryoshka","War Paint","Paper Crane","Ornamental Fan","Bag of Preparation","Red Mask","Tingsha"],"card_choices":[{"not_picked":["Dagger Throw","Backflip"],"picked":"Slice"},{"not_picked":["Finisher","Calculated Gamble"],"picked":"Endless Agony"},{"not_picked":["Slice","PiercingWail"],"picked":"Adrenaline"},{"not_picked":["Outmaneuver","Prepared"],"picked":"Flying Knee"},{"not_picked":["Backflip","Finisher"],"picked":"Choke"},{"not_picked":["Bane","Acrobatics"],"picked":"PiercingWail"},{"not_picked":["After Image","Corpse Explosion"],"picked":"Adrenaline"},{"not_picked":["Crippling Poison","Sucker Punch"],"picked":"Finisher"},{"not_picked":["Sucker Punch","Well Laid Plans"],"picked":"Distraction"},{"not_picked":["PiercingWail","Deflect"],"picked":"Heel Hook"},{"not_picked":["Dagger Throw","Outmaneuver"],"picked":"Poisoned Stab"},{"not_picked":["After Image","Night Terror"],"picked":"Tools of the Trade"},{"not_picked":["Bane","All Out Attack"],"picked":"Slice"},{"not_picked":["Deflect","Deadly Poison"],"picked":"Outmaneuver"},{"not_picked":["All Out Attack","Dagger Throw"],"picked":"Quick Slash"},{"not_picked":["Heel Hook","Prepared"],"picked":"Footwork"}],"player_experience":33250,"potions_floor_usage":[47,47,50],"damage_taken":[{"damage":0.0,"enemies":"Jaw Worm","floor":1.0,"turns":1.0},{"damage":0.0,"enemies":"2 Louse","floor":4.0,"turns":1.0},{"damage":0.0,"enemies":"Cultist","floor":7.0,"turns":1.0},{"damage":5.0,"enemies":"Exordium Thugs","floor":12.0,"turns":4.0},{"damage":0.0,"enemies":"Looter","floor":13.0,"turns":2.0},{"damage":0.0,"enemies":"2 Fungi Beasts","floor":14.0,"turns":2.0},{"damage":35.0,"enemies":"Slime Boss","floor":16.0,"turns":7.0},{"damage":9.0,"enemies":"Spheric Guardian","floor":18.0,"turns":2.0},{"damage":9.0,"enemies":"Chosen","floor":20.0,"turns":3.0},{"damage":15.0,"enemies":"Snecko","floor":23.0,"turns":5.0},{"damage":27.0,"enemies":"Centurion and Healer","floor":24.0,"turns":4.0},{"damage":4.0,"enemies":"Chosen and Byrds","floor":27.0,"turns":3.0},{"damage":15.0,"enemies":"Collector","floor":33.0,"turns":4.0},{"damage":32.0,"enemies":"3 Shapes","floor":35.0,"turns":3.0},{"damage":4.0,"enemies":"3 Darklings","floor":41.0,"turns":3.0},{"damage":48.0,"enemies":"Sphere and 2 Shapes","floor":42.0,"turns":10.0},{"damage":46,"enemies":"Mysterious Sphere","floor":47,"turns":4},{"damage":80,"enemies":"Awakened One","floor":50,"turns":11}],"event_choices":[{"event_name":"Shining Light","player_choice":"Entered Light","floor":2.0,"damage_taken":0.0},{"event_name":"Big Fish","player_choice":"Box","floor":11.0,"damage_taken":0.0},{"event_name":"The Joust","player_choice":"Bet on Owner","floor":19.0,"damage_taken":0.0},{"event_name":"Back to Basics","player_choice":"Simplicity","floor":22.0,"damage_taken":0.0},{"event_name":"The Library","player_choice":"Heal","floor":29.0,"damage_taken":0.0},{"event_name":"The Mausoleum","player_choice":"Yes","floor":30.0,"damage_taken":0.0},{"event_name":"Fountain of Cleansing","player_choice":"Removed Curse","floor":38.0,"damage_taken":0.0},{"event_name":"Tomb of Lord Red Mask","player_choice":"Paid","floor":45.0,"damage_taken":0.0},{"event_name":"Mysterious Sphere","player_choice":"Fight","floor":47,"damage_taken":0}],"boss_relics":[],"potions_floor_spawned":[7,12,16,20,27,35,42,47],"seed_played":"-8959649767691128199","killed_by":"Awakened One","ascension_level":0,"is_trial":false}