{"gold_per_floor":[113,113,129,149,124,74,74,44,44,44,57,57,68,79,79,79],"floor_reached":16,"playtime":509,"items_purged":[],"score":115,"play_id":"84eef553-926c-4722-8dfb-c5f584404e54","local_time":"20190312214342","is_ascension_mode":true,"campfire_choices":[{"floor":12,"key":"REST"},{"data":"Flex","floor":15,"key":"SMITH"}],"neow_cost":"NONE","seed_source_timestamp":48266594158930,"circlet_count":0,"master_deck":["Strike_R","Strike_R","Strike_R","Defend_R","Defend_R","Defend_R","Defend_R","Bash","Heavy Blade","Heavy Blade","Armaments","Flex+1","Heavy Blade","Power Through"],"relics":["Burning Blood","Frozen Egg 2","Turnip"],"potions_floor_usage":[16,16],"damage_taken":[{"damage":8,"enemies":"Jaw Worm","floor":1,"turns":4},{"damage":1,"enemies":"Cultist","floor":3,"turns":3},{"damage":4,"enemies":"2 Louse","floor":4,"turns":2},{"damage":1,"enemies":"Looter","floor":8,"turns":4},{"damage":31,"enemies":"Large Slime","floor":11,"turns":10},{"damage":23,"enemies":"Exordium Wildlife","floor":13,"turns":7},{"damage":21,"enemies":"Exordium Thugs","floor":14,"turns":4},{"damage":61,"enemies":"The Guardian","floor":16,"turns":11}],"seed_played":"8249808650397175059","potions_obtained":[{"floor":4,"key":"AttackPotion"},{"floor":13,"key":"Weak Potion"}],"is_trial":false,"path_per_floor":["?","M","?","?","T","?"],"character_chosen":"IRONCLAD","items_purchased":[],"campfire_rested":1,"item_purchase_floors":[],"current_hp_per_floor":[78,78,80,80,80,80,80,80,80,80,55,79,62,47,47,0],"gold":79,"neow_bonus":"TRANSFORM_CARD","is_prod":false,"is_daily":false,"chose_seed":false,"campfire_upgraded":1,"win_rate":0,"timestamp":1552423422,"path_taken":["M","?","?","M","?","?","?","M","T","?","M","R","M","M","R","BOSS"],"build_version":"2019-01-23","purchased_purges":0,"victory":false,"max_hp_per_floor":[80,80,80,80,80,80,80,80,80,80,80,80,80,80,80,80],"card_choices":[{"not_picked":["Body Slam","Twin Strike"],"picked":"Heavy Blade","floor":1},{"not_picked":["Headbutt","Corruption","Wild Strike"],"picked":"SKIP","floor":3},{"not_picked":["Body Slam","Intimidate"],"picked":"Armaments","floor":4},{"not_picked":["Evolve+1","Clothesline"],"picked":"Flex","floor":8},{"not_picked":["Evolve+1","Clash","Pommel Strike"],"picked":"SKIP","floor":11},{"not_picked":["Rage","Power Through"],"picked":"Heavy Blade","floor":13},{"not_picked":["Exhume","True Grit"],"picked":"Power Through","floor":14}],"player_experience":250021,"relics_obtained":[{"floor":7,"key":"Frozen Egg 2"},{"floor":9,"key":"Turnip"}],"event_choices":[{"damage_healed":0,"gold_gain":0,"player_choice":"Bought 0 Potions","damage_taken":0,"max_hp_gain":0,"max_hp_loss":0,"event_name":"The Woman in Blue","floor":2,"gold_loss":0},{"damage_healed":0,"gold_gain":0,"player_choice":"Left Gold","damage_taken":0,"max_hp_gain":0,"max_hp_loss":0,"event_name":"World of Goop","floor":5,"gold_loss":25},{"cards_removed":["Strike_R"],"damage_healed":0,"gold_gain":0,"player_choice":"Card Removal","damage_taken":0,"max_hp_gain":0,"max_hp_loss":0,"event_name":"The Cleric","floor":6,"gold_loss":50},{"damage_healed":0,"gold_gain":0,"player_choice":"Ignored","damage_taken":0,"max_hp_gain":0,"max_hp_loss":0,"event_name":"Liars Game","floor":10,"gold_loss":0}],"is_beta":false,"boss_relics":[],"items_purged_floors":[],"is_endless":false,"potions_floor_spawned":[4,13],"killed_by":"The Guardian","ascension_level":5}