{"gold_per_floor":[118,131,143,93,111,111,139,139,188,204,204,231,231,251,251,349,349,366,465,120,140,158,217,217,233,233,233],"floor_reached":27,"playtime":1115,"items_purged":["Strike_B"],"score":282,"play_id":"b5ea071f-fa06-44ec-bafb-71ed3d9ee9cc","local_time":"20180717172803","is_ascension_mode":true,"campfire_choices":[{"data":"Zap","floor":6,"key":"SMITH"},{"data":"Beam Cell","floor":11,"key":"SMITH"},{"data":"Go for the Eyes","floor":13,"key":"SMITH"},{"floor":15,"key":"REST"},{"floor":24,"key":"REST"}],"neow_cost":"NONE","seed_source_timestamp":233614208438869,"circlet_count":0,"master_deck":["Strike_B","Defend_B","Defend_B+1","Defend_B","Defend_B+1","Zap+1","Dualcast+1","Gash","Ball Lightning","Conserve Battery","Beam Cell+1","Go for the Eyes+1","Thunder Strike","Gash","Scrape","Electrodynamics","Capacitor+1","Aggregate+1","Beam Cell","FTL","Fusion"],"relics":["Cracked Core","Singing Bowl","Bag of Preparation","Pen Nib","Black Star","Juzu Bracelet","War Paint","Tiny Chest","Bird Faced Urn"],"potions_floor_usage":[23,23,27,27],"damage_taken":[{"damage":2,"enemies":"2 Louse","floor":1,"turns":3},{"damage":0,"enemies":"Small Slimes","floor":2,"turns":2},{"damage":0,"enemies":"Jaw Worm","floor":3,"turns":3},{"damage":7,"enemies":"2 Fungi Beasts","floor":5,"turns":3},{"damage":13,"enemies":"Lagavulin","floor":7,"turns":5},{"damage":1,"enemies":"3 Louse","floor":10,"turns":3},{"damage":11,"enemies":"Gremlin Nob","floor":12,"turns":3},{"damage":0,"enemies":"Large Slime","floor":14,"turns":2},{"damage":8,"enemies":"The Guardian","floor":16,"turns":8},{"damage":1,"enemies":"Shell Parasite","floor":18,"turns":3},{"damage":7,"enemies":"3 Byrds","floor":21,"turns":2},{"damage":37,"enemies":"Snake Plant","floor":22,"turns":4},{"damage":30,"enemies":"Slavers","floor":23,"turns":6},{"damage":9,"enemies":"Centurion and Healer","floor":25,"turns":2},{"damage":30,"enemies":"Sentry and Sphere","floor":27,"turns":3}],"seed_played":"1922471144345868361","potions_obtained":[{"floor":3,"key":"Dexterity Potion"},{"floor":7,"key":"Poison Potion"},{"floor":10,"key":"Weak Potion"},{"floor":21,"key":"LiquidBronze"},{"floor":23,"key":"EssenceOfSteel"}],"is_trial":false,"path_per_floor":["M","M","M","?","M","R","E","?","T","M","R","E","R","M","R","B",null,"M","?","$","M","M","E","R","M","T"],"character_chosen":"DEFECT","items_purchased":["Aggregate","Juzu Bracelet","Beam Cell"],"campfire_rested":2,"item_purchase_floors":[20,20,20],"current_hp_per_floor":[73,73,73,73,66,66,53,38,38,37,37,26,26,26,48,40,75,74,74,74,69,32,4,27,18,18,0],"gold":233,"neow_bonus":"TRANSFORM_CARD","is_prod":false,"is_daily":false,"chose_seed":false,"campfire_upgraded":3,"win_rate":0,"timestamp":1531870083,"path_taken":["M","M","M","?","M","R","E","?","T","M","R","E","R","M","R","BOSS","M","?","$","M","M","E","R","M","T","M"],"build_version":"2018-07-12","purchased_purges":1,"victory":false,"max_hp_per_floor":[75,75,75,75,75,75,75,75,75,75,75,75,75,75,75,75,75,75,75,75,77,77,79,79,79,79,79],"card_choices":[{"not_picked":["Stack","Turbo","Steam"],"picked":"SKIP","floor":1},{"not_picked":["Rip and Tear","Leap"],"picked":"Ball Lightning","floor":2},{"not_picked":["Redo","Steam Power"],"picked":"Conserve Battery","floor":3},{"not_picked":["Ball Lightning","Sweeping Beam"],"picked":"Beam Cell","floor":5},{"not_picked":["Barrage","Ball Lightning"],"picked":"Go for the Eyes","floor":7},{"not_picked":["Conserve Battery","Coolheaded"],"picked":"Thunder Strike","floor":10},{"not_picked":["Barrage","Coolheaded"],"picked":"Gash","floor":12},{"not_picked":["Hologram","Capacitor"],"picked":"Scrape","floor":14},{"not_picked":["Reboot","Thunder Strike"],"picked":"Electrodynamics","floor":16},{"not_picked":["BootSequence+1","Stack+1"],"picked":"Capacitor+1","floor":18},{"not_picked":["Compile Driver","Go for the Eyes","Doom and Gloom"],"picked":"Singing Bowl","floor":21},{"not_picked":["Turbo","Beam Cell"],"picked":"FTL","floor":22},{"not_picked":["Steam","BootSequence+1","Rebound"],"picked":"Singing Bowl","floor":23},{"not_picked":["Hologram","BootSequence"],"picked":"Fusion","floor":25}],"player_experience":226872,"relics_obtained":[{"floor":7,"key":"Singing Bowl"},{"floor":9,"key":"Bag of Preparation"},{"floor":12,"key":"Pen Nib"},{"floor":23,"key":"War Paint"},{"floor":23,"key":"Tiny Chest"},{"floor":26,"key":"Bird Faced Urn"}],"event_choices":[{"event_name":"The Cleric","player_choice":"Card Removal","floor":4,"damage_taken":0},{"event_name":"Shining Light","player_choice":"Entered Light","floor":8,"damage_taken":0},{"event_name":"Nest","player_choice":"Stole From Cult","floor":19,"damage_taken":0}],"boss_relics":[{"not_picked":["Coffee Dripper","Lizard Tail"],"picked":"Black Star"}],"items_purged_floors":[20],"is_endless":false,"potions_floor_spawned":[3,7,10,21,23],"killed_by":"Sentry and Sphere","ascension_level":3}