{"gold_per_floor":[115,127,140,156,156,156,168,168,168,118,133,148,44,57,57,153,153,173,186,205,216,216,216,248,248],"floor_reached":25,"playtime":1006,"items_purged":[],"score":244,"play_id":"95f16255-c3d7-4dd7-880f-3a69f0dcc0f5","local_time":"20180730000345","is_ascension_mode":false,"campfire_choices":[{"data":"Flex","floor":8,"key":"SMITH"},{"data":"Whirlwind","floor":15,"key":"SMITH"},{"data":"Berserk","floor":23,"key":"SMITH"}],"neow_cost":"NONE","seed_source_timestamp":1294208212998867,"circlet_count":0,"master_deck":["Strike_R","Strike_R","Defend_R","Defend_R","Defend_R","Defend_R","Bash","Clash","Warcry","Flex+1","Flex","Pommel Strike","Burning Pact","Whirlwind+1","Flash of Steel","Berserk+1","Warcry+1","Sentinel+1","Shrug It Off+1","Thunderclap","Ghostly","Ghostly","Ghostly","Ghostly","Ghostly","Whirlwind+1"],"relics":["Burning Blood","Regal Pillow"],"potions_floor_usage":[12,16,24],"damage_taken":[{"damage":0,"enemies":"2 Louse","floor":1,"turns":3},{"damage":0,"enemies":"Small Slimes","floor":2,"turns":3},{"damage":1,"enemies":"Cultist","floor":3,"turns":4},{"damage":9,"enemies":"Blue Slaver","floor":4,"turns":3},{"damage":7,"enemies":"3 Louse","floor":7,"turns":4},{"damage":3,"enemies":"2 Fungi Beasts","floor":11,"turns":4},{"damage":0,"enemies":"Looter","floor":12,"turns":2},{"damage":8,"enemies":"3 Louse","floor":14,"turns":2},{"damage":55,"enemies":"Slime Boss","floor":16,"turns":10},{"damage":34,"enemies":"2 Thieves","floor":18,"turns":5},{"damage":11,"enemies":"3 Byrds","floor":19,"turns":5},{"damage":29,"enemies":"Sentry and Sphere","floor":20,"turns":4},{"damage":19,"enemies":"Cultist and Chosen","floor":21,"turns":5},{"damage":5,"enemies":"Slavers","floor":24,"turns":7},{"damage":15,"enemies":"Snecko","floor":25,"turns":3}],"seed_played":"-7496294799045998458","potions_obtained":[{"floor":2,"key":"Poison Potion"},{"floor":4,"key":"SmokeBomb"},{"floor":11,"key":"Energy Potion"},{"floor":20,"key":"Poison Potion"}],"is_trial":false,"path_per_floor":["M","M","M","M","?","?","M","R","T","?","M","M","$","M","R","B",null,"M","M","M","M","?","R","E"],"character_chosen":"IRONCLAD","items_purchased":["Flash of Steel"],"campfire_rested":0,"item_purchase_floors":[13],"current_hp_per_floor":[80,80,80,77,70,70,69,69,69,69,72,78,78,76,76,27,80,52,47,24,11,11,11,12,0],"gold":248,"neow_bonus":"REMOVE_CARD","is_prod":false,"is_daily":false,"chose_seed":false,"campfire_upgraded":3,"win_rate":0,"timestamp":1532930625,"path_taken":["M","M","M","M","?","?","M","R","T","?","M","M","$","M","R","BOSS","M","M","M","M","?","R","E","M"],"build_version":"2018-07-26","purchased_purges":0,"victory":false,"max_hp_per_floor":[80,80,80,80,80,80,80,80,80,80,80,80,80,80,80,80,80,80,80,80,80,40,40,40,40],"card_choices":[{"not_picked":["Hemokinesis","Havoc"],"picked":"Clash","floor":1},{"not_picked":["Pummel","Perfected Strike"],"picked":"Warcry","floor":2},{"not_picked":["Wild Strike","Combust"],"picked":"Flex","floor":3},{"not_picked":["Combust","Wild Strike"],"picked":"Flex","floor":4},{"not_picked":["Heavy Blade","Power Through"],"picked":"Pommel Strike","floor":7},{"not_picked":["Rampage","Pommel Strike"],"picked":"Burning Pact","floor":11},{"not_picked":["Thunderclap","True Grit"],"picked":"Whirlwind","floor":12},{"not_picked":["Twin Strike","Perfected Strike","Corruption"],"picked":"SKIP","floor":14},{"not_picked":["Immolate","Exhume"],"picked":"Berserk","floor":16},{"not_picked":["Rampage+1","Wild Strike"],"picked":"Warcry+1","floor":18},{"not_picked":["Shrug It Off","Clash"],"picked":"Sentinel+1","floor":19},{"not_picked":["Havoc","Twin Strike"],"picked":"Shrug It Off+1","floor":20},{"not_picked":["Sword Boomerang","Heavy Blade+1"],"picked":"Thunderclap","floor":21},{"not_picked":["Dark Embrace","Pummel"],"picked":"Whirlwind+1","floor":24}],"player_experience":292206,"relics_obtained":[{"floor":24,"key":"Regal Pillow"}],"event_choices":[{"event_name":"Golden Wing","player_choice":"Card Removal","floor":5,"damage_taken":0},{"event_name":"Liars Game","player_choice":"disagreed","floor":6,"damage_taken":0},{"event_name":"The Cleric","player_choice":"Card Removal","floor":10,"damage_taken":0},{"event_name":"Ghosts","player_choice":"Became a Ghost","floor":22,"damage_taken":0}],"is_beta":false,"boss_relics":[{"not_picked":["Pandora\u0027s Box","Coffee Dripper","Busted Crown"]}],"items_purged_floors":[],"is_endless":false,"potions_floor_spawned":[2,4,11,20],"killed_by":"Snecko","ascension_level":0}