{"gold_per_floor":[109,127,31,31,31,31,31,72,96,135,149,149,173,186,186,312,312,328,288,288,93,109,144,144,144,144,144,163,163,178,178,178,299,299,320,22,42,42,56,97,97,97,97,111,146,146,166,49,49,49],"floor_reached":50,"playtime":2212,"items_purged":["Defend_B"],"score":664,"play_id":"f7f4401d-d415-4bd6-9524-8eb9336b3c80","local_time":"20190317173040","is_ascension_mode":true,"campfire_choices":[{"data":"Zap","floor":6,"key":"SMITH"},{"floor":12,"key":"REST"},{"floor":15,"key":"REST"},{"data":"Defragment","floor":24,"key":"SMITH"},{"data":"White Noise","floor":27,"key":"SMITH"},{"floor":29,"key":"REST"},{"data":"Creative AI","floor":32,"key":"SMITH"},{"floor":42,"key":"REST"},{"floor":46,"key":"REST"},{"floor":49,"key":"REST"}],"neow_cost":"NONE","seed_source_timestamp":232579143959427,"circlet_count":0,"master_deck":["Strike_B+1","Defend_B+1","Defend_B","Zap+1","Dualcast","Capacitor","Sweeping Beam","Leap","Glacier+1","Leap","White Noise","Blizzard+1","Self Repair","Electrodynamics","BootSequence+1","FTL+1","Buffer+1","Leap+1","Heatsinks","Defragment+1","White Noise+1","Redo","Steam+1","Capacitor","Creative AI+1","Echo Form","Defragment","Loop","Cold Snap","Ball Lightning+1","Ball Lightning","Defragment","Conserve Battery"],"relics":["Cracked Core","Golden Idol","Omamori","Bag of Preparation","Boot","Astrolabe","FaceOfCleric","Whetstone","Bottled Lightning","Strawberry","Fusion Hammer","Bronze Scales","PreservedInsect","Bottled Flame","Shuriken"],"potions_floor_usage":[10,18,22,30,33,44,50,50],"damage_taken":[{"damage":4,"enemies":"Small Slimes","floor":1,"turns":4},{"damage":1,"enemies":"Jaw Worm","floor":2,"turns":4},{"damage":11,"enemies":"Lagavulin","floor":8,"turns":13},{"damage":29,"enemies":"Gremlin Nob","floor":10,"turns":5},{"damage":0,"enemies":"Cultist","floor":11,"turns":3},{"damage":0,"enemies":"Blue Slaver","floor":13,"turns":6},{"damage":13,"enemies":"Lots of Slimes","floor":14,"turns":5},{"damage":16,"enemies":"Slime Boss","floor":16,"turns":11},{"damage":0,"enemies":"Shell Parasite","floor":18,"turns":9},{"damage":3,"enemies":"3 Byrds","floor":22,"turns":3},{"damage":18,"enemies":"Slavers","floor":23,"turns":5},{"damage":15,"enemies":"Snake Plant","floor":28,"turns":3},{"damage":13,"enemies":"Sentry and Sphere","floor":30,"turns":6},{"damage":26,"enemies":"Collector","floor":33,"turns":7},{"damage":0,"enemies":"3 Shapes","floor":35,"turns":3},{"damage":13,"enemies":"3 Darklings","floor":37,"turns":4},{"damage":0,"enemies":"Maw","floor":39,"turns":7},{"damage":4,"enemies":"Giant Head","floor":40,"turns":11},{"damage":35,"enemies":"Jaw Worm Horde","floor":44,"turns":4},{"damage":0,"enemies":"Nemesis","floor":45,"turns":6},{"damage":13,"enemies":"4 Shapes","floor":47,"turns":5},{"damage":88,"enemies":"Time Eater","floor":50,"turns":5}],"seed_played":"7641546058865446382","potions_obtained":[{"floor":1,"key":"AttackPotion"},{"floor":8,"key":"FocusPotion"},{"floor":13,"key":"Block Potion"},{"floor":14,"key":"Swift Potion"},{"floor":22,"key":"Block Potion"},{"floor":23,"key":"SkillPotion"},{"floor":39,"key":"Strength Potion"},{"floor":40,"key":"EssenceOfSteel"}],"is_trial":false,"path_per_floor":["?","?","$","M","?","$","?","M","?","?","?","M"],"character_chosen":"DEFECT","items_purchased":["Glacier","Leap","Heatsinks","Defragment","White Noise","Redo","Defragment","Bronze Scales","Defragment","Conserve Battery"],"campfire_rested":6,"item_purchase_floors":[3,3,19,21,21,21,36,36,48,48],"current_hp_per_floor":[71,70,70,69,55,55,55,44,44,15,15,35,35,22,42,33,69,69,69,69,69,70,53,53,53,53,53,39,60,55,62,62,37,81,82,82,77,77,84,81,81,85,85,51,66,87,75,75,88,0],"gold":49,"neow_bonus":"TRANSFORM_CARD","is_prod":false,"is_daily":false,"chose_seed":false,"campfire_upgraded":4,"win_rate":0,"timestamp":1552840240,"path_taken":["M","M","$","?","?","R","?","E","T","E","M","R","?","M","R","BOSS","M","$","?","?","M","E","R","?","T","R","M","R","?","?","R","BOSS","M","$","M","?","M","E","?","R","T","?","E","R","M","$","R","BOSS"],"build_version":"2019-01-23","purchased_purges":1,"victory":false,"max_hp_per_floor":[75,75,75,69,69,69,69,69,69,69,69,69,69,69,69,69,69,69,69,69,69,70,71,71,71,71,71,72,72,73,80,80,81,81,82,82,83,83,84,85,85,85,85,86,87,87,88,88,88,88],"card_choices":[{"not_picked":["Undo","Skim"],"picked":"Sweeping Beam","floor":1},{"not_picked":["Steam Power","Sunder"],"picked":"Leap","floor":2},{"not_picked":["Coolheaded","Compile Driver","Hologram"],"picked":"SKIP","floor":8},{"not_picked":["Heatsinks","Thunder Strike"],"picked":"White Noise","floor":10},{"not_picked":["Redo","Barrage"],"picked":"Blizzard","floor":11},{"not_picked":["Doom and Gloom","Compile Driver","Hologram"],"picked":"SKIP","floor":13},{"not_picked":["Lockon","Coolheaded"],"picked":"Self Repair","floor":14},{"not_picked":["Creative AI","Rainbow"],"picked":"Electrodynamics","floor":16},{"not_picked":["Compile Driver","Beam Cell"],"picked":"Leap+1","floor":18},{"not_picked":["Rebound+1","Recycle+1"],"picked":"Steam+1","floor":22},{"not_picked":["Conserve Battery","Rebound"],"picked":"Capacitor","floor":23},{"not_picked":["Aggregate","Go for the Eyes+1","Fusion"],"picked":"SKIP","floor":28},{"not_picked":["Cold Snap+1","Conserve Battery"],"picked":"Creative AI","floor":30},{"not_picked":["Buffer","Hyperbeam"],"picked":"Echo Form","floor":33},{"not_picked":["Streamline","Go for the Eyes+1","Hologram"],"picked":"SKIP","floor":35},{"not_picked":["Streamline+1","Cold Snap+1"],"picked":"Loop","floor":37},{"not_picked":["Tempest","Gash","FTL+1"],"picked":"SKIP","floor":39},{"not_picked":["Turbo","Echo Form"],"picked":"Cold Snap","floor":40},{"not_picked":["Sunder","Hologram+1","Chill"],"picked":"SKIP","floor":44},{"not_picked":["Steam","Go for the Eyes+1"],"picked":"Ball Lightning+1","floor":45},{"not_picked":["Stack","Scrape+1"],"picked":"Ball Lightning","floor":47}],"player_experience":365019,"relics_obtained":[{"floor":8,"key":"Omamori"},{"floor":9,"key":"Bag of Preparation"},{"floor":10,"key":"Boot"},{"floor":23,"key":"Whetstone"},{"floor":26,"key":"Bottled Lightning"},{"floor":40,"key":"PreservedInsect"},{"floor":43,"key":"Bottled Flame"},{"floor":45,"key":"Shuriken"}],"event_choices":[{"damage_healed":0,"gold_gain":0,"player_choice":"Lose Max HP","damage_taken":0,"relics_obtained":["Golden Idol"],"max_hp_gain":0,"max_hp_loss":6,"event_name":"Golden Idol","floor":4,"gold_loss":0},{"damage_healed":0,"gold_gain":0,"player_choice":"Entered Light","damage_taken":14,"max_hp_gain":0,"max_hp_loss":0,"event_name":"Shining Light","floor":5,"gold_loss":0,"cards_upgraded":["Glacier","Defend_B"]},{"damage_healed":0,"gold_gain":0,"player_choice":"Trade","damage_taken":0,"relics_obtained":["FaceOfCleric"],"max_hp_gain":0,"max_hp_loss":0,"event_name":"FaceTrader","floor":20,"gold_loss":0},{"damage_healed":0,"gold_gain":0,"player_choice":"0 cards matched","damage_taken":0,"max_hp_gain":0,"max_hp_loss":0,"event_name":"Match and Keep!","floor":25,"gold_loss":0,"cards_obtained":[]},{"damage_healed":0,"gold_gain":0,"player_choice":"Opened","damage_taken":0,"relics_obtained":["Strawberry"],"max_hp_gain":0,"max_hp_loss":0,"event_name":"The Mausoleum","floor":31,"gold_loss":0,"cards_obtained":["Writhe"]},{"damage_healed":0,"gold_gain":0,"player_choice":"Ignored","damage_taken":0,"max_hp_gain":0,"max_hp_loss":0,"event_name":"Mysterious Sphere","floor":38,"gold_loss":0},{"damage_healed":0,"gold_gain":0,"player_choice":"Memory 1","damage_taken":0,"max_hp_gain":0,"max_hp_loss":0,"event_name":"SensoryStone","floor":41,"gold_loss":0}],"is_beta":false,"boss_relics":[{"not_picked":["Runic Pyramid","White Beast Statue"],"picked":"Astrolabe"},{"not_picked":["Calling Bell","Eternal Feather"],"picked":"Fusion Hammer"}],"items_purged_floors":[36],"is_endless":false,"potions_floor_spawned":[1,8,13,14,22,23,39,40],"killed_by":"Time Eater","ascension_level":4}