{"gold_per_floor":[112,112,123,54,71,85,97,97,97,97,126,146,180,196,196,297,297,314,334,345,345,355,355,381,395,422,422,442,454,474,490,490,490],"floor_reached":33,"playtime":2106,"items_purged":[],"score":287,"play_id":"ce979a85-71d2-44a3-b11a-401d1c385631","local_time":"20180701124109","is_ascension_mode":false,"campfire_choices":[{"data":"Armaments","floor":8,"key":"SMITH"},{"data":"Berserk","floor":10,"key":"SMITH"},{"floor":15,"key":"REST"},{"data":"Immolate","floor":23,"key":"SMITH"},{"data":"Fiend Fire","floor":27,"key":"SMITH"},{"data":"Inflame","floor":32,"key":"SMITH"}],"neow_cost":"FIFTY_PERCENT_DAMAGE","seed_source_timestamp":416481549461868,"circlet_count":0,"master_deck":["Strike_R","Strike_R","Strike_R","Strike_R","Strike_R","Defend_R","Defend_R","Defend_R","Defend_R","Bash","Thunderclap","Armaments+1","Dropkick","Pommel Strike","Berserk+1","Infernal Blade","Anger","Dark Embrace","Infernal Blade","Fiend Fire+1","Heavy Blade","Thunderclap","Immolate+1","Shrug It Off","Thunderclap","Bloodletting","Bloodletting","Seeing Red","Necronomicurse","Flame Barrier","Armaments+1","Intimidate+1","Rage+1","Inflame+1"],"relics":["Black Blood","Champion Belt","Torii","Prayer Wheel","Red Skull","Necronomicon","Gambling Chip","Art of War"],"potions_floor_usage":[13,33,33,33],"damage_taken":[{"damage":6,"enemies":"Jaw Worm","floor":1,"turns":4},{"damage":2,"enemies":"Cultist","floor":3,"turns":5},{"damage":0,"enemies":"Small Slimes","floor":5,"turns":2},{"damage":6,"enemies":"Blue Slaver","floor":6,"turns":5},{"damage":6,"enemies":"Looter","floor":7,"turns":4},{"damage":10,"enemies":"3 Sentries","floor":11,"turns":6},{"damage":8,"enemies":"2 Fungi Beasts","floor":12,"turns":3},{"damage":18,"enemies":"Gremlin Nob","floor":13,"turns":4},{"damage":8,"enemies":"Red Slaver","floor":14,"turns":2},{"damage":35,"enemies":"The Guardian","floor":16,"turns":10},{"damage":21,"enemies":"Shell Parasite","floor":18,"turns":6},{"damage":39,"enemies":"Spheric Guardian","floor":19,"turns":6},{"damage":5,"enemies":"3 Cultists","floor":20,"turns":4},{"damage":9,"enemies":"Slaver and Parasite","floor":22,"turns":4},{"damage":2,"enemies":"Gremlin Leader","floor":24,"turns":4},{"damage":12,"enemies":"Snecko","floor":25,"turns":4},{"damage":19,"enemies":"3 Cultists","floor":28,"turns":5},{"damage":1,"enemies":"Snake Plant","floor":29,"turns":3},{"damage":0,"enemies":"Cultist and Chosen","floor":30,"turns":3},{"damage":12,"enemies":"Chosen and Byrds","floor":31,"turns":4},{"damage":65,"enemies":"Automaton","floor":33,"turns":6}],"seed_played":"8423525691154639020","potions_obtained":[{"floor":3,"key":"Fire Potion"},{"floor":6,"key":"Explosive Potion"},{"floor":7,"key":"PowerPotion"},{"floor":13,"key":"Strength Potion"},{"floor":30,"key":"BloodPotion"}],"is_trial":false,"path_per_floor":["M","?","M","$","M","M","M","R","T","R","E","M","E","M","R","B",null,"M","M","M","?","M","R","E","M","T","R","M","M","M","M","R"],"character_chosen":"IRONCLAD","items_purchased":["Dropkick"],"campfire_rested":1,"item_purchase_floors":[4],"current_hp_per_floor":[40,40,44,44,50,50,50,50,50,50,46,44,32,30,54,25,80,69,40,45,29,30,30,38,36,36,36,27,36,46,44,44,0],"gold":490,"neow_bonus":"ONE_RARE_RELIC","is_prod":false,"is_daily":false,"chose_seed":false,"campfire_upgraded":5,"win_rate":0.0,"timestamp":1530470469,"path_taken":["M","?","M","$","M","M","M","R","T","R","E","M","E","M","R","BOSS","M","M","M","?","M","R","E","M","T","R","M","?","M","M","R","BOSS"],"build_version":"2018-06-28","purchased_purges":0,"victory":false,"max_hp_per_floor":[80,80,80,80,80,80,80,80,80,80,80,80,80,80,80,80,80,80,80,80,80,80,80,80,80,80,80,80,80,80,80,80,80],"card_choices":[{"not_picked":["Heavy Blade","Armaments"],"picked":"Thunderclap","floor":1},{"not_picked":["Sever Soul","Headbutt"],"picked":"Armaments","floor":3},{"not_picked":["Blood for Blood","Sword Boomerang"],"picked":"Pommel Strike","floor":5},{"not_picked":["Wild Strike","Headbutt"],"picked":"Berserk","floor":6},{"not_picked":["Rampage","Sword Boomerang"],"picked":"Infernal Blade","floor":7},{"not_picked":["Perfected Strike","True Grit"],"picked":"Anger","floor":11},{"not_picked":["Wild Strike","Clothesline"],"picked":"Dark Embrace","floor":12},{"not_picked":["True Grit","Anger"],"picked":"Infernal Blade","floor":12},{"not_picked":["Warcry","Perfected Strike"],"picked":"Fiend Fire","floor":13},{"not_picked":["Reckless Charge","Sword Boomerang"],"picked":"Heavy Blade","floor":14},{"not_picked":["Armaments","True Grit"],"picked":"Thunderclap","floor":14},{"not_picked":["Dark Embrace","Bludgeon"],"picked":"Immolate","floor":16},{"not_picked":["Clash","Power Through"],"picked":"Shrug It Off","floor":18},{"not_picked":["Sword Boomerang","Twin Strike+1"],"picked":"Thunderclap","floor":18},{"not_picked":["Clash","Carnage"],"picked":"Bloodletting","floor":19},{"not_picked":["Second Wind","Anger+1"],"picked":"Bloodletting","floor":19},{"not_picked":["Warcry","Evolve+1"],"picked":"Seeing Red","floor":20},{"not_picked":["Juggernaut","Twin Strike","Blood for Blood"],"picked":"SKIP","floor":20},{"not_picked":["Evolve","Carnage"],"picked":"Flame Barrier","floor":22},{"not_picked":["Perfected Strike","Warcry","Body Slam"],"picked":"SKIP","floor":22},{"not_picked":["Reaper","Perfected Strike"],"picked":"Armaments+1","floor":24},{"not_picked":["Whirlwind+1","Cleave"],"picked":"Intimidate+1","floor":25},{"not_picked":["Entrench","Heavy Blade+1","Cleave+1"],"picked":"SKIP","floor":25},{"not_picked":["Reckless Charge","True Grit"],"picked":"Rage+1","floor":28},{"not_picked":["True Grit","Iron Wave+1","Dropkick+1"],"picked":"SKIP","floor":28},{"not_picked":["Disarm","Heavy Blade"],"picked":"Inflame","floor":29},{"not_picked":["Infernal Blade","Perfected Strike","Clash+1"],"picked":"SKIP","floor":29},{"not_picked":["Body Slam+1","Anger","Ghostly Armor+1"],"picked":"SKIP","floor":30},{"not_picked":["Wild Strike","Rage","Thunderclap"],"picked":"SKIP","floor":30},{"not_picked":["Fiend Fire","Wild Strike","Uppercut"],"picked":"SKIP","floor":31},{"not_picked":["Sword Boomerang","Iron Wave","Wild Strike"],"picked":"SKIP","floor":31}],"player_experience":80451,"relics_obtained":[{"floor":9,"key":"Torii"},{"floor":11,"key":"Prayer Wheel"},{"floor":13,"key":"Red Skull"},{"floor":21,"key":"Necronomicon"},{"floor":24,"key":"Gambling Chip"},{"floor":26,"key":"Art of War"}],"event_choices":[{"event_name":"The Woman in Blue","player_choice":"Bought 0 Potions","floor":2,"damage_taken":0},{"event_name":"Cursed Tome","player_choice":"Obtained Book","floor":21,"damage_taken":0}],"boss_relics":[{"not_picked":["Lizard Tail","Sozu"],"picked":"Black Blood"}],"items_purged_floors":[],"is_endless":false,"potions_floor_spawned":[3,6,7,13,14,20,24,25,30,31],"killed_by":"Automaton","ascension_level":0}