{"gold_per_floor":[16,33,108,120,134,134,134,168,168,201,222,222,256,256,256,385,385,401,401,419,334,259,259,295,295,295,295,308,7,48,67,67,67],"floor_reached":33,"playtime":1976,"items_purged":[],"score":645,"play_id":"af5ff583-8e04-466c-b65a-f8f7bfadf147","local_time":"20181209135501","is_ascension_mode":true,"campfire_choices":[{"data":"Madness","floor":6.0,"key":"SMITH"},{"floor":12.0,"key":"REST"},{"floor":15.0,"key":"REST"},{"data":"Cloak And Dagger","floor":23.0,"key":"SMITH"},{"data":"Cloak And Dagger","floor":25.0,"key":"SMITH"},{"data":"Cloak And Dagger","floor":27.0,"key":"SMITH"},{"data":"Deflect","floor":32,"key":"SMITH"}],"neow_cost":"NO_GOLD","seed_source_timestamp":693235054237,"circlet_count":0,"master_deck":["AscendersBane","Defend_G","Defend_G","Defend_G","Defend_G","Defend_G","Strike_G","Strike_G","Strike_G","Strike_G","Survivor","Neutralize","Madness+1","Madness","Escape Plan","Slice","Cloak And Dagger+1","Dash","Noxious Fumes","Noxious Fumes","Cloak And Dagger+1","Deadly Poison","After Image","Well Laid Plans","Cloak And Dagger+1","Deflect+1","Deflect+1","Crippling Poison","Terror+1"],"special_seed":0,"relics":["Ring of the Snake","Golden Idol","PreservedInsect","Letter Opener","FossilizedHelix","Question Card","Happy Flower","Coffee Dripper","Tingsha","Anchor","StoneCalendar","Snake Skull","Lantern","Torii"],"potions_floor_usage":[33,33],"damage_taken":[{"damage":0.0,"enemies":"Small Slimes","floor":1.0,"turns":5.0},{"damage":0.0,"enemies":"2 Louse","floor":2.0,"turns":3.0},{"damage":2.0,"enemies":"Jaw Worm","floor":4.0,"turns":5.0},{"damage":0.0,"enemies":"Looter","floor":5.0,"turns":4.0},{"damage":12.0,"enemies":"Gremlin Nob","floor":8.0,"turns":4.0},{"damage":10.0,"enemies":"3 Sentries","floor":10.0,"turns":7.0},{"damage":6.0,"enemies":"3 Louse","floor":11.0,"turns":4.0},{"damage":2.0,"enemies":"Lagavulin","floor":13.0,"turns":7.0},{"damage":22.0,"enemies":"Slime Boss","floor":16.0,"turns":11.0},{"damage":0.0,"enemies":"Spheric Guardian","floor":18.0,"turns":6.0},{"damage":0.0,"enemies":"Chosen","floor":20.0,"turns":6.0},{"damage":2.0,"enemies":"Slavers","floor":24.0,"turns":5.0},{"damage":0.0,"enemies":"Centurion and Healer","floor":28.0,"turns":7.0},{"damage":52,"enemies":"Gremlin Leader","floor":30,"turns":6},{"damage":0,"enemies":"Snecko","floor":31,"turns":6},{"damage":9,"enemies":"Champ","floor":33,"turns":5}],"seed_played":"5422667087799719858","potions_obtained":[{"floor":4.0,"key":"LiquidBronze"},{"floor":5.0,"key":"FearPotion"},{"floor":11.0,"key":"EssenceOfSteel"},{"floor":24.0,"key":"GamblersBrew"},{"floor":30,"key":"PowerPotion"}],"is_trial":false,"path_per_floor":["M","M","?","M","M","R","?","E","T","E","M","R","E","?","R","B",null,"M","?","M","?","?","R","E","R","T","R","M","$","E","M","R","B"],"character_chosen":"THE_SILENT","items_purchased":["Snake Skull","Lantern"],"campfire_rested":2,"item_purchase_floors":[29,29],"current_hp_per_floor":[63,63,52,50,50,50,33,21,21,11,5,26,24,17,38,16,57,57,57,57,57,57,57,55,55,55,55,55,55,3,3,3,0],"gold":67,"neow_bonus":"RANDOM_COLORLESS_2","is_prod":false,"is_daily":false,"chose_seed":false,"campfire_upgraded":5,"win_rate":0,"timestamp":1544392501,"path_taken":["M","M","?","M","M","R","?","E","T","E","M","R","E","?","R","BOSS","M","?","M","?","?","R","E","R","T","R","M","$","E","M","R","BOSS"],"build_version":"2018-12-06","purchased_purges":0,"victory":false,"max_hp_per_floor":[70,70,70,70,70,70,70,70,70,70,70,70,70,70,70,70,70,70,70,70,70,70,70,70,70,70,70,70,70,70,70,70,70],"card_choices":[{"not_picked":["Slice","Dagger Throw"],"picked":"Escape Plan","floor":1.0},{"not_picked":["Dagger Throw","Heel Hook"],"picked":"Slice","floor":2.0},{"not_picked":["Quick Slash","Blade Dance"],"picked":"Cloak And Dagger","floor":4.0},{"not_picked":["Slice","Finisher"],"picked":"Dash","floor":5.0},{"not_picked":["Bane","Distraction"],"picked":"Noxious Fumes","floor":8.0},{"not_picked":["Skewer","Dodge and Roll"],"picked":"Noxious Fumes","floor":10.0},{"not_picked":["Deflect","Slice"],"picked":"Cloak And Dagger","floor":11.0},{"not_picked":["PiercingWail","Flying Knee"],"picked":"Deadly Poison","floor":13.0},{"not_picked":["Glass Knife","Storm of Steel","Burst"],"picked":"After Image","floor":16.0},{"not_picked":["Slice","Flying Knee+1","Masterful Stab"],"picked":"Well Laid Plans","floor":18.0},{"not_picked":["Deadly Poison","Flying Knee","Deflect"],"picked":"Cloak And Dagger","floor":20.0},{"not_picked":["Dagger Throw","Dagger Spray","Bane"],"picked":"Deflect","floor":24.0},{"not_picked":["Outmaneuver+1","Choke","Dagger Spray"],"picked":"Deflect+1","floor":28.0},{"not_picked":["Distraction","Corpse Explosion","Underhanded Strike"],"picked":"Crippling Poison","floor":30},{"not_picked":["Blade Dance","Underhanded Strike","Skewer"],"picked":"Terror+1","floor":31}],"player_experience":633069,"relics_obtained":[{"floor":8.0,"key":"PreservedInsect"},{"floor":9.0,"key":"Letter Opener"},{"floor":10.0,"key":"FossilizedHelix"},{"floor":13.0,"key":"Question Card"},{"floor":24.0,"key":"Anchor"},{"floor":26.0,"key":"StoneCalendar"},{"floor":30,"key":"Torii"}],"event_choices":[{"damage_healed":0.0,"max_hp_gain":0.0,"max_hp_loss":0.0,"gold_gain":75.0,"event_name":"World of Goop","player_choice":"Gather Gold","floor":3.0,"gold_loss":0.0,"damage_taken":11.0},{"damage_healed":0.0,"max_hp_gain":0.0,"max_hp_loss":0.0,"gold_gain":0.0,"event_name":"Golden Idol","player_choice":"Take Damage","floor":7.0,"gold_loss":0.0,"damage_taken":17.0,"relics_obtained":["Golden Idol"]},{"damage_healed":0.0,"max_hp_gain":0.0,"max_hp_loss":0.0,"gold_gain":0.0,"event_name":"Scrap Ooze","player_choice":"Success","floor":14.0,"gold_loss":0.0,"damage_taken":7.0,"relics_obtained":["Happy Flower"]},{"damage_healed":0.0,"max_hp_gain":0.0,"max_hp_loss":0.0,"gold_gain":0.0,"event_name":"Ghosts","player_choice":"Ignored","floor":19.0,"gold_loss":0.0,"damage_taken":0.0},{"damage_healed":0.0,"max_hp_gain":0.0,"max_hp_loss":0.0,"gold_gain":0.0,"event_name":"Addict","player_choice":"Obtained Relic","floor":21.0,"gold_loss":85.0,"damage_taken":0.0,"relics_obtained":["Tingsha"]},{"cards_removed":["Strike_G"],"damage_healed":0.0,"max_hp_gain":0.0,"max_hp_loss":0.0,"gold_gain":0.0,"event_name":"Beggar","player_choice":"Gave Gold","floor":22.0,"gold_loss":75.0,"damage_taken":0.0}],"is_beta":false,"boss_relics":[{"not_picked":["Fusion Hammer","Tiny House"],"picked":"Coffee Dripper"}],"items_purged_floors":[],"is_endless":false,"potions_floor_spawned":[4,5,11,24,30],"killed_by":"Champ","ascension_level":12}