{"gold_per_floor":[164,174,20,20,34,69,81,104,139,166,191,203,390,422,434,541,553,582,693,705,817,842,854,892,904,916,953,965,995,1021,417,417,417],"floor_reached":33,"playtime":1795,"items_purged":["Strike_G","Defend_G"],"score":326,"play_id":"17333487-fbbc-4fe7-acb7-b3916cc7fa0a","local_time":"20190308234249","is_ascension_mode":true,"campfire_choices":[{"floor":12,"key":"REST"},{"floor":15,"key":"REST"},{"data":"Cloak And Dagger","floor":23,"key":"SMITH"},{"floor":25,"key":"REST"},{"floor":28,"key":"REST"},{"floor":32,"key":"REST"}],"neow_cost":"NONE","seed_source_timestamp":292216257090666,"circlet_count":0,"master_deck":["Defend_G","Defend_G","Defend_G","Defend_G","Strike_G","Strike_G","Strike_G","Strike_G+1","Survivor","Neutralize","Slice","Deflect","Infinite Blades+1","Dagger Spray","Masterful Stab","Deflect","Cloak And Dagger+1","Backflip","Doubt","Deflect","Unload","Shame","Clumsy","Regret","Distraction","Footwork","Neutralize","Finisher+1","Terror","Blade Dance","Cloak And Dagger+1","Swift Strike","Well Laid Plans"],"relics":["Tiny House","MawBank","Blood Vial","Calling Bell","Juzu Bracelet","Ninja Scroll","Bird Faced Urn","Smiling Mask","Bag of Preparation","Omamori","Blue Candle"],"potions_floor_usage":[18,24,27,30,30],"damage_taken":[{"damage":0,"enemies":"Cultist","floor":1,"turns":4},{"damage":2,"enemies":"Small Slimes","floor":2,"turns":3},{"damage":0,"enemies":"2 Louse","floor":5,"turns":3},{"damage":45,"enemies":"Lagavulin","floor":6,"turns":8},{"damage":9,"enemies":"Large Slime","floor":8,"turns":6},{"damage":4,"enemies":"Gremlin Gang","floor":10,"turns":5},{"damage":8,"enemies":"Red Slaver","floor":11,"turns":3},{"damage":2,"enemies":"3 Louse","floor":14,"turns":4},{"damage":42,"enemies":"Slime Boss","floor":16,"turns":17},{"damage":9,"enemies":"Chosen","floor":18,"turns":5},{"damage":13,"enemies":"Shell Parasite","floor":22,"turns":8},{"damage":62,"enemies":"Slavers","floor":24,"turns":6},{"damage":22,"enemies":"Book of Stabbing","floor":27,"turns":8},{"damage":12,"enemies":"3 Cultists","floor":29,"turns":5},{"damage":23,"enemies":"Snecko","floor":30,"turns":6},{"damage":70,"enemies":"Automaton","floor":33,"turns":6}],"seed_played":"-6890675235431107162","potions_obtained":[{"floor":0,"key":"Dexterity Potion"},{"floor":1,"key":"Dexterity Potion"},{"floor":2,"key":"Weak Potion"},{"floor":6,"key":"GamblersBrew"},{"floor":14,"key":"Explosive Potion"},{"floor":18,"key":"PowerPotion"},{"floor":27,"key":"Weak Potion"},{"floor":29,"key":"AttackPotion"}],"is_trial":false,"path_per_floor":["$","M","?","M","?","?","?","?"],"character_chosen":"THE_SILENT","items_purchased":["Infinite Blades","Blue Candle","Swift Strike","FairyPotion","EssenceOfSteel","Well Laid Plans"],"campfire_rested":5,"item_purchase_floors":[3,31,31,31,31,31],"current_hp_per_floor":[75,73,73,73,73,28,28,19,19,17,11,33,33,33,55,15,75,66,66,66,66,59,59,5,27,27,11,33,27,8,8,30,0],"gold":417,"neow_bonus":"BOSS_RELIC","is_prod":false,"is_daily":false,"chose_seed":false,"campfire_upgraded":1,"win_rate":0,"timestamp":1552084969,"path_taken":["M","M","?","$","?","E","?","?","T","M","M","R","?","M","R","BOSS","M","?","?","?","M","R","E","R","T","E","R","M","M","$","R","BOSS"],"build_version":"2019-01-23","purchased_purges":2,"victory":false,"max_hp_per_floor":[75,75,75,75,75,75,75,75,75,75,75,75,75,75,75,75,75,75,75,75,75,75,75,75,75,75,75,75,75,75,75,75,75],"card_choices":[{"not_picked":["Skewer","Acrobatics"],"picked":"Slice","floor":0},{"not_picked":["Predator","Deadly Poison","Dash"],"picked":"SKIP","floor":1},{"not_picked":["Eviscerate","Blur"],"picked":"Deflect","floor":2},{"not_picked":["Riddle With Holes","Quick Slash"],"picked":"Dagger Spray","floor":5},{"not_picked":["Sucker Punch","Catalyst"],"picked":"Masterful Stab","floor":6},{"not_picked":["Bouncing Flask","Crippling Poison"],"picked":"Deflect","floor":8},{"not_picked":["A Thousand Cuts","Masterful Stab"],"picked":"Cloak And Dagger","floor":10},{"not_picked":["Dagger Spray","Crippling Poison"],"picked":"Backflip","floor":11},{"not_picked":["Tactician","Skewer"],"picked":"Deflect","floor":14},{"not_picked":["Doppelganger","Corpse Explosion"],"picked":"Unload","floor":16},{"not_picked":["Poisoned Stab+1","Backflip"],"picked":"Distraction","floor":18},{"not_picked":["Slice","Dodge and Roll"],"picked":"Finisher+1","floor":22},{"not_picked":["Dagger Throw","Phantasmal Killer"],"picked":"Terror","floor":24},{"not_picked":["Setup","Outmaneuver","Reflex"],"picked":"SKIP","floor":27},{"not_picked":["Flying Knee","Dagger Throw"],"picked":"Blade Dance","floor":29},{"not_picked":["Flechettes","Eviscerate"],"picked":"Cloak And Dagger+1","floor":30}],"player_experience":180151,"relics_obtained":[{"floor":6,"key":"MawBank"},{"floor":9,"key":"Blood Vial"},{"floor":17,"key":"Juzu Bracelet"},{"floor":17,"key":"Ninja Scroll"},{"floor":17,"key":"Bird Faced Urn"},{"floor":24,"key":"Smiling Mask"},{"floor":26,"key":"Bag of Preparation"},{"floor":27,"key":"Omamori"}],"event_choices":[{"damage_healed":0,"gold_gain":0,"player_choice":"Upgraded","damage_taken":0,"max_hp_gain":0,"max_hp_loss":0,"event_name":"Upgrade Shrine","floor":7,"gold_loss":0,"cards_upgraded":["Infinite Blades"]},{"damage_healed":0,"gold_gain":175,"player_choice":"AGREE","damage_taken":0,"max_hp_gain":0,"max_hp_loss":0,"event_name":"Liars Game","floor":13,"gold_loss":0,"cards_obtained":["Doubt"]},{"damage_healed":0,"gold_gain":99,"player_choice":"Stole From Cult","damage_taken":0,"max_hp_gain":0,"max_hp_loss":0,"event_name":"Nest","floor":19,"gold_loss":0},{"damage_healed":0,"gold_gain":0,"player_choice":"2 cards matched","damage_taken":0,"max_hp_gain":0,"max_hp_loss":0,"event_name":"Match and Keep!","floor":20,"gold_loss":0,"cards_obtained":["Footwork","Neutralize"]},{"damage_healed":0,"gold_gain":100,"player_choice":"Pray","damage_taken":0,"max_hp_gain":0,"max_hp_loss":0,"event_name":"Golden Shrine","floor":21,"gold_loss":0}],"is_beta":false,"boss_relics":[{"not_picked":["Eternal Feather","Black Star"],"picked":"Calling Bell"}],"items_purged_floors":[3,31],"is_endless":false,"potions_floor_spawned":[1,2,6,14,18,27,29],"killed_by":"Automaton","ascension_level":1}