{"gold_per_floor":[110,120,139,156,175,175,206,226,226,241,271,271,289,289],"floor_reached":14,"playtime":1305,"items_purged":[],"score":106,"play_id":"b91150b8-fe4c-488b-9744-fd5dce5d3c5c","local_time":"20180627145837","is_ascension_mode":false,"campfire_choices":[{"data":"Storm","floor":6,"key":"SMITH"}],"neow_cost":"NONE","seed_source_timestamp":79970249513634,"circlet_count":0,"master_deck":["Strike_B","Strike_B","Strike_B","Strike_B","Defend_B","Defend_B","Defend_B","Defend_B","Zap","Dualcast","Chill","Lockon","Sweeping Beam","Force Field","Storm+1","Amplify","Doom and Gloom","White Noise","Redo","Rebound+1"],"relics":["Cracked Core","Regal Pillow","Orichalcum","Strawberry","Molten Egg 2"],"potions_floor_usage":[14,14,14],"damage_taken":[{"damage":1,"enemies":"Cultist","floor":1,"turns":3},{"damage":0,"enemies":"2 Louse","floor":2,"turns":2},{"damage":0,"enemies":"Small Slimes","floor":3,"turns":3},{"damage":10,"enemies":"Blue Slaver","floor":4,"turns":2},{"damage":9,"enemies":"2 Fungi Beasts","floor":5,"turns":3},{"damage":4,"enemies":"3 Sentries","floor":7,"turns":9},{"damage":11,"enemies":"Lots of Slimes","floor":8,"turns":7},{"damage":1,"enemies":"Large Slime","floor":10,"turns":4},{"damage":20,"enemies":"Lagavulin","floor":11,"turns":9},{"damage":9,"enemies":"Looter","floor":13,"turns":3},{"damage":35,"enemies":"Gremlin Nob","floor":14,"turns":4}],"seed_played":"-8761245284715458082","potions_obtained":[{"floor":3,"key":"Poison Potion"},{"floor":4,"key":"Swift Potion"},{"floor":10,"key":"Poison Potion"}],"is_trial":false,"path_per_floor":["M","M","M","M","M","R","E","M","T","M","E","?","M"],"character_chosen":"DEFECT","items_purchased":[],"campfire_rested":0,"item_purchase_floors":[],"current_hp_per_floor":[74,74,74,64,55,55,51,40,47,46,26,26,17,0],"gold":289,"neow_bonus":"RANDOM_COMMON_RELIC","is_prod":false,"is_daily":false,"chose_seed":false,"campfire_upgraded":1,"win_rate":0.0,"timestamp":1530133117,"path_taken":["M","?","M","M","M","R","E","M","T","?","E","?","M","E"],"build_version":"2018-06-21v2","purchased_purges":0,"victory":false,"max_hp_per_floor":[75,75,75,75,75,75,75,75,82,82,82,82,82,82],"card_choices":[{"not_picked":["Leap","Hologram"],"picked":"Chill","floor":1},{"not_picked":["Redo","FTL"],"picked":"Lockon","floor":2},{"not_picked":["Leap","Hologram"],"picked":"Sweeping Beam","floor":3},{"not_picked":["Go for the Eyes","Steam"],"picked":"Force Field","floor":4},{"not_picked":["BootSequence","Go for the Eyes"],"picked":"Storm","floor":5},{"not_picked":["Force Field","FTL"],"picked":"Amplify","floor":7},{"not_picked":["Cold Snap","Streamline"],"picked":"Doom and Gloom","floor":8},{"not_picked":["Compile Driver","Beam Cell"],"picked":"White Noise","floor":10},{"not_picked":["White Noise","Steam"],"picked":"Redo","floor":11},{"not_picked":["Coolheaded","Gash+1"],"picked":"Rebound+1","floor":13}],"player_experience":19482,"relics_obtained":[{"floor":7,"key":"Orichalcum"},{"floor":9,"key":"Strawberry"},{"floor":11,"key":"Molten Egg 2"}],"event_choices":[{"event_name":"Scrap Ooze","player_choice":"unsuccessful","floor":12,"damage_taken":0}],"boss_relics":[],"items_purged_floors":[],"is_endless":false,"potions_floor_spawned":[3,4,10],"killed_by":"Gremlin Nob","ascension_level":0}