{"gold_per_floor":[110,185,205,1,14,14,31,31,81,81,97,97,107,182,182,279,279,291,261,57,71,87,87,87,87,114,9,9,29,29,29,29,29],"floor_reached":33,"playtime":932,"items_purged":["Strike_R","Strike_R"],"score":235,"play_id":"9279843e-2ce1-4c2b-9c31-b0fac46e8b2f","local_time":"20180730150046","is_ascension_mode":false,"campfire_choices":[{"data":"Madness","floor":6,"key":"SMITH"},{"data":"Anger","floor":10,"key":"SMITH"},{"data":"Armaments","floor":12,"key":"SMITH"},{"data":"Inflame","floor":15,"key":"SMITH"},{"data":"Shrug It Off","floor":23,"key":"SMITH"},{"data":"Rampage","floor":32,"key":"SMITH"}],"neow_cost":"","seed_source_timestamp":1348085548547886,"circlet_count":0,"master_deck":["Strike_R","Strike_R","Strike_R","Defend_R","Defend_R","Defend_R","Bash","Inflame+1","Madness+1","Armaments+1","Anger+1","Clash","Rampage+1","Feed","Heavy Blade","Finesse","Shrug It Off+1","Panacea","Impervious"],"relics":["Black Blood"],"potions_floor_usage":[7,16,33,33,33],"damage_taken":[{"damage":11,"enemies":"Jaw Worm","floor":1,"turns":2},{"damage":5,"enemies":"Cultist","floor":3,"turns":4},{"damage":5,"enemies":"Small Slimes","floor":5,"turns":4},{"damage":7,"enemies":"Exordium Thugs","floor":7,"turns":4},{"damage":5,"enemies":"Looter","floor":11,"turns":3},{"damage":5,"enemies":"2 Fungi Beasts","floor":13,"turns":4},{"damage":8,"enemies":"Slime Boss","floor":16,"turns":7},{"damage":20,"enemies":"2 Thieves","floor":18,"turns":4},{"damage":14,"enemies":"Shell Parasite","floor":21,"turns":5},{"damage":30,"enemies":"Snake Plant","floor":22,"turns":4},{"damage":18,"enemies":"Slaver and Parasite","floor":29,"turns":6},{"damage":55,"enemies":"Automaton","floor":33,"turns":6}],"seed_played":"5233209410059726985","potions_obtained":[{"floor":3,"key":"AttackPotion"},{"floor":7,"key":"FearPotion"},{"floor":18,"key":"SkillPotion"},{"floor":19,"key":"Strength Potion"},{"floor":19,"key":"GamblersBrew"}],"is_trial":false,"path_per_floor":["M","?","M","$","M","R","M","?","T","R","M","R","M","?","R","B",null,"M","?","$","M","M","R","T","?","T","$","?","M","?","$","R"],"character_chosen":"IRONCLAD","items_purchased":["Madness","Armaments","Finesse","Panacea"],"campfire_rested":0,"item_purchase_floors":[4,4,20,27],"current_hp_per_floor":[75,67,68,68,69,69,68,68,68,68,69,69,70,59,59,57,80,70,70,70,66,46,46,46,46,46,46,46,41,41,41,41,0],"gold":29,"neow_bonus":"","is_prod":false,"is_daily":false,"chose_seed":false,"campfire_upgraded":6,"win_rate":0,"timestamp":1532984446,"path_taken":["M","?","?","$","M","R","M","?","T","R","M","R","M","?","R","BOSS","M","?","$","M","M","R","?","?","T","$","?","?","?","?","R","BOSS"],"build_version":"2018-07-26","purchased_purges":2,"victory":false,"max_hp_per_floor":[80,80,80,80,80,80,80,80,80,80,80,80,80,80,80,80,80,80,80,80,80,80,80,80,80,80,80,80,83,83,83,83,83],"card_choices":[{"not_picked":["Wild Strike","Flame Barrier","Clothesline"],"picked":"SKIP","floor":1},{"not_picked":["Shrug It Off","Cleave"],"picked":"Inflame","floor":3},{"not_picked":["Iron Wave","Heavy Blade"],"picked":"Anger","floor":5},{"not_picked":["Heavy Blade","Cleave"],"picked":"Clash","floor":7},{"not_picked":["Battle Trance","Hemokinesis"],"picked":"Rampage","floor":11},{"not_picked":["Sword Boomerang","Hemokinesis","Twin Strike"],"picked":"SKIP","floor":13},{"not_picked":["Fiend Fire","Immolate"],"picked":"Feed","floor":16},{"not_picked":["Sword Boomerang","Pummel"],"picked":"Heavy Blade","floor":18},{"not_picked":["Rampage","Power Through","Sentinel"],"picked":"SKIP","floor":21},{"not_picked":["Sword Boomerang","Heavy Blade"],"picked":"Shrug It Off","floor":22},{"not_picked":["Feel No Pain","True Grit+1"],"picked":"Impervious","floor":29}],"player_experience":299799,"relics_obtained":[],"event_choices":[{"event_name":"FaceTrader","player_choice":"Touch","floor":2,"damage_taken":0},{"event_name":"Golden Idol","player_choice":"Ignored","floor":8,"damage_taken":0},{"event_name":"World of Goop","player_choice":"Gather Gold","floor":14,"damage_taken":0},{"event_name":"The Woman in Blue","player_choice":"Bought 2 Potions","floor":19,"damage_taken":0},{"event_name":"Match and Keep!","player_choice":"0 cards matched","floor":25,"damage_taken":0},{"event_name":"Cursed Tome","player_choice":"Ignored","floor":28,"damage_taken":0},{"event_name":"Back to Basics","player_choice":"Elegance","floor":30,"damage_taken":0}],"is_beta":false,"boss_relics":[{"not_picked":["Runic Pyramid","Calling Bell"],"picked":"Black Blood"}],"items_purged_floors":[4,20],"is_endless":false,"potions_floor_spawned":[3,7,18],"killed_by":"Automaton","ascension_level":0}