{"gold_per_floor":[115,130,130,142,44,72,247,262,262,262,295,295,295,309,309,309],"floor_reached":16,"playtime":452,"items_purged":["Strike_R"],"score":165,"play_id":"755feec0-ae21-40d6-9669-d1a06de47bc2","local_time":"20190320172845","is_ascension_mode":true,"campfire_choices":[{"floor":10,"key":"REST"},{"data":"Flex","floor":15,"key":"SMITH"}],"neow_cost":"NONE","seed_source_timestamp":493467935364501,"circlet_count":0,"master_deck":["AscendersBane","Strike_R","Strike_R","Strike_R+1","Strike_R","Defend_R+1","Defend_R","Defend_R+1","Defend_R+1","Bash+1","Flex","Heavy Blade","Sword Boomerang","Flex+1","Immolate","Doubt","Warcry","Shrug It Off","Decay","Thunderclap"],"relics":["Burning Blood","War Paint","Dodecahedron","Pocketwatch"],"potions_floor_usage":[6,16,16,16],"damage_taken":[{"damage":10,"enemies":"Small Slimes","floor":1,"turns":4},{"damage":3,"enemies":"2 Louse","floor":2,"turns":3},{"damage":7,"enemies":"Jaw Worm","floor":4,"turns":2},{"damage":22,"enemies":"Lagavulin","floor":6,"turns":5},{"damage":20,"enemies":"Exordium Wildlife","floor":8,"turns":5},{"damage":25,"enemies":"Gremlin Nob","floor":11,"turns":4},{"damage":0,"enemies":"3 Louse","floor":14,"turns":1},{"damage":37,"enemies":"Hexaghost","floor":16,"turns":9}],"seed_played":"139526279162755249","potions_obtained":[{"floor":4,"key":"EntropicBrew"},{"floor":11,"key":"Energy Potion"}],"is_trial":false,"path_per_floor":["?","?","M","?","?"],"character_chosen":"IRONCLAD","items_purchased":["Flex"],"campfire_rested":1,"item_purchase_floors":[5],"current_hp_per_floor":[68,71,55,54,54,38,38,24,24,48,29,29,29,35,35,0],"gold":309,"neow_bonus":"UPGRADE_CARD","is_prod":false,"is_daily":false,"chose_seed":false,"campfire_upgraded":1,"win_rate":0,"timestamp":1553099325,"path_taken":["M","M","?","M","$","E","?","?","T","R","E","?","?","M","R","BOSS"],"build_version":"2019-01-23","purchased_purges":1,"victory":false,"max_hp_per_floor":[80,80,80,80,80,80,80,80,80,80,80,80,80,80,80,80],"card_choices":[{"not_picked":["Thunderclap","Sentinel"],"picked":"Flex","floor":1},{"not_picked":["Thunderclap","Searing Blow"],"picked":"Heavy Blade","floor":2},{"not_picked":["Twin Strike","Searing Blow"],"picked":"Sword Boomerang","floor":4},{"not_picked":["Flex","Bloodletting"],"picked":"Immolate","floor":6},{"not_picked":["Body Slam","Heavy Blade"],"picked":"Warcry","floor":8},{"not_picked":["Pommel Strike","Iron Wave"],"picked":"Shrug It Off","floor":11},{"not_picked":["Intimidate","Second Wind"],"picked":"Thunderclap","floor":14}],"player_experience":435200,"relics_obtained":[{"floor":6,"key":"War Paint"},{"floor":9,"key":"Dodecahedron"},{"floor":11,"key":"Pocketwatch"}],"event_choices":[{"damage_healed":0,"gold_gain":0,"player_choice":"Entered Light","damage_taken":16,"max_hp_gain":0,"max_hp_loss":0,"event_name":"Shining Light","floor":3,"gold_loss":0,"cards_upgraded":["Defend_R","Strike_R"]},{"damage_healed":0,"gold_gain":175,"player_choice":"AGREE","damage_taken":0,"max_hp_gain":0,"max_hp_loss":0,"event_name":"Liars Game","floor":7,"gold_loss":0,"cards_obtained":["Doubt"]},{"damage_healed":0,"gold_gain":0,"player_choice":"Searched \u00271\u0027 times","damage_taken":0,"max_hp_gain":0,"max_hp_loss":0,"event_name":"Dead Adventurer","floor":12,"gold_loss":0},{"damage_healed":0,"gold_gain":0,"player_choice":"Cursed","damage_taken":0,"max_hp_gain":0,"max_hp_loss":0,"event_name":"Wheel of Change","floor":13,"gold_loss":0,"cards_obtained":["Decay"]}],"is_beta":false,"boss_relics":[],"items_purged_floors":[5],"is_endless":false,"potions_floor_spawned":[4,11],"killed_by":"Hexaghost","ascension_level":10}