{"gold_per_floor":[117,135,135,55,130,130,160,160,183,201,186,196,196,196,196,296,296,313,325,14,44,44,44,44],"floor_reached":24,"playtime":624,"items_purged":[],"score":274,"play_id":"2907bed9-82f1-4bac-ab25-a5deec96cf51","local_time":"20190209155727","is_ascension_mode":true,"campfire_choices":[{"data":"Strike_R","floor":6.0,"key":"SMITH"},{"data":"Juggernaut","floor":8.0,"key":"SMITH"},{"data":"Metallicize","floor":13.0,"key":"SMITH"},{"floor":15.0,"key":"REST"},{"data":"Barricade","floor":23.0,"key":"SMITH"}],"neow_cost":"NONE","seed_source_timestamp":159973573343111,"circlet_count":0,"master_deck":["Strike_R","Strike_R","Strike_R","Strike_R","Strike_R+1","Defend_R","Defend_R","Defend_R","Defend_R","Bash+1","Metallicize+1","Juggernaut+1","Shrug It Off","Metallicize+1","Barricade+1","Writhe"],"special_seed":0,"relics":["Burning Blood","NeowsBlessing","Unceasing Top","Happy Flower","Sozu","Blood Vial","Tiny Chest"],"potions_floor_usage":[],"damage_taken":[{"damage":0.0,"enemies":"Jaw Worm","floor":1.0,"turns":1.0},{"damage":0.0,"enemies":"Cultist","floor":2.0,"turns":1.0},{"damage":0.0,"enemies":"3 Sentries","floor":7.0,"turns":2.0},{"damage":5.0,"enemies":"Small Slimes","floor":10.0,"turns":3.0},{"damage":17.0,"enemies":"Exordium Thugs","floor":11.0,"turns":4.0},{"damage":8.0,"enemies":"3 Louse","floor":12.0,"turns":3.0},{"damage":37.0,"enemies":"Hexaghost","floor":16.0,"turns":10.0},{"damage":11.0,"enemies":"Chosen","floor":18.0,"turns":5.0},{"damage":21.0,"enemies":"2 Thieves","floor":19.0,"turns":5.0},{"damage":71,"enemies":"Gremlin Leader","floor":24,"turns":3}],"seed_played":"7224880392235497889","potions_obtained":[{"floor":2.0,"key":"Fruit Juice"},{"floor":10.0,"key":"Dexterity Potion"},{"floor":12.0,"key":"Poison Potion"},{"floor":14.0,"key":"Dexterity Potion"},{"floor":14.0,"key":"Fruit Juice"}],"is_trial":false,"path_per_floor":["?","$","?","M","?","M","?","?"],"character_chosen":"IRONCLAD","items_purchased":["Metallicize","Barricade","Blood Vial"],"campfire_rested":1,"item_purchase_floors":[4,20,20],"current_hp_per_floor":[80,80,80,80,69,69,75,75,75,76,70,68,68,68,85,59,82,77,62,62,62,62,62,0],"gold":44,"neow_bonus":"THREE_ENEMY_KILL","is_prod":false,"is_daily":false,"chose_seed":false,"campfire_upgraded":4,"win_rate":0,"timestamp":1549724247,"path_taken":["M","M","?","?","?","R","E","R","T","M","?","M","R","?","R","BOSS","M","?","$","?","?","R","E"],"build_version":"2019-01-23","purchased_purges":0,"victory":false,"max_hp_per_floor":[80,80,80,80,80,80,80,80,80,80,85,85,85,85,85,90,90,90,90,90,90,90,90,90],"card_choices":[{"not_picked":["Cleave","Clash","Sever Soul"],"picked":"SKIP","floor":1.0},{"not_picked":["Sword Boomerang","Twin Strike","Intimidate"],"picked":"SKIP","floor":2.0},{"not_picked":["Twin Strike","Sever Soul"],"picked":"Juggernaut","floor":7.0},{"not_picked":["Sword Boomerang","Headbutt","Hemokinesis"],"picked":"SKIP","floor":10.0},{"not_picked":["Perfected Strike","Rage","Flex"],"picked":"SKIP","floor":11.0},{"not_picked":["Blood for Blood","Flex"],"picked":"Shrug It Off","floor":12.0},{"not_picked":["Clothesline","Cleave+1"],"picked":"Metallicize+1","floor":18.0},{"not_picked":["Clothesline","Whirlwind","Corruption"],"picked":"SKIP","floor":19.0}],"player_experience":138586,"relics_obtained":[{"floor":7.0,"key":"Unceasing Top"},{"floor":9.0,"key":"Happy Flower"}],"event_choices":[{"damage_healed":0.0,"max_hp_gain":0.0,"max_hp_loss":0.0,"gold_gain":0.0,"event_name":"Upgrade Shrine","player_choice":"Upgraded","floor":3.0,"gold_loss":0.0,"damage_taken":0.0,"cards_upgraded":["Bash"]},{"damage_healed":0.0,"max_hp_gain":0.0,"max_hp_loss":0.0,"gold_gain":75.0,"event_name":"World of Goop","player_choice":"Gather Gold","floor":5.0,"gold_loss":0.0,"damage_taken":11.0},{"damage_healed":0.0,"max_hp_gain":0.0,"max_hp_loss":0.0,"gold_gain":0.0,"event_name":"Lab","player_choice":"Got Potions","floor":14.0,"gold_loss":0.0,"damage_taken":0.0},{"damage_healed":0.0,"max_hp_gain":0.0,"max_hp_loss":0.0,"gold_gain":0.0,"event_name":"The Mausoleum","player_choice":"Opened","floor":21.0,"gold_loss":0.0,"damage_taken":0.0,"relics_obtained":["Tiny Chest"],"cards_obtained":["Writhe"]},{"damage_healed":0.0,"max_hp_gain":0.0,"max_hp_loss":0.0,"gold_gain":0.0,"event_name":"Ghosts","player_choice":"Ignored","floor":22.0,"gold_loss":0.0,"damage_taken":0.0}],"is_beta":false,"boss_relics":[{"not_picked":["Velvet Choker","Eternal Feather"],"picked":"Sozu"}],"items_purged_floors":[],"is_endless":false,"potions_floor_spawned":[2,10,12],"killed_by":"Gremlin Leader","ascension_level":5}