{"gold_per_floor":[118,118,43,8,26,26,60,135,135,148,173,193,208,218,218,317,317,300,310,23,23,23,23,23,23,23,58,69,69,102,102,102,201,201,213,213,227,239,239],"floor_reached":39,"playtime":1953,"items_purged":["Pain"],"score":614,"play_id":"1f8a1821-9ac9-4774-975d-18c4066d6122","local_time":"20180814145111","is_ascension_mode":true,"campfire_choices":[{"data":"Accuracy","floor":6,"key":"SMITH"},{"data":"Envenom","floor":15,"key":"SMITH"},{"data":"A Thousand Cuts","floor":23,"key":"SMITH"},{"floor":25,"key":"REST"},{"floor":32,"key":"REST"}],"neow_cost":"NONE","seed_source_timestamp":2642314044154557,"circlet_count":0,"master_deck":["Defend_G","Defend_G","Defend_G","Defend_G","Strike_G","Strike_G","Strike_G","Strike_G","Strike_G","Survivor","Neutralize","Injury","Infinite Blades","Accuracy+1","Sucker Punch","Infinite Blades","Backflip","Blade Dance","Crippling Poison","Dodge and Roll","Envenom+1","Blur","Cloak And Dagger","Dodge and Roll","After Image","Leg Sweep","Blade Dance+1","Blade Dance+1","A Thousand Cuts+1","Reflex","Finisher","Acrobatics","Blade Dance+1","Phantasmal Killer","Prepared","Panache"],"relics":["Calling Bell","Blood Vial","Dodecahedron","Prayer Wheel","Centennial Puzzle","Meat on the Bone","Ninja Scroll","Runic Pyramid","Lantern","Mango","Torii","Regal Pillow","Cursed Key"],"potions_floor_usage":[11,16,16,18,18,24,24,33,38],"damage_taken":[{"damage":9,"enemies":"Small Slimes","floor":1,"turns":5},{"damage":2,"enemies":"Jaw Worm","floor":5,"turns":4},{"damage":25,"enemies":"3 Sentries","floor":7,"turns":7},{"damage":0,"enemies":"2 Louse","floor":10,"turns":3},{"damage":13,"enemies":"Gremlin Nob","floor":11,"turns":4},{"damage":4,"enemies":"Blue Slaver","floor":12,"turns":4},{"damage":6,"enemies":"Exordium Wildlife","floor":13,"turns":5},{"damage":0,"enemies":"2 Fungi Beasts","floor":14,"turns":3},{"damage":24,"enemies":"The Guardian","floor":16,"turns":12},{"damage":11,"enemies":"2 Thieves","floor":18,"turns":4},{"damage":7,"enemies":"3 Byrds","floor":19,"turns":7},{"damage":29,"enemies":"Book of Stabbing","floor":24,"turns":5},{"damage":59,"enemies":"Gremlin Leader","floor":27,"turns":8},{"damage":6,"enemies":"3 Cultists","floor":28,"turns":3},{"damage":54,"enemies":"Book of Stabbing","floor":30,"turns":7},{"damage":50,"enemies":"Automaton","floor":33,"turns":10},{"damage":1,"enemies":"Orb Walker","floor":35,"turns":4},{"damage":10,"enemies":"Flame Bruiser 1 Orb","floor":37,"turns":5},{"damage":18,"enemies":"4 Shapes","floor":38,"turns":4},{"damage":68,"enemies":"Flame Bruiser 2 Orb","floor":39,"turns":3}],"seed_played":"8148779615407122217","potions_obtained":[{"floor":7,"key":"Block Potion"},{"floor":10,"key":"Swift Potion"},{"floor":11,"key":"EntropicBrew"},{"floor":16,"key":"Energy Potion"},{"floor":18,"key":"SmokeBomb"},{"floor":28,"key":"EssenceOfSteel"},{"floor":37,"key":"Explosive Potion"}],"is_trial":false,"path_per_floor":["M","?","$","?","M","R","E","?","T","M","E","M","M","M","R","B",null,"M","M","$","?","?","R","E","R","T","E","M","?","E","?","R","B",null,"M","?","M","M"],"character_chosen":"THE_SILENT","items_purchased":["A Thousand Cuts","Lantern"],"campfire_rested":2,"item_purchase_floors":[20,20],"current_hp_per_floor":[61,61,61,70,68,68,45,34,34,36,37,47,43,45,45,35,70,59,54,54,41,41,41,26,48,62,17,25,54,14,14,55,19,89,88,88,79,63,0],"gold":239,"neow_bonus":"BOSS_RELIC","is_prod":false,"is_daily":false,"chose_seed":false,"campfire_upgraded":3,"win_rate":0,"timestamp":1534279871,"path_taken":["M","?","$","?","M","R","E","?","T","M","E","M","M","M","R","BOSS","M","M","$","?","?","R","E","R","T","E","M","?","E","?","R","BOSS","M","?","M","M","M"],"build_version":"2018-08-09","purchased_purges":1,"victory":false,"max_hp_per_floor":[70,70,70,70,70,70,70,70,70,70,70,70,70,70,70,70,70,70,70,70,75,75,75,75,75,89,89,89,89,89,89,89,89,89,89,89,89,89,89],"card_choices":[{"not_picked":["Flying Knee","Prepared"],"picked":"Infinite Blades","floor":1},{"not_picked":["Backflip","PiercingWail"],"picked":"Accuracy","floor":1},{"not_picked":["Skewer","Backstab"],"picked":"Sucker Punch","floor":5},{"not_picked":["Bane","Leg Sweep"],"picked":"Infinite Blades","floor":5},{"not_picked":["Expertise","Burst","Riddle With Holes"],"picked":"SKIP","floor":7},{"not_picked":["Heel Hook","Outmaneuver"],"picked":"Backflip","floor":10},{"not_picked":["Catalyst","Infinite Blades","Blade Dance"],"picked":"SKIP","floor":10},{"not_picked":["Catalyst","Infinite Blades"],"picked":"Blade Dance","floor":10},{"not_picked":["Slice","Underhanded Strike","Dagger Throw"],"picked":"SKIP","floor":11},{"not_picked":["Deadly Poison","Flying Knee"],"picked":"Crippling Poison","floor":12},{"not_picked":["All Out Attack","Dagger Throw"],"picked":"Dodge and Roll","floor":12},{"not_picked":["Deadly Poison","All Out Attack"],"picked":"Envenom","floor":13},{"not_picked":["Calculated Gamble","Acrobatics"],"picked":"Blur","floor":13},{"not_picked":["Quick Slash","Skewer"],"picked":"Cloak And Dagger","floor":14},{"not_picked":["Dodge and Roll","Deadly Poison","Bouncing Flask"],"picked":"SKIP","floor":14},{"not_picked":["Deadly Poison","Bouncing Flask"],"picked":"Dodge and Roll","floor":14},{"not_picked":["Malaise","Corpse Explosion"],"picked":"After Image","floor":16},{"not_picked":["Dagger Spray","Concentrate"],"picked":"Leg Sweep","floor":18},{"not_picked":["Acrobatics+1","Choke"],"picked":"Blade Dance+1","floor":18},{"not_picked":["Outmaneuver","Footwork"],"picked":"Blade Dance+1","floor":19},{"not_picked":["Sucker Punch","Dagger Throw","Masterful Stab"],"picked":"SKIP","floor":19},{"not_picked":["Crippling Poison","Tactician+1"],"picked":"Finisher","floor":27},{"not_picked":["Flying Knee+1","PiercingWail+1"],"picked":"Acrobatics","floor":28},{"not_picked":["Night Terror","Noxious Fumes+1","Riddle With Holes"],"picked":"SKIP","floor":28},{"not_picked":["Cloak And Dagger","Wraith Form v2"],"picked":"Blade Dance+1","floor":30},{"not_picked":["Bullet Time","Malaise"],"picked":"Phantasmal Killer","floor":33},{"not_picked":["Bouncing Flask","Dash"],"picked":"Prepared","floor":35},{"not_picked":["Leg Sweep","Flechettes","Poisoned Stab+1"],"picked":"SKIP","floor":35},{"not_picked":["Master of Strategy","Thinking Ahead"],"picked":"Panache","floor":36},{"not_picked":["Dagger Throw","All Out Attack+1","Underhanded Strike"],"picked":"SKIP","floor":37},{"not_picked":["PiercingWail+1","Bane","Dodge and Roll"],"picked":"SKIP","floor":37},{"not_picked":["Dagger Spray+1","Sucker Punch+1","Noxious Fumes+1"],"picked":"SKIP","floor":38},{"not_picked":["Backflip","Sucker Punch+1","Masterful Stab"],"picked":"SKIP","floor":38}],"player_experience":384721,"relics_obtained":[{"floor":0,"key":"Blood Vial"},{"floor":0,"key":"Dodecahedron"},{"floor":0,"key":"Prayer Wheel"},{"floor":7,"key":"Centennial Puzzle"},{"floor":9,"key":"Meat on the Bone"},{"floor":11,"key":"Ninja Scroll"},{"floor":26,"key":"Mango"},{"floor":27,"key":"Torii"},{"floor":30,"key":"Regal Pillow"}],"event_choices":[{"event_name":"Living Wall","player_choice":"Forget","floor":2,"damage_taken":0},{"event_name":"The Cleric","player_choice":"Healed","floor":4,"damage_taken":0},{"event_name":"World of Goop","player_choice":"Gather Gold","floor":8,"damage_taken":0},{"event_name":"Forgotten Altar","player_choice":"Shed Blood","floor":21,"damage_taken":0},{"event_name":"Transmorgrifier","player_choice":"Transform","floor":22,"damage_taken":0},{"event_name":"The Library","player_choice":"Heal","floor":29,"damage_taken":0},{"event_name":"Cursed Tome","player_choice":"Ignored","floor":31,"damage_taken":0},{"event_name":"SensoryStone","player_choice":"Memory 1","floor":36,"damage_taken":0}],"is_beta":false,"boss_relics":[{"not_picked":["Tiny House","Snecko Eye"],"picked":"Runic Pyramid"},{"not_picked":["Orrery","Velvet Choker"],"picked":"Cursed Key"}],"items_purged_floors":[3],"is_endless":false,"potions_floor_spawned":[7,10,11,16,18,24,28,37],"killed_by":"Flame Bruiser 2 Orb","ascension_level":4}