{"gold_per_floor":[112,125,139,151,167,194,194,194,194,207,225,236,6,19,19,121,121,141,158,8,8,8,8,39,39,39,39,39,39,59,79,79,174,174,187,19,30,30,42,42,42],"floor_reached":41,"playtime":2037,"items_purged":["Strike_B","Strike_B"],"score":417,"play_id":"e8cd8c9a-7a8f-41fb-9bde-8e1cf1c28a22","local_time":"20180703020658","is_ascension_mode":false,"campfire_choices":[{"data":"Static Discharge","floor":7,"key":"SMITH"},{"floor":15,"key":"REST"},{"data":"Loop","floor":23,"key":"SMITH"},{"data":"Chaos","floor":27,"key":"SMITH"},{"data":"Dualcast","floor":29,"key":"SMITH"},{"floor":32,"key":"REST"},{"data":"Tempest","floor":40,"key":"SMITH"}],"neow_cost":"NONE","seed_source_timestamp":112959364782329,"circlet_count":0,"master_deck":["Strike_B","Defend_B","Defend_B","Defend_B","Defend_B","Zap","Dualcast+1","Consume","Coolheaded","Loop+1","Conserve Battery","Static Discharge+1","Fusion+1","Defragment+1","White Noise","Hologram","Loop+1","Beam Cell","Buffer+1","Tempest+1","Chaos+1","Reinforced Body","Ball Lightning","Skim","Conserve Battery+1","Buffer+1","Necronomicurse","Reboot","Self Repair+1","Thunder Strike","Aggregate+1","Defragment+1"],"relics":["Runic Dome","Frozen Egg 2","Thread and Needle","Bronze Scales","Orrery","Necronomicon","Girya","Turnip","Philosopher\u0027s Stone"],"potions_floor_usage":[24,31],"damage_taken":[{"damage":1,"enemies":"Cultist","floor":1,"turns":3},{"damage":14,"enemies":"2 Louse","floor":2,"turns":3},{"damage":0,"enemies":"Small Slimes","floor":3,"turns":4},{"damage":20,"enemies":"2 Fungi Beasts","floor":4,"turns":5},{"damage":0,"enemies":"Blue Slaver","floor":5,"turns":5},{"damage":8,"enemies":"Lagavulin","floor":6,"turns":7},{"damage":0,"enemies":"Looter","floor":10,"turns":4},{"damage":10,"enemies":"Gremlin Gang","floor":11,"turns":6},{"damage":5,"enemies":"Large Slime","floor":12,"turns":5},{"damage":2,"enemies":"3 Louse","floor":14,"turns":3},{"damage":7,"enemies":"The Guardian","floor":16,"turns":11},{"damage":10,"enemies":"Spheric Guardian","floor":18,"turns":4},{"damage":10,"enemies":"2 Thieves","floor":19,"turns":3},{"damage":16,"enemies":"Slavers","floor":24,"turns":4},{"damage":25,"enemies":"3 Cultists","floor":30,"turns":5},{"damage":0,"enemies":"Cultist and Chosen","floor":31,"turns":6},{"damage":1,"enemies":"Automaton","floor":33,"turns":13},{"damage":40,"enemies":"3 Darklings","floor":35,"turns":6},{"damage":0,"enemies":"3 Shapes","floor":37,"turns":8},{"damage":0,"enemies":"Sphere and 2 Shapes","floor":39,"turns":4},{"damage":74,"enemies":"2 Orb Walkers","floor":41,"turns":5}],"seed_played":"-9089439618151465096","potions_obtained":[{"floor":1,"key":"Strength Potion"},{"floor":3,"key":"SpeedPotion"},{"floor":6,"key":"EssenceOfSteel"},{"floor":31,"key":"Dexterity Potion"},{"floor":39,"key":"Energy Potion"}],"is_trial":false,"path_per_floor":["M","M","M","M","M","E","R","?","T","M","M","M","$","M","R","B",null,"M","M","$","?","?","R","E","$","T","R","$","R","M","M","R","B",null,"M","$","M","?","M","R"],"character_chosen":"DEFECT","items_purchased":["Bronze Scales","Loop+1","Buffer+1","Defragment+1"],"campfire_rested":2,"item_purchase_floors":[13,13,20,36],"current_hp_per_floor":[74,60,60,40,40,32,32,32,32,32,22,17,17,15,37,30,75,65,55,55,55,39,39,30,30,30,30,30,30,5,5,27,36,75,52,52,62,62,62,62,0],"gold":42,"neow_bonus":"BOSS_RELIC","is_prod":false,"is_daily":false,"chose_seed":false,"campfire_upgraded":5,"win_rate":0,"timestamp":1530605218,"path_taken":["M","M","M","M","M","E","R","?","T","M","M","M","$","M","R","BOSS","M","M","$","?","?","R","E","?","T","R","$","R","M","M","R","BOSS","M","$","?","?","M","R","E"],"build_version":"2018-06-28","purchased_purges":2,"victory":false,"max_hp_per_floor":[75,75,75,75,75,75,75,75,75,75,75,75,75,75,75,75,75,75,75,75,75,75,75,75,75,75,75,75,75,75,75,75,75,75,75,75,75,75,75,75,75],"card_choices":[{"not_picked":["Capacitor","FTL"],"picked":"Consume","floor":1},{"not_picked":["Turbo","Compile Driver"],"picked":"Coolheaded","floor":2},{"not_picked":["Redo","Darkness"],"picked":"Loop","floor":3},{"not_picked":["Chill","Ball Lightning"],"picked":"Conserve Battery","floor":4},{"not_picked":["Gash","Beam Cell"],"picked":"Static Discharge","floor":5},{"not_picked":["Ball Lightning","Sweeping Beam"],"picked":"Fusion","floor":6},{"not_picked":["Rainbow","Undo"],"picked":"Defragment+1","floor":10},{"not_picked":["Streamline","Barrage"],"picked":"White Noise","floor":11},{"not_picked":["Cold Snap","Rebound"],"picked":"Hologram","floor":12},{"not_picked":["Turbo","Barrage"],"picked":"Beam Cell","floor":14},{"not_picked":["Fission","Biased Cognition+1"],"picked":"Buffer+1","floor":16},{"not_picked":["Conserve Battery","Glacier"],"picked":"Tempest","floor":17},{"not_picked":["Static Discharge+1","Go for the Eyes"],"picked":"Chaos","floor":17},{"not_picked":["Blizzard","Compile Driver"],"picked":"Reinforced Body","floor":17},{"not_picked":["Rip and Tear","Redo"],"picked":"Ball Lightning","floor":17},{"not_picked":["Coolheaded","Streamline"],"picked":"Skim","floor":17},{"not_picked":["Barrage","Turbo"],"picked":"Conserve Battery+1","floor":18},{"not_picked":["Beam Cell","Gash","Compile Driver"],"picked":"SKIP","floor":19},{"not_picked":["Undo","Hologram","Streamline"],"picked":"SKIP","floor":24},{"not_picked":["Coolheaded","Loop+1"],"picked":"Reboot","floor":30},{"not_picked":["Stack+1","Barrage"],"picked":"Self Repair+1","floor":31},{"not_picked":["Rainbow","Reboot"],"picked":"Thunder Strike","floor":33},{"not_picked":["Coolheaded+1","Beam Cell+1"],"picked":"Aggregate+1","floor":35},{"not_picked":["Barrage+1","Lockon","Streamline"],"picked":"SKIP","floor":37},{"not_picked":["Lockon","Redo+1","Streamline+1"],"picked":"SKIP","floor":39}],"player_experience":128971,"relics_obtained":[{"floor":6,"key":"Frozen Egg 2"},{"floor":9,"key":"Thread and Needle"},{"floor":22,"key":"Necronomicon"},{"floor":24,"key":"Girya"},{"floor":26,"key":"Turnip"}],"event_choices":[{"event_name":"Accursed Blacksmith","player_choice":"Forge","floor":8,"damage_taken":0},{"event_name":"Ghosts","player_choice":"Ignored","floor":21,"damage_taken":0},{"event_name":"Cursed Tome","player_choice":"Obtained Book","floor":22,"damage_taken":0},{"event_name":"Falling","player_choice":"Removed Attack","floor":38,"damage_taken":0}],"boss_relics":[{"not_picked":["Runic Pyramid","Snecko Eye"],"picked":"Orrery"},{"not_picked":["White Beast Statue","Calling Bell"],"picked":"Philosopher\u0027s Stone"}],"items_purged_floors":[20,36],"is_endless":false,"potions_floor_spawned":[1,3,6,11,14,16,18,31,39],"killed_by":"2 Orb Walkers","ascension_level":0}