{"gold_per_floor":[18,31,49,60,80,137,137,155,155,176,191,191,191,210,210,311,311,321,332,347,372,372,398,6,6,6,6,34,34,34,45,45,148,148,164,210,230,230,240,240,240],"floor_reached":41,"playtime":1511,"items_purged":[],"score":485,"play_id":"8a82d226-de95-4045-a819-b8208ba96487","local_time":"20180912135523","is_ascension_mode":false,"campfire_choices":[{"data":"Barricade","floor":7.0,"key":"SMITH"},{"floor":12.0,"key":"REST"},{"data":"Whirlwind","floor":15.0,"key":"SMITH"},{"data":"Mind Blast","floor":27.0,"key":"SMITH"},{"data":"Flex","floor":30,"key":"SMITH"},{"data":"Hemokinesis","floor":32,"key":"SMITH"},{"data":"Bash","floor":40,"key":"SMITH"}],"neow_cost":"NO_GOLD","seed_source_timestamp":139129127187010,"circlet_count":0,"master_deck":["Defend_R","Defend_R","Bash+1","Cleave","Hemokinesis+1","Warcry","Rampage","Shrug It Off","Barricade+1","Flex+1","Armaments+1","Armaments+1","Whirlwind+1","Offering+1","Evolve+1","Infernal Blade+1","Dropkick+1","Mind Blast+1","Heavy Blade+1","Bite+1","Bite+1","Bite+1","Bite+1","Bite+1","Thunderclap+1","Pommel Strike+1","Offering+1","Headbutt+1","Armaments+1","Madness+1","Madness+1","Dual Wield+1"],"special_seed":0,"relics":["Burning Blood","Incense Burner","Tiny Chest","Toxic Egg 2","Odd Mushroom","Coffee Dripper","Red Mask","Blue Candle","Bag of Marbles","Molten Egg 2","Letter Opener","Bottled Lightning","Empty Cage","Turnip"],"potions_floor_usage":[29,41],"damage_taken":[{"damage":10.0,"enemies":"Jaw Worm","floor":1.0,"turns":4.0},{"damage":0.0,"enemies":"Small Slimes","floor":2.0,"turns":3.0},{"damage":6.0,"enemies":"Cultist","floor":3.0,"turns":3.0},{"damage":4.0,"enemies":"3 Louse","floor":4.0,"turns":3.0},{"damage":18.0,"enemies":"Looter","floor":5.0,"turns":3.0},{"damage":31.0,"enemies":"Lagavulin","floor":6.0,"turns":7.0},{"damage":14.0,"enemies":"Large Slime","floor":8.0,"turns":7.0},{"damage":16.0,"enemies":"The Mushroom Lair","floor":10.0,"turns":4.0},{"damage":13.0,"enemies":"Lots of Slimes","floor":11.0,"turns":4.0},{"damage":2.0,"enemies":"Exordium Wildlife","floor":14.0,"turns":3.0},{"damage":37.0,"enemies":"Slime Boss","floor":16.0,"turns":14.0},{"damage":6.0,"enemies":"Chosen","floor":18.0,"turns":3.0},{"damage":14.0,"enemies":"Shell Parasite","floor":19.0,"turns":4.0},{"damage":20.0,"enemies":"Snecko","floor":20.0,"turns":5.0},{"damage":0.0,"enemies":"Masked Bandits","floor":21.0,"turns":1.0},{"damage":32.0,"enemies":"Gremlin Leader","floor":23.0,"turns":7.0},{"damage":6.0,"enemies":"Slavers","floor":28.0,"turns":1.0},{"damage":6,"enemies":"Snake Plant","floor":31,"turns":1},{"damage":69,"enemies":"Champ","floor":33,"turns":12},{"damage":2,"enemies":"Orb Walker","floor":35,"turns":1},{"damage":6,"enemies":"Mysterious Sphere","floor":36,"turns":1},{"damage":19,"enemies":"3 Darklings","floor":37,"turns":3},{"damage":15,"enemies":"Maw","floor":39,"turns":5},{"damage":89,"enemies":"Nemesis","floor":41,"turns":4}],"seed_played":"5218116270923783223","potions_obtained":[{"floor":1.0,"key":"Fire Potion"},{"floor":4.0,"key":"Strength Potion"},{"floor":6.0,"key":"Energy Potion"},{"floor":19.0,"key":"Dexterity Potion"},{"floor":28,"key":"Fruit Juice"},{"floor":36,"key":"Strength Potion"},{"floor":37,"key":"Fruit Juice"}],"is_trial":false,"path_per_floor":["M","M","M","M","M","E","R","M","T","?","M","R","?","M","R","B",null,"M","M","M","?","T","E","$","?","T","R","E","$","R","M","R","B",null,"M","?","M","?","M","R"],"character_chosen":"IRONCLAD","items_purchased":["Mind Blast","Molten Egg 2","Heavy Blade+1"],"campfire_rested":1,"item_purchase_floors":[24,24,24],"current_hp_per_floor":[76,80,80,80,68,43,43,35,35,25,18,42,35,39,39,8,80,80,72,58,64,64,38,38,38,38,38,38,43,43,43,43,13,61,61,61,54,46,55,55,0],"gold":240,"neow_bonus":"ONE_RARE_RELIC","is_prod":false,"is_daily":false,"chose_seed":false,"campfire_upgraded":6,"win_rate":0,"timestamp":1536782123,"path_taken":["M","M","M","M","M","E","R","M","T","?","M","R","?","M","R","BOSS","M","M","M","?","?","E","$","?","T","R","E","?","R","M","R","BOSS","M","?","M","?","M","R","E"],"build_version":"2018-09-06","purchased_purges":0,"victory":false,"max_hp_per_floor":[80,80,80,80,80,80,80,80,80,80,80,80,80,80,80,80,80,80,80,80,80,80,80,80,56,56,56,56,61,61,61,61,61,61,61,61,61,61,61,61,66],"card_choices":[{"not_picked":["Ghostly Armor","Anger"],"picked":"Cleave","floor":1.0},{"not_picked":["Sword Boomerang","Armaments"],"picked":"Hemokinesis","floor":2.0},{"not_picked":["True Grit","Havoc"],"picked":"Warcry","floor":3.0},{"not_picked":["Juggernaut","Perfected Strike"],"picked":"Rampage","floor":4.0},{"not_picked":["Cleave","True Grit"],"picked":"Shrug It Off","floor":5.0},{"not_picked":["Evolve","Cleave"],"picked":"Barricade","floor":6.0},{"not_picked":["Fire Breathing","True Grit"],"picked":"Flex","floor":8.0},{"not_picked":["Clothesline","Warcry+1"],"picked":"Armaments+1","floor":10.0},{"not_picked":["Blood for Blood","Warcry+1"],"picked":"Armaments+1","floor":11.0},{"not_picked":["Rampage","Clash"],"picked":"Whirlwind","floor":14.0},{"not_picked":["Dark Embrace","Barricade"],"picked":"Offering+1","floor":16.0},{"not_picked":["Anger","Searing Blow","Evolve+1"],"picked":"SKIP","floor":18.0},{"not_picked":["Anger","Searing Blow"],"picked":"Evolve+1","floor":18.0},{"not_picked":["Body Slam","Clash"],"picked":"Infernal Blade+1","floor":19.0},{"not_picked":["Sword Boomerang","Perfected Strike","True Grit+1"],"picked":"SKIP","floor":20.0},{"not_picked":["Anger","Rampage"],"picked":"Dropkick+1","floor":21.0},{"not_picked":["Twin Strike","Brutality","Feel No Pain"],"picked":"SKIP","floor":23.0},{"not_picked":["Clash+1","Perfected Strike+1"],"picked":"Thunderclap+1","floor":28},{"not_picked":["Havoc+1","Clothesline+1"],"picked":"Pommel Strike+1","floor":31},{"not_picked":["Impervious+1","Immolate+1"],"picked":"Offering+1","floor":33},{"not_picked":["Body Slam+1","Twin Strike+1"],"picked":"Headbutt+1","floor":35},{"not_picked":["Havoc+1","True Grit+1"],"picked":"Armaments+1","floor":36},{"not_picked":["Blood for Blood+1","Headbutt+1","Pummel+1"],"picked":"SKIP","floor":37},{"not_picked":["Sword Boomerang+1","Perfected Strike+1"],"picked":"Dual Wield+1","floor":39}],"player_experience":479480,"relics_obtained":[{"floor":6.0,"key":"Tiny Chest"},{"floor":9.0,"key":"Toxic Egg 2"},{"floor":10.0,"key":"Odd Mushroom"},{"floor":21.0,"key":"Red Mask"},{"floor":22.0,"key":"Blue Candle"},{"floor":23.0,"key":"Bag of Marbles"},{"floor":26.0,"key":"Letter Opener"},{"floor":28,"key":"Bottled Lightning"},{"floor":36,"key":"Turnip"}],"event_choices":[{"event_name":"Mushrooms","player_choice":"Fought Mushrooms","floor":10.0,"damage_taken":0.0},{"event_name":"Golden Wing","player_choice":"Card Removal","floor":13.0,"damage_taken":0.0},{"event_name":"Masked Bandits","player_choice":"Fought Bandits","floor":21.0,"damage_taken":0.0},{"event_name":"Vampires","player_choice":"Became a vampire","floor":25.0,"damage_taken":0.0},{"event_name":"Mysterious Sphere","player_choice":"Fight","floor":36,"damage_taken":0},{"event_name":"Winding Halls","player_choice":"Embrace Madness","floor":38,"damage_taken":0}],"is_beta":false,"boss_relics":[{"not_picked":["Black Star","Orrery"],"picked":"Coffee Dripper"},{"not_picked":["Runic Pyramid","Eternal Feather"],"picked":"Empty Cage"}],"items_purged_floors":[],"is_endless":false,"potions_floor_spawned":[1,4,6,8,19,28,36,37],"killed_by":"Nemesis","ascension_level":0}