{"gold_per_floor":[114,134,134,151,151,151,171,246,246,280,380,392,392,402,402,497,497,515,515,515,440,458,458,135,135,162,162,194,212,225,32,32,32],"floor_reached":33,"playtime":1121,"items_purged":["Strike_B"],"score":288,"play_id":"2ec8de7e-a0d6-477f-8250-519bc7bd8557","local_time":"20190320142129","is_ascension_mode":false,"campfire_choices":[{"data":"Gash","floor":6,"key":"SMITH"},{"floor":13,"key":"REST"},{"floor":15,"key":"REST"},{"floor":23,"key":"REST"},{"data":"Storm","floor":25,"key":"SMITH"},{"data":"Ghostly","floor":27,"key":"SMITH"},{"data":"Ghostly","floor":32,"key":"SMITH"}],"neow_cost":"NONE","seed_source_timestamp":650956727048918,"circlet_count":0,"master_deck":["Strike_B","Strike_B","Defend_B","Defend_B","Defend_B","Zap","Dualcast","Redo","Gash+1","Steam","Self Repair","Cold Snap","Ball Lightning","Creative AI","Barrage+1","Ghostly+1","Ghostly+1","Ghostly","Ghostly","Ghostly","Tempest","Storm+1","Mayhem","Capacitor+1","Chill+1"],"relics":["Cracked Core","NeowsBlessing","Odd Mushroom","Mercury Hourglass","Peace Pipe","Velvet Choker","Ancient Tea Set","Shuriken","PrismaticShard"],"potions_floor_usage":[16],"damage_taken":[{"damage":0,"enemies":"Jaw Worm","floor":1,"turns":1},{"damage":0,"enemies":"Cultist","floor":2,"turns":1},{"damage":0,"enemies":"Small Slimes","floor":4,"turns":1},{"damage":28,"enemies":"The Mushroom Lair","floor":7,"turns":5},{"damage":16,"enemies":"3 Sentries","floor":10,"turns":6},{"damage":10,"enemies":"Looter","floor":12,"turns":3},{"damage":0,"enemies":"2 Fungi Beasts","floor":14,"turns":2},{"damage":22,"enemies":"Slime Boss","floor":16,"turns":9},{"damage":19,"enemies":"Shell Parasite","floor":18,"turns":5},{"damage":18,"enemies":"3 Byrds","floor":22,"turns":5},{"damage":2,"enemies":"Book of Stabbing","floor":28,"turns":6},{"damage":1,"enemies":"Shelled Parasite and Fungi","floor":29,"turns":6},{"damage":1,"enemies":"Snake Plant","floor":30,"turns":5},{"damage":37,"enemies":"Collector","floor":33,"turns":6}],"seed_played":"3594235234363076171","potions_obtained":[{"floor":1,"key":"Swift Potion"},{"floor":10,"key":"Swift Potion"},{"floor":12,"key":"Block Potion"},{"floor":18,"key":"EssenceOfSteel"}],"is_trial":false,"path_per_floor":["M","M","?","M","?","R","?","?","T","E","?","M","R","M","R","B",null,"M","?","?","?","M","R","$","R","T","R","E","M","M","$","R","B"],"character_chosen":"DEFECT","items_purchased":["Storm","Mayhem","PrismaticShard"],"campfire_rested":3,"item_purchase_floors":[24,24,31],"current_hp_per_floor":[75,75,75,75,68,68,40,29,29,13,13,3,25,25,47,32,75,63,37,37,37,26,37,37,37,37,37,35,37,37,37,37,0],"gold":32,"neow_bonus":"THREE_ENEMY_KILL","is_prod":false,"is_daily":false,"chose_seed":false,"campfire_upgraded":4,"win_rate":0.0,"timestamp":1553106089,"path_taken":["M","M","?","?","?","R","?","?","T","E","?","?","R","M","R","BOSS","M","?","?","?","M","R","?","R","T","R","E","M","M","$","R","BOSS"],"build_version":"2019-01-23","purchased_purges":1,"victory":false,"max_hp_per_floor":[75,75,75,75,75,75,75,75,75,75,75,75,75,75,75,75,75,75,37,37,37,37,37,37,37,37,37,37,37,37,37,37,37],"card_choices":[{"not_picked":["Darkness","Barrage"],"picked":"Redo","floor":1},{"not_picked":["FTL","Reprogram"],"picked":"White Noise","floor":2},{"not_picked":["Doom and Gloom","Coolheaded"],"picked":"Gash","floor":4},{"not_picked":["Consume","Conserve Battery"],"picked":"Steam","floor":7},{"not_picked":["Fission","Beam Cell"],"picked":"Self Repair","floor":10},{"not_picked":["Doom and Gloom","Go for the Eyes"],"picked":"Cold Snap","floor":12},{"not_picked":["Barrage","Heatsinks"],"picked":"Ball Lightning","floor":14},{"not_picked":["Buffer","Multi-Cast"],"picked":"Creative AI","floor":16},{"not_picked":["Coolheaded","Hologram"],"picked":"Barrage+1","floor":18},{"not_picked":["Barrage","Ball Lightning"],"picked":"Tempest","floor":22},{"not_picked":["Hello World","Gash"],"picked":"Capacitor+1","floor":28},{"not_picked":["Melter+1","Steam"],"picked":"Chill+1","floor":29},{"not_picked":["Redo","Ball Lightning","Leap"],"picked":"SKIP","floor":30}],"player_experience":6201,"relics_obtained":[{"floor":7,"key":"Odd Mushroom"},{"floor":9,"key":"Mercury Hourglass"},{"floor":10,"key":"Peace Pipe"},{"floor":26,"key":"Ancient Tea Set"},{"floor":28,"key":"Shuriken"}],"event_choices":[{"cards_removed":["White Noise"],"damage_healed":0,"gold_gain":0,"player_choice":"Offered Uncommon","damage_taken":0,"max_hp_gain":0,"max_hp_loss":0,"event_name":"Bonfire Elementals","floor":3,"gold_loss":0},{"cards_removed":["Defend_B"],"damage_healed":0,"gold_gain":0,"player_choice":"Card Removal","damage_taken":7,"max_hp_gain":0,"max_hp_loss":0,"event_name":"Golden Wing","floor":5,"gold_loss":0},{"damage_healed":0,"gold_gain":0,"player_choice":"Fought Mushrooms","damage_taken":0,"max_hp_gain":0,"max_hp_loss":0,"event_name":"Mushrooms","floor":7,"gold_loss":0},{"damage_healed":0,"gold_gain":75,"player_choice":"Gather Gold","damage_taken":11,"max_hp_gain":0,"max_hp_loss":0,"event_name":"World of Goop","floor":8,"gold_loss":0},{"damage_healed":0,"gold_gain":100,"player_choice":"Pray","damage_taken":0,"max_hp_gain":0,"max_hp_loss":0,"event_name":"Golden Shrine","floor":11,"gold_loss":0},{"damage_healed":0,"gold_gain":0,"player_choice":"Became a Ghost","damage_taken":0,"max_hp_gain":0,"max_hp_loss":38,"event_name":"Ghosts","floor":19,"gold_loss":0,"cards_obtained":["Ghostly","Ghostly","Ghostly","Ghostly","Ghostly"]},{"damage_healed":0,"gold_gain":0,"player_choice":"Ignored","damage_taken":0,"max_hp_gain":0,"max_hp_loss":0,"event_name":"Vampires","floor":20,"gold_loss":0},{"cards_removed":["Strike_B"],"damage_healed":0,"gold_gain":0,"player_choice":"Gave Gold","damage_taken":0,"max_hp_gain":0,"max_hp_loss":0,"event_name":"Beggar","floor":21,"gold_loss":75}],"is_beta":false,"boss_relics":[{"not_picked":["Sozu","Fusion Hammer"],"picked":"Velvet Choker"}],"items_purged_floors":[24],"is_endless":false,"potions_floor_spawned":[1,10,12,14,18],"killed_by":"Collector","ascension_level":0}