{"gold_per_floor":[114,114,127,147,247,247,261,287,311,311,344,223,233,250,250,250],"floor_reached":16,"playtime":514,"items_purged":["Strike_R"],"score":168,"play_id":"a189faf3-db42-48de-aed7-f65a0867192e","local_time":"20190320172049","is_ascension_mode":true,"campfire_choices":[{"data":"Flex","floor":6,"key":"SMITH"},{"data":"Spot Weakness","floor":10,"key":"SMITH"},{"data":"Armaments","floor":15,"key":"SMITH"}],"neow_cost":"NONE","seed_source_timestamp":492928605738128,"circlet_count":0,"master_deck":["AscendersBane","Strike_R","Strike_R","Strike_R","Defend_R","Defend_R","Defend_R","Defend_R","Bash","Flex+1","Intimidate","Shrug It Off","Clash","Spot Weakness+1","Inflame","Carnage","Armaments+1","Shrug It Off","Ghostly Armor"],"relics":["Burning Blood","NeowsBlessing","Art of War","Dream Catcher","Blood Vial"],"potions_floor_usage":[11,16,16],"damage_taken":[{"damage":0,"enemies":"2 Louse","floor":1,"turns":1},{"damage":0,"enemies":"Cultist","floor":3,"turns":1},{"damage":0,"enemies":"Jaw Worm","floor":4,"turns":1},{"damage":4,"enemies":"Looter","floor":7,"turns":4},{"damage":22,"enemies":"3 Sentries","floor":8,"turns":10},{"damage":45,"enemies":"Gremlin Nob","floor":11,"turns":5},{"damage":7,"enemies":"Exordium Wildlife","floor":13,"turns":4},{"damage":7,"enemies":"3 Louse","floor":14,"turns":3},{"damage":31,"enemies":"Hexaghost","floor":16,"turns":9}],"seed_played":"-1737168522168773302","potions_obtained":[{"floor":3,"key":"Energy Potion"},{"floor":7,"key":"Dexterity Potion"},{"floor":13,"key":"EssenceOfSteel"},{"floor":14,"key":"Strength Potion"}],"is_trial":false,"path_per_floor":["?","M","?"],"character_chosen":"IRONCLAD","items_purchased":["Armaments"],"campfire_rested":0,"item_purchase_floors":[12],"current_hp_per_floor":[78,78,80,80,80,80,80,64,64,64,25,25,26,27,27,0],"gold":250,"neow_bonus":"THREE_ENEMY_KILL","is_prod":false,"is_daily":false,"chose_seed":false,"campfire_upgraded":3,"win_rate":0,"timestamp":1553098849,"path_taken":["M","?","?","M","?","R","M","E","T","R","E","$","M","M","R","BOSS"],"build_version":"2019-01-23","purchased_purges":1,"victory":false,"max_hp_per_floor":[80,80,80,80,80,80,80,80,80,80,80,80,80,80,80,80],"card_choices":[{"not_picked":["Perfected Strike","Cleave"],"picked":"Flex","floor":1},{"not_picked":["Warcry","Metallicize"],"picked":"Shrug It Off","floor":3},{"not_picked":["Perfected Strike","Brutality"],"picked":"Clash","floor":4},{"not_picked":["Anger","Ghostly Armor"],"picked":"Spot Weakness","floor":7},{"not_picked":["Double Tap","Heavy Blade"],"picked":"Inflame","floor":8},{"not_picked":["Intimidate","Hemokinesis"],"picked":"Carnage","floor":11},{"not_picked":["Evolve","Flex"],"picked":"Shrug It Off","floor":13},{"not_picked":["Twin Strike","Entrench"],"picked":"Ghostly Armor","floor":14}],"player_experience":434686,"relics_obtained":[{"floor":8,"key":"Art of War"},{"floor":9,"key":"Dream Catcher"},{"floor":11,"key":"Blood Vial"}],"event_choices":[{"damage_healed":0,"gold_gain":0,"cards_transformed":["Strike_R"],"player_choice":"Transformed","damage_taken":0,"max_hp_gain":0,"max_hp_loss":0,"event_name":"Transmorgrifier","floor":2,"gold_loss":0,"cards_obtained":["Intimidate"]},{"damage_healed":0,"gold_gain":100,"player_choice":"Pray","damage_taken":0,"max_hp_gain":0,"max_hp_loss":0,"event_name":"Golden Shrine","floor":5,"gold_loss":0}],"is_beta":false,"boss_relics":[],"items_purged_floors":[12],"is_endless":false,"potions_floor_spawned":[3,7,13,14],"killed_by":"Hexaghost","ascension_level":10}