{"gold_per_floor":[111,186,198,6,56,83,83,109,136,168,168,180,200,218,218,295,295,309,309,309,321,150,150,185,185,185,203,203,216,141,152,152,224,224,234,234,234,247,19,19],"floor_reached":40,"playtime":2060,"items_purged":["Decay"],"score":742,"play_id":"27bec32a-2bfd-4f17-81a9-8b5e08146b3c","local_time":"20190307135108","is_ascension_mode":true,"campfire_choices":[{"floor":7.0,"key":"REST"},{"data":"Darkness","floor":11.0,"key":"SMITH"},{"data":"Hologram","floor":15.0,"key":"SMITH"},{"floor":23.0,"key":"REST"},{"floor":28.0,"key":"REST"},{"floor":32.0,"key":"REST"}],"neow_cost":"NONE","seed_source_timestamp":1300080334923152,"circlet_count":0,"master_deck":["AscendersBane","Zap","Dualcast","Rip and Tear+1","Darkness+1","Hello World","Biased Cognition","Leap","Multi-Cast","Reboot","Steam","Capacitor","Leap","FTL","Glacier","Hologram+1","Buffer","Core Surge","Glacier","Coolheaded","Apotheosis","Loop","White Noise","Hologram","Self Repair","Machine Learning","Hologram+1","Madness","Madness","Defragment"],"special_seed":0,"relics":["Pandora\u0027s Box","Chemical X","Dream Catcher","Anchor","Whetstone","Bottled Flame","Nuclear Battery","Juzu Bracelet","Darkstone Periapt","Eternal Feather","Blood Vial"],"potions_floor_usage":[],"damage_taken":[{"damage":7.0,"enemies":"2 Louse","floor":1.0,"turns":3.0},{"damage":0.0,"enemies":"Jaw Worm","floor":3.0,"turns":2.0},{"damage":7.0,"enemies":"Lagavulin","floor":6.0,"turns":5.0},{"damage":8.0,"enemies":"Gremlin Nob","floor":8.0,"turns":3.0},{"damage":11.0,"enemies":"Lagavulin","floor":10.0,"turns":5.0},{"damage":0.0,"enemies":"Cultist","floor":12.0,"turns":3.0},{"damage":0.0,"enemies":"3 Louse","floor":13.0,"turns":3.0},{"damage":0.0,"enemies":"Large Slime","floor":14.0,"turns":2.0},{"damage":7.0,"enemies":"Hexaghost","floor":16.0,"turns":7.0},{"damage":23.0,"enemies":"2 Thieves","floor":18.0,"turns":3.0},{"damage":0.0,"enemies":"3 Byrds","floor":21.0,"turns":5.0},{"damage":15.0,"enemies":"Slavers","floor":24.0,"turns":10.0},{"damage":25.0,"enemies":"Cultist and Chosen","floor":27.0,"turns":7.0},{"damage":10.0,"enemies":"Shelled Parasite and Fungi","floor":29.0,"turns":5.0},{"damage":6.0,"enemies":"Chosen and Byrds","floor":31.0,"turns":6.0},{"damage":21,"enemies":"Champ","floor":33,"turns":7},{"damage":3,"enemies":"Orb Walker","floor":35,"turns":6},{"damage":23,"enemies":"3 Darklings","floor":38,"turns":5},{"damage":31,"enemies":"Nemesis","floor":40,"turns":2}],"seed_played":"-8009249928965236766","potions_obtained":[{"floor":3.0,"key":"GamblersBrew"},{"floor":8.0,"key":"SteroidPotion"},{"floor":10.0,"key":"EssenceOfSteel"},{"floor":14.0,"key":"EssenceOfSteel"},{"floor":27.0,"key":"Swift Potion"},{"floor":33,"key":"Strength Potion"}],"is_trial":false,"path_per_floor":["M","?","M","$","?","E","R","E","T","E","R","M","M","M","R","B",null,"M","?","?","M","$","R","E","?","T","M","R","M","$","M","R","B",null,"M","?","?","M","$","E"],"character_chosen":"DEFECT","items_purchased":["Chemical X","Apotheosis","Blood Vial","Defragment"],"campfire_rested":4,"item_purchase_floors":[4,22,39,39],"current_hp_per_floor":[57,46,46,46,46,39,60,52,52,41,41,41,41,41,41,34,62,39,39,39,39,39,60,45,45,45,20,41,31,31,25,46,25,60,64,51,51,28,28,0],"gold":19,"neow_bonus":"BOSS_RELIC","is_prod":false,"is_daily":false,"chose_seed":false,"campfire_upgraded":2,"win_rate":0,"timestamp":1551991868,"path_taken":["M","?","M","$","?","E","R","E","T","E","R","M","M","M","R","BOSS","M","?","?","M","$","R","E","?","T","M","R","M","$","M","R","BOSS","M","?","?","M","$","E"],"build_version":"2019-01-23","purchased_purges":1,"victory":false,"max_hp_per_floor":[71,71,71,71,71,71,71,71,71,71,71,71,71,71,71,71,71,71,71,71,71,71,71,71,71,71,71,71,71,71,71,71,71,71,71,71,71,71,71,71],"card_choices":[{"not_picked":["Streamline","Melter"],"picked":"Steam","floor":1.0},{"not_picked":["Stack","Barrage"],"picked":"Capacitor","floor":3.0},{"not_picked":["Redo","Turbo","Storm"],"picked":"SKIP","floor":6.0},{"not_picked":["Turbo","Sweeping Beam"],"picked":"Leap","floor":8.0},{"not_picked":["Gash","All For One"],"picked":"FTL","floor":10.0},{"not_picked":["Cold Snap","Coolheaded"],"picked":"Glacier","floor":12.0},{"not_picked":["Gash","Ball Lightning"],"picked":"Hologram","floor":13.0},{"not_picked":["Go for the Eyes","Consume"],"picked":"Buffer","floor":14.0},{"not_picked":["Machine Learning","All For One"],"picked":"Core Surge","floor":16.0},{"not_picked":["Go for the Eyes+1","Aggregate"],"picked":"Glacier","floor":18.0},{"not_picked":["Streamline","Coolheaded","Compile Driver"],"picked":"SKIP","floor":21.0},{"not_picked":["Streamline","Compile Driver"],"picked":"Coolheaded","floor":21.0},{"not_picked":["Chaos","Cold Snap"],"picked":"Loop","floor":23.0},{"not_picked":["FTL","Cold Snap"],"picked":"White Noise","floor":24.0},{"not_picked":["Buffer","Hello World"],"picked":"Hologram","floor":27.0},{"not_picked":["Streamline","Reprogram+1","BootSequence"],"picked":"SKIP","floor":29.0},{"not_picked":["Coolheaded","Redo"],"picked":"Self Repair","floor":31.0},{"not_picked":["Amplify","All For One"],"picked":"Machine Learning","floor":33},{"not_picked":["Ball Lightning+1","Chill"],"picked":"Hologram+1","floor":35},{"not_picked":["Recycle","Hologram","Stack+1"],"picked":"SKIP","floor":38}],"player_experience":759953,"relics_obtained":[{"floor":6.0,"key":"Dream Catcher"},{"floor":8.0,"key":"Anchor"},{"floor":9.0,"key":"Whetstone"},{"floor":10.0,"key":"Bottled Flame"},{"floor":24.0,"key":"Juzu Bracelet"},{"floor":26.0,"key":"Darkstone Periapt"}],"event_choices":[{"damage_healed":0.0,"max_hp_gain":0.0,"max_hp_loss":0.0,"gold_gain":75.0,"event_name":"World of Goop","player_choice":"Gather Gold","floor":2.0,"gold_loss":0.0,"damage_taken":11.0},{"damage_healed":0.0,"max_hp_gain":0.0,"max_hp_loss":0.0,"gold_gain":50.0,"event_name":"Golden Shrine","player_choice":"Pray","floor":5.0,"gold_loss":0.0,"damage_taken":0.0},{"cards_removed":["Hello World"],"damage_healed":0.0,"max_hp_gain":0.0,"max_hp_loss":0.0,"gold_gain":0.0,"event_name":"Back to Basics","player_choice":"Elegance","floor":19.0,"gold_loss":0.0,"damage_taken":0.0},{"damage_healed":0.0,"max_hp_gain":0.0,"max_hp_loss":0.0,"gold_gain":0.0,"event_name":"Vampires","player_choice":"Ignored","floor":20.0,"gold_loss":0.0,"damage_taken":0.0},{"damage_healed":0.0,"max_hp_gain":0.0,"max_hp_loss":0.0,"gold_gain":0.0,"event_name":"Forgotten Altar","player_choice":"Smashed Altar","floor":25.0,"gold_loss":0.0,"damage_taken":0.0,"cards_obtained":["Decay"]},{"damage_healed":0,"gold_gain":0,"player_choice":"Embrace Madness","damage_taken":13,"max_hp_gain":0,"max_hp_loss":0,"event_name":"Winding Halls","floor":36,"gold_loss":0,"cards_obtained":["Madness","Madness"]},{"damage_healed":0,"gold_gain":0,"player_choice":"Ignored","damage_taken":0,"max_hp_gain":0,"max_hp_loss":0,"event_name":"SecretPortal","floor":37,"gold_loss":0}],"is_beta":false,"boss_relics":[{"not_picked":["Inserter","Cursed Key"],"picked":"Nuclear Battery"},{"not_picked":["White Beast Statue","Coffee Dripper"],"picked":"Eternal Feather"}],"items_purged_floors":[30],"is_endless":false,"potions_floor_spawned":[3,8,10,14,16,27,33],"killed_by":"Nemesis","ascension_level":15}