{"path_per_floor":["M","?","M","$","?","E","?","R","T","$","M","?","R","M","R","B",null,"M","$","?","?","M","R","M","R","T","R","T","M","$","?","R","B",null,"M","?","M","$","?","R","E","?","T","R","?","E","M","M","R","B"],"character_chosen":"DEFECT","items_purchased":["Storm","Capacitor","Conserve Battery","Defragment"],"gold_per_floor":[117,117,137,69,69,101,101,101,177,128,144,144,144,164,164,265,265,284,140,140,140,153,153,163,163,187,187,241,258,90,0,0,101,101,121,121,135,10,10,10,45,45,94,94,94,119,134,146,146,146],"floor_reached":51,"campfire_rested":4,"playtime":2009,"current_hp_per_floor":[75,68,68,68,74,74,74,74,74,74,74,58,58,41,41,41,81,70,70,70,76,40,40,40,66,66,66,66,53,53,53,79,59,87,87,93,62,62,62,62,38,38,38,65,65,23,46,46,73,2],"items_purged":["Strike_B","Decay","Writhe"],"gold":146,"score":933,"play_id":"fa8910f1-1f66-4226-84de-c8479bf5d002","local_time":"20180512124422","is_prod":false,"is_daily":false,"chose_seed":false,"is_ascension_mode":true,"campfire_upgraded":6,"timestamp":1526147062,"path_taken":["M","?","?","$","?","E","?","R","T","$","?","?","R","M","R","BOSS","M","$","?","?","M","R","M","R","T","R","?","M","$","?","R","BOSS","M","?","M","$","?","R","E","?","T","R","?","E","?","M","R","BOSS"],"build_version":"2018-05-11","seed_source_timestamp":305907469484809,"purchased_purges":3,"victory":true,"master_deck":["Strike_B","Strike_B","Defend_B","Defend_B+1","Defend_B+1","Defend_B","Zap","Dualcast+1","Ball Lightning","Force Field+1","Storm+1","Capacitor+1","Defragment+1","Rainbow+1","Buffer+1","Lockon+1","Conserve Battery+1","BootSequence+1","Undo+1","Defragment+1","Thunder Strike","Barrage+1","Auto Shields+1","Consume+1","Enlightenment+1","Leap+1"],"max_hp_per_floor":[75,75,75,75,81,81,81,81,81,81,81,81,81,81,81,81,81,81,81,81,87,87,87,87,87,87,87,87,87,87,87,87,87,87,87,93,93,93,93,93,93,93,93,93,93,93,93,93,93,93],"relics":["Cracked Core","NeowsBlessing","Darkstone Periapt","Orichalcum","Toxic Egg 2","Inserter","Bag of Preparation","Happy Flower","Lizard Tail","Dodecahedron","Vajra","War Paint"],"card_choices":[{"not_picked":["Beam Cell","Steam Power"],"picked":"Ball Lightning","floor":1.0},{"not_picked":["Streamline","Hologram"],"picked":"Force Field","floor":3.0},{"not_picked":["Barrage","Hologram","Rebound"],"picked":"SKIP","floor":6.0},{"not_picked":["Steam+1","Beam Cell"],"picked":"Defragment","floor":11.0},{"not_picked":["Rebound","Leap+1"],"picked":"Rainbow+1","floor":14.0},{"not_picked":["Amplify+1","Fission+1"],"picked":"Buffer","floor":16.0},{"not_picked":["Reprogram+1","Ball Lightning"],"picked":"Lockon","floor":18.0},{"not_picked":["Barrage","Beam Cell"],"picked":"BootSequence+1","floor":22.0},{"not_picked":["Recycle+1","Stack+1"],"picked":"Undo+1","floor":24.0},{"not_picked":["Coolheaded+1","Rebound"],"picked":"Glacier+1","floor":29.0},{"not_picked":["All For One","Multi-Cast+1"],"picked":"Thunder Strike","floor":33.0},{"not_picked":["Coolheaded+1","Scrape"],"picked":"Barrage+1","floor":35.0},{"not_picked":["Barrage+1","Coolheaded+1"],"picked":"Auto Shields+1","floor":37.0},{"not_picked":["Turbo+1","Stack+1"],"picked":"Consume+1","floor":41.0},{"not_picked":["Swift Strike","Purity"],"picked":"Enlightenment","floor":42.0},{"not_picked":["Capacitor","Turbo+1"],"picked":"Leap+1","floor":46.0},{"not_picked":["Skim+1","Axe Kick+1","Cold Snap+1"],"picked":"SKIP","floor":47.0},{"not_picked":["Consume+1","Static Discharge","Rebound+1"],"picked":"SKIP","floor":48.0}],"player_experience":97533,"potions_floor_usage":[50],"damage_taken":[{"damage":0.0,"enemies":"Jaw Worm","floor":1.0,"turns":1.0},{"damage":0.0,"enemies":"2 Louse","floor":3.0,"turns":1.0},{"damage":0.0,"enemies":"3 Sentries","floor":6.0,"turns":1.0},{"damage":0.0,"enemies":"Cultist","floor":11.0,"turns":3.0},{"damage":17.0,"enemies":"Large Slime","floor":14.0,"turns":3.0},{"damage":0.0,"enemies":"Slime Boss","floor":16.0,"turns":5.0},{"damage":11.0,"enemies":"Spheric Guardian","floor":18.0,"turns":4.0},{"damage":36.0,"enemies":"2 Thieves","floor":22.0,"turns":5.0},{"damage":0.0,"enemies":"Centurion and Healer","floor":24.0,"turns":7.0},{"damage":13.0,"enemies":"Chosen and Byrds","floor":29.0,"turns":5.0},{"damage":20.0,"enemies":"Automaton","floor":33.0,"turns":13.0},{"damage":0.0,"enemies":"3 Shapes","floor":35.0,"turns":4.0},{"damage":33.0,"enemies":"3 Darklings","floor":37.0,"turns":6.0},{"damage":24.0,"enemies":"Nemesis","floor":41.0,"turns":7.0},{"damage":42.0,"enemies":"2 Orb Walkers","floor":46.0,"turns":4.0},{"damage":30.0,"enemies":"Maw","floor":47.0,"turns":7.0},{"damage":0.0,"enemies":"4 Shapes","floor":48.0,"turns":5.0},{"damage":89,"enemies":"Donu and Deca","floor":50,"turns":8}],"event_choices":[{"event_name":"Golden Wing","player_choice":"Card Removal","floor":2.0,"damage_taken":0.0},{"event_name":"Big Fish","player_choice":"Box","floor":5.0,"damage_taken":0.0},{"event_name":"Living Wall","player_choice":"Forget","floor":7.0,"damage_taken":0.0},{"event_name":"Shining Light","player_choice":"Entered Light","floor":12.0,"damage_taken":0.0},{"event_name":"Ghosts","player_choice":"Ignored","floor":20.0,"damage_taken":0.0},{"event_name":"Forgotten Altar","player_choice":"Smashed Altar","floor":21.0,"damage_taken":0.0},{"event_name":"Masked Bandits","player_choice":"Paid Bandits 90 gold","floor":31.0,"damage_taken":0.0},{"event_name":"Winding Halls","player_choice":"Writhe","floor":36.0,"damage_taken":0.0},{"event_name":"SensoryStone","player_choice":"Memory 1","floor":42.0,"damage_taken":0.0},{"event_name":"Mysterious Sphere","player_choice":"Ignore","floor":45.0,"damage_taken":0.0}],"boss_relics":[],"potions_floor_spawned":[3,14,16,29,35,41,48],"seed_played":"5119147191506169878","ascension_level":3,"is_trial":false}