{"gold_per_floor":[118,193,203,203,7,32,32,65,65,65,65,99,119,134,134,229,229,248,121,121,22,33,59,59,94,94,94,44,55,55,85,85,180,180,193,213,233,233,54,54,87,15,15,30,77,77,0,27,27,27],"floor_reached":51,"playtime":2077,"items_purged":["Strike_B","Strike_B","Strike_B","Strike_B"],"score":1178,"play_id":"4b777e28-87a9-4163-addc-acd6f5dd004c","local_time":"20181111191440","is_ascension_mode":true,"campfire_choices":[{"floor":7.0,"key":"REST"},{"data":"Ball Lightning","floor":11.0,"key":"SMITH"},{"floor":15.0,"key":"REST"},{"data":"Barrage","floor":24.0,"key":"SMITH"},{"floor":30.0,"key":"REST"},{"data":"1","floor":32.0,"key":"LIFT"},{"data":"2","floor":40.0,"key":"LIFT"},{"data":"3","floor":46,"key":"LIFT"},{"floor":49,"key":"DIG"}],"neow_cost":"NONE","seed_source_timestamp":24972104995757,"circlet_count":0,"master_deck":["AscendersBane","Defend_B","Defend_B","Defend_B","Zap","Dualcast","Cold Snap","Rebound","Ball Lightning+1","Barrage+1","Leap","Conserve Battery","Ball Lightning","Echo Form+1","Chaos+1","Fusion","Barrage+1","Hologram+1","Streamline+1","Storm+1","Darkness+1","Creative AI+1","Ball Lightning+1","Capacitor+1","Coolheaded+1","Streamline+1","Self Repair+1","Self Repair+1","Force Field","Echo Form+1"],"special_seed":0,"relics":["Velvet Choker","FossilizedHelix","Runic Capacitor","Bottled Lightning","Smiling Mask","Mercury Hourglass","Frozen Egg 2","Snecko Eye","Molten Egg 2","Mummified Hand","Orichalcum","Incense Burner","Girya","Question Card","Busted Crown","Kunai","The Courier","Shovel","Red Mask","Bird Faced Urn","Turnip"],"potions_floor_usage":[50,50],"damage_taken":[{"damage":3.0,"enemies":"2 Louse","floor":1.0,"turns":2.0},{"damage":7.0,"enemies":"Jaw Worm","floor":3.0,"turns":3.0},{"damage":8.0,"enemies":"Lagavulin","floor":6.0,"turns":9.0},{"damage":14.0,"enemies":"3 Sentries","floor":8.0,"turns":6.0},{"damage":8.0,"enemies":"Lagavulin","floor":12.0,"turns":4.0},{"damage":0.0,"enemies":"Cultist","floor":13.0,"turns":2.0},{"damage":10.0,"enemies":"Gremlin Gang","floor":14.0,"turns":3.0},{"damage":10.0,"enemies":"The Guardian","floor":16.0,"turns":8.0},{"damage":6.0,"enemies":"Chosen","floor":18.0,"turns":4.0},{"damage":0.0,"enemies":"Shell Parasite","floor":22.0,"turns":3.0},{"damage":10.0,"enemies":"Book of Stabbing","floor":23.0,"turns":4.0},{"damage":18.0,"enemies":"Gremlin Leader","floor":25.0,"turns":4.0},{"damage":0.0,"enemies":"Centurion and Healer","floor":29.0,"turns":4.0},{"damage":0.0,"enemies":"Book of Stabbing","floor":31.0,"turns":3.0},{"damage":5.0,"enemies":"Collector","floor":33.0,"turns":6.0},{"damage":0.0,"enemies":"3 Shapes","floor":35.0,"turns":3.0},{"damage":0.0,"enemies":"Orb Walker","floor":36.0,"turns":3.0},{"damage":21.0,"enemies":"3 Darklings","floor":37.0,"turns":5.0},{"damage":25.0,"enemies":"Reptomancer","floor":41.0,"turns":4.0},{"damage":0.0,"enemies":"Jaw Worm Horde","floor":44.0,"turns":3.0},{"damage":11,"enemies":"2 Orb Walkers","floor":45,"turns":3},{"damage":5,"enemies":"Nemesis","floor":48,"turns":5},{"damage":27,"enemies":"Awakened One","floor":50,"turns":10}],"seed_played":"1480255739321542432","potions_obtained":[{"floor":8.0,"key":"SneckoOil"},{"floor":12.0,"key":"Poison Potion"},{"floor":13.0,"key":"Energy Potion"},{"floor":18.0,"key":"Strength Potion"},{"floor":25.0,"key":"LiquidBronze"},{"floor":29.0,"key":"Swift Potion"},{"floor":33.0,"key":"Strength Potion"},{"floor":45,"key":"Regen Potion"}],"is_trial":false,"path_per_floor":["M","?","M","?","$","E","R","E","T","?","R","E","M","M","R","B",null,"M","$","T","$","M","M","E","R","E","T","?","$","M","R","E","R","B",null,"M","M","M","?","$","R","E","$","T","M","?","R","?","E","R","B",null],"character_chosen":"DEFECT","items_purchased":["Runic Capacitor","Fusion","Barrage+1","Streamline+1","Self Repair+1","Force Field"],"campfire_rested":3,"item_purchase_floors":[5,19,21,39,39,42],"current_hp_per_floor":[65,54,47,40,40,32,54,40,40,40,40,32,32,22,44,34,65,59,59,59,59,59,49,49,31,31,31,31,31,53,53,53,48,68,68,68,47,47,47,47,32,32,32,52,71,71,71,75,75,75],"gold":27,"neow_bonus":"BOSS_RELIC","is_prod":false,"is_daily":false,"chose_seed":false,"campfire_upgraded":2,"win_rate":0,"timestamp":1541988880,"path_taken":["M","?","M","?","?","E","R","E","T","?","R","E","M","M","R","BOSS","M","$","?","$","?","E","R","E","T","?","?","M","R","E","R","BOSS","M","M","M","?","$","R","E","?","T","M","?","R","?","E","R","BOSS"],"build_version":"2018-11-08","purchased_purges":4,"victory":true,"max_hp_per_floor":[75,75,75,75,75,75,75,75,75,75,75,75,75,75,75,75,75,75,75,75,75,75,75,75,75,75,75,75,75,75,75,75,75,75,75,75,75,75,75,75,75,75,75,75,75,75,75,75,75,75],"card_choices":[{"not_picked":["Steam","Melter"],"picked":"Cold Snap","floor":1.0},{"not_picked":["Redo","Gash"],"picked":"Rebound","floor":3.0},{"not_picked":["Reinforced Body","Rip and Tear"],"picked":"Ball Lightning","floor":6.0},{"not_picked":["Aggregate","Stack"],"picked":"Barrage","floor":8.0},{"not_picked":["Rebound","Go for the Eyes"],"picked":"Leap","floor":12.0},{"not_picked":["Genetic Algorithm","Steam"],"picked":"Conserve Battery","floor":13.0},{"not_picked":["Beam Cell","Reprogram"],"picked":"Ball Lightning","floor":14.0},{"not_picked":["Rainbow","Machine Learning+1"],"picked":"Echo Form+1","floor":16.0},{"not_picked":["Compile Driver","BootSequence"],"picked":"Chaos+1","floor":18.0},{"not_picked":["Recycle+1","Melter+1"],"picked":"Hologram+1","floor":22.0},{"not_picked":["Darkness+1","Compile Driver+1"],"picked":"Streamline+1","floor":23.0},{"not_picked":["Go for the Eyes+1","Scrape+1"],"picked":"Storm+1","floor":25.0},{"not_picked":["Chill","Reprogram+1","Recycle"],"picked":"SKIP","floor":29.0},{"not_picked":["FTL+1","BootSequence+1"],"picked":"Darkness+1","floor":31.0},{"not_picked":["Meteor Strike+1","Multi-Cast","Hyperbeam+1"],"picked":"Creative AI+1","floor":33.0},{"not_picked":["Steam+1"],"picked":"Ball Lightning+1","floor":35.0},{"not_picked":["Redo"],"picked":"Capacitor+1","floor":36.0},{"not_picked":["Beam Cell+1"],"picked":"Coolheaded+1","floor":37.0},{"not_picked":["Sweeping Beam+1"],"picked":"Self Repair+1","floor":41.0},{"not_picked":["Heatsinks+1"],"picked":"Echo Form+1","floor":44.0},{"not_picked":["Biased Cognition+1","Amplify"],"picked":"SKIP","floor":48}],"player_experience":591640,"relics_obtained":[{"floor":6.0,"key":"Bottled Lightning"},{"floor":8.0,"key":"Smiling Mask"},{"floor":9.0,"key":"Mercury Hourglass"},{"floor":12.0,"key":"Frozen Egg 2"},{"floor":20.0,"key":"Molten Egg 2"},{"floor":23.0,"key":"Mummified Hand"},{"floor":25.0,"key":"Orichalcum"},{"floor":26.0,"key":"Incense Burner"},{"floor":31.0,"key":"Question Card"},{"floor":41.0,"key":"Kunai"},{"floor":43.0,"key":"The Courier"},{"floor":45,"key":"Shovel"},{"floor":48,"key":"Bird Faced Urn"},{"floor":49,"key":"Turnip"}],"event_choices":[{"damage_healed":0.0,"max_hp_gain":0.0,"max_hp_loss":0.0,"gold_gain":75.0,"event_name":"World of Goop","player_choice":"Gather Gold","floor":2.0,"gold_loss":0.0,"damage_taken":11.0},{"damage_healed":0.0,"max_hp_gain":0.0,"max_hp_loss":0.0,"gold_gain":0.0,"event_name":"Scrap Ooze","player_choice":"Success","floor":4.0,"gold_loss":0.0,"damage_taken":7.0,"relics_obtained":["FossilizedHelix"]},{"damage_healed":0.0,"max_hp_gain":0.0,"max_hp_loss":0.0,"gold_gain":0.0,"event_name":"The Woman in Blue","player_choice":"Bought 0 Potions","floor":10.0,"gold_loss":0.0,"damage_taken":0.0},{"damage_healed":0.0,"max_hp_gain":0.0,"max_hp_loss":0.0,"gold_gain":0.0,"event_name":"WeMeetAgain","player_choice":"Gave Potion","floor":27.0,"gold_loss":0.0,"damage_taken":0.0,"relics_obtained":["Girya"]},{"cards_removed":["Defend_B"],"damage_healed":0.0,"max_hp_gain":0.0,"max_hp_loss":0.0,"gold_gain":0.0,"event_name":"Bonfire Elementals","player_choice":"Offered Basic","floor":38.0,"gold_loss":0.0,"damage_taken":0.0},{"damage_healed":0,"gold_gain":0,"player_choice":"Fight","damage_taken":0,"max_hp_gain":0,"max_hp_loss":0,"event_name":"Mysterious Sphere","floor":45,"gold_loss":0},{"damage_healed":0,"gold_gain":0,"player_choice":"Paid","damage_taken":0,"relics_obtained":["Red Mask"],"max_hp_gain":0,"max_hp_loss":0,"event_name":"Tomb of Lord Red Mask","floor":47,"gold_loss":77}],"is_beta":false,"boss_relics":[{"not_picked":["Lizard Tail","Eternal Feather"],"picked":"Snecko Eye"},{"not_picked":["Fusion Hammer","Inserter"],"picked":"Busted Crown"}],"items_purged_floors":[19,21,28,39],"is_endless":false,"potions_floor_spawned":[8,12,13,14,18,25,29,33,41,44,45],"ascension_level":10}