{"gold_per_floor":[113,113,37,2,2,36,36,55,79,79,100,134,134,173,173,304,304,324,342,467,467,482,482,506,526,526,559,559,572,591,319,319,445,445,470,470,470,470,483,514,14,14,41,53,85,120,54,54,54,54],"floor_reached":51,"playtime":2360,"items_purged":["Strike_B"],"score":1054,"play_id":"a57eb4ce-b1cd-439c-b516-420508770afa","local_time":"20190320144614","is_ascension_mode":true,"campfire_choices":[{"data":"Defragment","floor":7,"key":"SMITH"},{"data":"Defragment","floor":13,"key":"SMITH"},{"floor":15,"key":"REST"},{"floor":23,"key":"REST"},{"data":"White Noise","floor":28,"key":"SMITH"},{"data":"Fission","floor":32,"key":"SMITH"},{"floor":42,"key":"REST"},{"floor":49,"key":"REST"}],"neow_cost":"NONE","seed_source_timestamp":481786226075799,"circlet_count":0,"master_deck":["Strike_B","Strike_B+1","Defend_B","Defend_B","Defend_B","Defend_B","Zap","Dualcast","BootSequence+1","Glacier","Defragment+1","Coolheaded","White Noise+1","Defragment+1","Seek","Fission+1","White Noise","Capacitor","Coolheaded","FTL","Self Repair","Doom and Gloom","Doom and Gloom","Redo","Tempest","Defragment","Redo","Blizzard","Echo Form+1","Ball Lightning","Deep Breath","Lockon","Barrage","Echo Form","Static Discharge","Tempest","Defragment"],"relics":["Cracked Core","NeowsBlessing","Golden Idol","Bottled Lightning","Potion Belt","DataDisk","StoneCalendar","Torii","Inserter","Dead Branch","Mummified Hand","WingedGreaves","Bag of Preparation","Fusion Hammer","Letter Opener","Regal Pillow","Sling","MawBank"],"potions_floor_usage":[20,50,50,50,50],"damage_taken":[{"damage":0,"enemies":"Jaw Worm","floor":1,"turns":1},{"damage":0,"enemies":"Lagavulin","floor":6,"turns":1},{"damage":0,"enemies":"2 Louse","floor":8,"turns":1},{"damage":0,"enemies":"Small Slimes","floor":11,"turns":3},{"damage":5,"enemies":"3 Sentries","floor":12,"turns":7},{"damage":0,"enemies":"Lagavulin","floor":14,"turns":7},{"damage":13,"enemies":"The Guardian","floor":16,"turns":12},{"damage":1,"enemies":"Shell Parasite","floor":18,"turns":7},{"damage":1,"enemies":"Spheric Guardian","floor":19,"turns":7},{"damage":7,"enemies":"Colosseum Slavers","floor":20,"turns":6},{"damage":24,"enemies":"Colosseum Nobs","floor":20,"turns":7},{"damage":6,"enemies":"3 Cultists","floor":22,"turns":5},{"damage":0,"enemies":"Centurion and Healer","floor":24,"turns":7},{"damage":0,"enemies":"Snake Plant","floor":25,"turns":4},{"damage":0,"enemies":"Book of Stabbing","floor":27,"turns":6},{"damage":26,"enemies":"Chosen and Byrds","floor":29,"turns":7},{"damage":1,"enemies":"Snecko","floor":30,"turns":7},{"damage":1,"enemies":"Collector","floor":33,"turns":8},{"damage":0,"enemies":"3 Darklings","floor":35,"turns":4},{"damage":0,"enemies":"Orb Walker","floor":39,"turns":2},{"damage":13,"enemies":"Nemesis","floor":40,"turns":7},{"damage":0,"enemies":"4 Shapes","floor":45,"turns":2},{"damage":30,"enemies":"Maw","floor":46,"turns":4},{"damage":56,"enemies":"Awakened One","floor":50,"turns":7}],"seed_played":"-1472528297090193428","potions_obtained":[{"floor":8,"key":"SteroidPotion"},{"floor":11,"key":"Strength Potion"},{"floor":14,"key":"Weak Potion"},{"floor":16,"key":"SteroidPotion"},{"floor":25,"key":"SkillPotion"},{"floor":30,"key":"EssenceOfSteel"},{"floor":45,"key":"FocusPotion"}],"is_trial":false,"path_per_floor":["?","?","?","?","?","?","M","?","?","?","?","M","?"],"character_chosen":"DEFECT","items_purchased":["Glacier","Defragment","Redo","Blizzard","Echo Form","Regal Pillow","Sling","Defragment"],"campfire_rested":4,"item_purchase_floors":[3,31,31,31,41,41,41,47],"current_hp_per_floor":[75,69,69,69,55,55,55,55,55,52,52,47,47,47,67,54,65,64,63,32,32,26,46,46,53,53,60,60,41,47,47,47,46,63,69,66,66,66,66,60,60,66,66,66,66,50,50,50,66,10],"gold":54,"neow_bonus":"THREE_ENEMY_KILL","is_prod":false,"is_daily":false,"chose_seed":false,"campfire_upgraded":4,"win_rate":0,"timestamp":1553089574,"path_taken":["M","?","$","?","?","E","R","M","T","?","M","E","R","E","R","BOSS","M","M","?","?","?","R","M","M","T","E","R","M","M","$","R","BOSS","M","?","?","?","M","E","$","R","T","?","?","M","$","?","R","BOSS"],"build_version":"2019-01-23","purchased_purges":1,"victory":true,"max_hp_per_floor":[75,69,69,69,69,69,69,69,69,69,69,69,69,69,69,69,69,69,69,69,69,69,69,69,69,69,69,69,69,69,69,69,69,69,69,66,66,66,66,66,66,66,66,66,66,66,66,66,66,66],"card_choices":[{"not_picked":["Turbo","Sweeping Beam"],"picked":"BootSequence","floor":1},{"not_picked":["Hologram","Static Discharge"],"picked":"Defragment","floor":6},{"not_picked":["Gash","Conserve Battery"],"picked":"Coolheaded","floor":8},{"not_picked":["Hologram","Beam Cell"],"picked":"White Noise","floor":11},{"not_picked":["Skim","Hologram"],"picked":"Defragment","floor":12},{"not_picked":["Gash","Double Energy"],"picked":"Seek","floor":14},{"not_picked":["Meteor Strike","Multi-Cast"],"picked":"Fission","floor":16},{"not_picked":["Darkness","Coolheaded+1"],"picked":"White Noise","floor":18},{"not_picked":["Stack","Reprogram"],"picked":"Capacitor","floor":19},{"not_picked":["Streamline","Cold Snap"],"picked":"Coolheaded","floor":20},{"not_picked":["Sweeping Beam+1","Capacitor"],"picked":"FTL","floor":22},{"not_picked":["Fusion","Barrage+1"],"picked":"Self Repair","floor":24},{"not_picked":["Conserve Battery+1","Steam+1"],"picked":"Doom and Gloom","floor":25},{"not_picked":["Streamline+1","Heatsinks"],"picked":"Doom and Gloom","floor":27},{"not_picked":["Coolheaded","Gash"],"picked":"Redo","floor":29},{"not_picked":["Streamline","Hologram+1"],"picked":"Tempest","floor":30},{"not_picked":["Biased Cognition","Amplify"],"picked":"Echo Form","floor":33},{"not_picked":["Compile Driver+1","Hologram"],"picked":"Ball Lightning","floor":35},{"not_picked":["Chrysalis","Trip"],"picked":"Deep Breath","floor":37},{"not_picked":["Blizzard+1","Conserve Battery"],"picked":"Lockon","floor":39},{"not_picked":["Beam Cell+1","Redo"],"picked":"Barrage","floor":40},{"not_picked":["BootSequence+1","Skim+1"],"picked":"Static Discharge","floor":45},{"not_picked":["Gash+1","Reprogram+1"],"picked":"Tempest","floor":46}],"player_experience":431649,"relics_obtained":[{"floor":6,"key":"Bottled Lightning"},{"floor":9,"key":"Potion Belt"},{"floor":12,"key":"StoneCalendar"},{"floor":14,"key":"Torii"},{"floor":20,"key":"Dead Branch"},{"floor":20,"key":"Mummified Hand"},{"floor":26,"key":"WingedGreaves"},{"floor":27,"key":"Bag of Preparation"},{"floor":40,"key":"Letter Opener"},{"floor":43,"key":"MawBank"}],"event_choices":[{"damage_healed":0,"gold_gain":0,"player_choice":"Lose Max HP","damage_taken":0,"relics_obtained":["Golden Idol"],"max_hp_gain":0,"max_hp_loss":6,"event_name":"Golden Idol","floor":2,"gold_loss":0},{"damage_healed":17,"gold_gain":0,"player_choice":"Healed","damage_taken":0,"max_hp_gain":0,"max_hp_loss":0,"event_name":"The Cleric","floor":4,"gold_loss":35},{"damage_healed":0,"gold_gain":0,"player_choice":"Entered Light","damage_taken":14,"max_hp_gain":0,"max_hp_loss":0,"event_name":"Shining Light","floor":5,"gold_loss":0,"cards_upgraded":["BootSequence","Strike_B"]},{"damage_healed":0,"gold_gain":0,"player_choice":"Success","damage_taken":3,"relics_obtained":["DataDisk"],"max_hp_gain":0,"max_hp_loss":0,"event_name":"Scrap Ooze","floor":10,"gold_loss":0},{"damage_healed":0,"gold_gain":0,"player_choice":"Fight","damage_taken":0,"max_hp_gain":0,"max_hp_loss":0,"event_name":"Colosseum","floor":20,"gold_loss":0},{"damage_healed":0,"gold_gain":0,"player_choice":"Fought Nobs","damage_taken":0,"max_hp_gain":0,"max_hp_loss":0,"event_name":"Colosseum","floor":20,"gold_loss":0},{"damage_healed":0,"gold_gain":0,"player_choice":"Ignored","damage_taken":0,"max_hp_gain":0,"max_hp_loss":0,"event_name":"Ghosts","floor":21,"gold_loss":0},{"damage_healed":0,"gold_gain":0,"player_choice":"Max HP","damage_taken":0,"max_hp_gain":0,"max_hp_loss":3,"event_name":"Winding Halls","floor":36,"gold_loss":0},{"damage_healed":0,"gold_gain":0,"player_choice":"Memory 1","damage_taken":0,"max_hp_gain":0,"max_hp_loss":0,"event_name":"SensoryStone","floor":37,"gold_loss":0},{"damage_healed":0,"gold_gain":0,"player_choice":"Ignored","damage_taken":0,"max_hp_gain":0,"max_hp_loss":0,"event_name":"Tomb of Lord Red Mask","floor":38,"gold_loss":0},{"damage_healed":0,"gold_gain":0,"player_choice":"Forge","damage_taken":0,"max_hp_gain":0,"max_hp_loss":0,"event_name":"Accursed Blacksmith","floor":44,"gold_loss":0,"cards_upgraded":["Echo Form"]},{"cards_removed":["Strike_B"],"damage_healed":0,"gold_gain":0,"player_choice":"Removed Attack","damage_taken":0,"max_hp_gain":0,"max_hp_loss":0,"event_name":"Falling","floor":48,"gold_loss":0}],"is_beta":false,"boss_relics":[{"not_picked":["Orrery","Lizard Tail"],"picked":"Inserter"},{"not_picked":["Tiny House","Busted Crown"],"picked":"Fusion Hammer"}],"items_purged_floors":[31],"is_endless":false,"potions_floor_spawned":[8,11,14,16,20,25,30,33,35,39,45],"ascension_level":5}