{"gold_per_floor":[112,62,75,6,29,29,42,42,42,76,76,96,113,133,133,229,229,242,48,65,85,99,99],"floor_reached":23,"playtime":1104,"items_purged":["Strike_B"],"score":245,"play_id":"01eb1c4d-1908-42b5-a704-17b0d8693457","local_time":"20180801003616","is_ascension_mode":false,"campfire_choices":[{"data":"Streamline","floor":6,"key":"SMITH"},{"data":"Zap","floor":8,"key":"SMITH"},{"data":"Dualcast","floor":11,"key":"SMITH"},{"data":"Defragment","floor":15,"key":"SMITH"}],"neow_cost":"NONE","seed_source_timestamp":1468843208766050,"circlet_count":0,"master_deck":["Strike_B","Strike_B","Defend_B","Defend_B","Defend_B","Defend_B","Zap+1","Dualcast+1","Conserve Battery","Streamline+1","Loop","Beam Cell","Darkness","Machine Learning","Defragment+1","Glacier","Core Surge","Go for the Eyes","Double Energy","Scrape","Gash+1"],"relics":["White Beast Statue"],"potions_floor_usage":[10,12,13,14,16,16,18,20,20,21,22],"damage_taken":[{"damage":1,"enemies":"2 Louse","floor":1,"turns":2},{"damage":2,"enemies":"Jaw Worm","floor":3,"turns":4},{"damage":0,"enemies":"Cultist","floor":7,"turns":3},{"damage":7,"enemies":"3 Sentries","floor":10,"turns":8},{"damage":4,"enemies":"Red Slaver","floor":12,"turns":3},{"damage":2,"enemies":"Blue Slaver","floor":13,"turns":2},{"damage":10,"enemies":"2 Fungi Beasts","floor":14,"turns":4},{"damage":0,"enemies":"Slime Boss","floor":16,"turns":9},{"damage":13,"enemies":"Spheric Guardian","floor":18,"turns":6},{"damage":25,"enemies":"2 Thieves","floor":20,"turns":4},{"damage":50,"enemies":"Cultist and Chosen","floor":21,"turns":5},{"damage":3,"enemies":"Chosen and Byrds","floor":22,"turns":5},{"damage":4,"enemies":"Gremlin Leader","floor":23,"turns":2}],"seed_played":"-3204480527675260144","potions_obtained":[{"floor":1,"key":"FearPotion"},{"floor":3,"key":"EssenceOfSteel"},{"floor":7,"key":"FocusPotion"},{"floor":10,"key":"Swift Potion"},{"floor":12,"key":"Fruit Juice"},{"floor":13,"key":"Ancient Potion"},{"floor":14,"key":"SkillPotion"},{"floor":16,"key":"Energy Potion"},{"floor":18,"key":"Regen Potion"},{"floor":20,"key":"PowerPotion"},{"floor":21,"key":"PowerPotion"},{"floor":22,"key":"Explosive Potion"}],"is_trial":false,"path_per_floor":["M","?","M","$","T","R","M","R","T","E","R","M","M","M","R","B",null,"M","$","M","M","M"],"character_chosen":"DEFECT","items_purchased":["Loop","Double Energy","Scrape"],"campfire_rested":0,"item_purchase_floors":[4,19,19],"current_hp_per_floor":[74,74,72,72,72,72,72,72,72,65,65,61,64,54,54,54,80,67,67,54,4,1,0],"gold":99,"neow_bonus":"BOSS_RELIC","is_prod":false,"is_daily":false,"chose_seed":false,"campfire_upgraded":4,"win_rate":0,"timestamp":1533105376,"path_taken":["M","?","M","$","?","R","M","R","T","E","R","M","?","M","R","BOSS","M","$","M","M","M","E"],"build_version":"2018-07-26","purchased_purges":1,"victory":false,"max_hp_per_floor":[75,75,75,75,75,75,75,75,75,75,75,75,80,80,80,80,80,80,80,80,80,80,80],"card_choices":[{"not_picked":["Darkness","Cold Snap"],"picked":"Conserve Battery","floor":1},{"not_picked":["Rebound","Conserve Battery"],"picked":"Streamline","floor":3},{"not_picked":["Sweeping Beam","Coolheaded"],"picked":"Beam Cell","floor":7},{"not_picked":["BootSequence","Compile Driver"],"picked":"Darkness","floor":10},{"not_picked":["Coolheaded","Stack"],"picked":"Machine Learning","floor":12},{"not_picked":["Recycle","Coolheaded"],"picked":"Defragment","floor":13},{"not_picked":["Barrage","Rip and Tear"],"picked":"Glacier","floor":14},{"not_picked":["All For One","Thunder Strike"],"picked":"Core Surge","floor":16},{"not_picked":["Tempest","Leap"],"picked":"Go for the Eyes","floor":18},{"not_picked":["Consume+1","Doom and Gloom"],"picked":"Gash+1","floor":20},{"not_picked":["Hologram","Force Field","Steam Power"],"picked":"SKIP","floor":21},{"not_picked":["Reprogram","Genetic Algorithm","Beam Cell"],"picked":"SKIP","floor":22}],"player_experience":315370,"relics_obtained":[],"event_choices":[{"event_name":"The Cleric","player_choice":"Card Removal","floor":2,"damage_taken":0}],"is_beta":false,"boss_relics":[{"not_picked":["Eternal Feather","Ectoplasm","Empty Cage"]}],"items_purged_floors":[19],"is_endless":false,"potions_floor_spawned":[1,3,7,10,12,13,14,16,18,20,21,22],"killed_by":"Gremlin Leader","ascension_level":0}