{"gold_per_floor":[118,81,81,98,118,118,118,118,118,151,170,184,194,227,227,322,322,334,249,249,449,467,467],"floor_reached":23,"playtime":3563,"items_purged":[],"score":201,"play_id":"5a36b706-ccdf-47d4-908c-2c2dcebbba50","local_time":"20190311172551","is_ascension_mode":false,"campfire_choices":[{"data":"Seeing Red","floor":6,"key":"SMITH"},{"data":"Metallicize","floor":8,"key":"SMITH"},{"data":"Rage","floor":15,"key":"SMITH"}],"neow_cost":"TEN_PERCENT_HP_LOSS","seed_source_timestamp":21748233131358,"circlet_count":0,"master_deck":["Strike_R","Strike_R","Strike_R","Strike_R","Strike_R","Defend_R","Defend_R+1","Defend_R","Defend_R+1","Bash","Metallicize+1","Twin Strike","Seeing Red+1","Clothesline","Iron Wave","Rage+1","Feel No Pain","Twin Strike","Demon Form","Headbutt+1","RitualDagger"],"relics":["Burning Blood","Nunchaku","War Paint","Mercury Hourglass","Pen Nib","Lizard Tail","Juzu Bracelet"],"potions_floor_usage":[16,22,23,23],"damage_taken":[{"damage":10,"enemies":"Small Slimes","floor":1,"turns":3},{"damage":1,"enemies":"Cultist","floor":4,"turns":4},{"damage":0,"enemies":"2 Louse","floor":5,"turns":2},{"damage":22,"enemies":"Gremlin Nob","floor":10,"turns":5},{"damage":14,"enemies":"Looter","floor":11,"turns":3},{"damage":8,"enemies":"Gremlin Gang","floor":12,"turns":3},{"damage":0,"enemies":"3 Louse","floor":13,"turns":2},{"damage":13,"enemies":"3 Sentries","floor":14,"turns":7},{"damage":40,"enemies":"The Guardian","floor":16,"turns":15},{"damage":13,"enemies":"2 Thieves","floor":18,"turns":4},{"damage":14,"enemies":"3 Byrds","floor":22,"turns":4},{"damage":89,"enemies":"Gremlin Leader","floor":23,"turns":4}],"seed_played":"-336711157218549637","potions_obtained":[{"floor":4,"key":"Dexterity Potion"},{"floor":10,"key":"Explosive Potion"},{"floor":11,"key":"Dexterity Potion"},{"floor":14,"key":"Regen Potion"},{"floor":18,"key":"Fire Potion"},{"floor":22,"key":"GamblersBrew"}],"is_trial":false,"path_per_floor":["M","$","?","M","M","R","?","R","T","E","M","M","M","E","R","B",null,"M","?","?","?","M","E"],"character_chosen":"IRONCLAD","items_purchased":["Metallicize"],"campfire_rested":0,"item_purchase_floors":[2],"current_hp_per_floor":[68,68,68,72,72,72,72,72,72,56,48,46,52,45,45,26,72,65,65,59,59,51,0],"gold":467,"neow_bonus":"ONE_RARE_RELIC","is_prod":false,"is_daily":false,"chose_seed":false,"campfire_upgraded":3,"win_rate":0.0,"timestamp":1552321551,"path_taken":["M","$","?","M","M","R","?","R","T","E","M","M","M","E","R","BOSS","M","?","?","?","M","E"],"build_version":"2019-01-23","purchased_purges":0,"victory":false,"max_hp_per_floor":[72,72,72,72,72,72,72,72,72,72,72,72,72,72,72,72,72,72,72,72,72,72,72],"card_choices":[{"not_picked":["Havoc","Thunderclap","Clothesline"],"picked":"SKIP","floor":1},{"not_picked":["Armaments","Heavy Blade"],"picked":"Twin Strike","floor":4},{"not_picked":["Twin Strike","Fiend Fire"],"picked":"Seeing Red","floor":5},{"not_picked":["Entrench","Thunderclap"],"picked":"Clothesline","floor":10},{"not_picked":["Clothesline","Shrug It Off"],"picked":"Iron Wave","floor":11},{"not_picked":["Searing Blow","Clash"],"picked":"Rage","floor":12},{"not_picked":["Perfected Strike","Thunderclap"],"picked":"Feel No Pain","floor":13},{"not_picked":["Hemokinesis","Power Through"],"picked":"Twin Strike","floor":14},{"not_picked":["Exhume","Fiend Fire"],"picked":"Demon Form","floor":16},{"not_picked":["Perfected Strike","Clothesline+1"],"picked":"Headbutt+1","floor":18},{"not_picked":["Ghostly Armor","Body Slam+1","Clash"],"picked":"SKIP","floor":22}],"player_experience":45376,"relics_obtained":[{"floor":9,"key":"War Paint"},{"floor":10,"key":"Mercury Hourglass"},{"floor":14,"key":"Pen Nib"}],"event_choices":[{"damage_healed":0,"gold_gain":0,"player_choice":"Ignored","damage_taken":0,"max_hp_gain":0,"max_hp_loss":0,"event_name":"Liars Game","floor":3,"gold_loss":0},{"damage_healed":0,"gold_gain":0,"player_choice":"Ignored","damage_taken":0,"max_hp_gain":0,"max_hp_loss":0,"event_name":"NoteForYourself","floor":7,"gold_loss":0},{"damage_healed":0,"gold_gain":0,"player_choice":"Obtained Relic","damage_taken":0,"relics_obtained":["Juzu Bracelet"],"max_hp_gain":0,"max_hp_loss":0,"event_name":"Addict","floor":19,"gold_loss":85},{"damage_healed":0,"gold_gain":0,"player_choice":"Joined the Cult","damage_taken":6,"max_hp_gain":0,"max_hp_loss":0,"event_name":"Nest","floor":20,"gold_loss":0,"cards_obtained":["RitualDagger"]},{"damage_healed":0,"gold_gain":200,"player_choice":"Gold","damage_taken":0,"max_hp_gain":0,"max_hp_loss":0,"event_name":"Wheel of Change","floor":21,"gold_loss":0}],"is_beta":false,"boss_relics":[{"not_picked":["Runic Cube","Coffee Dripper"],"picked":"Lizard Tail"}],"items_purged_floors":[],"is_endless":false,"potions_floor_spawned":[4,10,11,14,18,22],"killed_by":"Gremlin Leader","ascension_level":0}