{"gold_per_floor":[118,130,130,142,142,180,255,255,255,128,152,167,207,228,228,357,357,373,71,95,95,95,128,128,128],"floor_reached":25,"playtime":806,"items_purged":["Defend_B","Defend_B"],"score":231,"play_id":"e49b2b06-1232-4609-8df2-5a0259553621","local_time":"20180709130144","is_ascension_mode":false,"campfire_choices":[{"data":"Zap","floor":8,"key":"SMITH"},{"data":"Go for the Eyes","floor":15,"key":"SMITH"},{"data":"Dualcast","floor":24,"key":"SMITH"}],"neow_cost":"NONE","seed_source_timestamp":671796283252380,"circlet_count":0,"master_deck":["Strike_B","Strike_B+1","Strike_B+1","Zap+1","Dualcast+1","Conserve Battery","Conserve Battery","Ball Lightning","Gash","Go for the Eyes+1"],"relics":["Cracked Core","Bloody Idol","Frozen Egg 2","Mummified Hand","Whetstone","Orrery","TheAbacus","Regal Pillow"],"potions_floor_usage":[16],"damage_taken":[{"damage":1,"enemies":"Cultist","floor":1,"turns":3},{"damage":0,"enemies":"Small Slimes","floor":2,"turns":4},{"damage":0,"enemies":"Jaw Worm","floor":4,"turns":3},{"damage":1,"enemies":"Gremlin Nob","floor":6,"turns":3},{"damage":7,"enemies":"Blue Slaver","floor":11,"turns":3},{"damage":0,"enemies":"Looter","floor":12,"turns":3},{"damage":9,"enemies":"3 Sentries","floor":13,"turns":6},{"damage":0,"enemies":"2 Fungi Beasts","floor":14,"turns":3},{"damage":28,"enemies":"Slime Boss","floor":16,"turns":9},{"damage":0,"enemies":"Chosen","floor":18,"turns":4},{"damage":18,"enemies":"2 Thieves","floor":20,"turns":4},{"damage":50,"enemies":"Slavers","floor":23,"turns":6},{"damage":14,"enemies":"Snake Plant","floor":25,"turns":1}],"seed_played":"964301748995465015","potions_obtained":[{"floor":1,"key":"Regen Potion"},{"floor":14,"key":"Strength Potion"},{"floor":23,"key":"GamblersBrew"}],"is_trial":false,"path_per_floor":["M","M","?","M","?","E","?","R","T","$","M","M","E","M","R","B",null,"M","$","M","?","?","E","R"],"character_chosen":"DEFECT","items_purchased":["Gash","TheAbacus"],"campfire_rested":0,"item_purchase_floors":[10,19],"current_hp_per_floor":[74,74,67,67,49,48,37,37,37,37,30,30,21,21,21,5,75,75,75,57,57,57,12,12,0],"gold":128,"neow_bonus":"REMOVE_CARD","is_prod":false,"is_daily":false,"chose_seed":false,"campfire_upgraded":3,"win_rate":0,"timestamp":1531162904,"path_taken":["M","?","?","M","?","E","?","R","T","?","M","?","E","M","R","BOSS","M","$","M","?","?","E","R","M"],"build_version":"2018-07-05","purchased_purges":2,"victory":false,"max_hp_per_floor":[75,75,75,75,75,75,75,75,75,75,75,75,75,75,75,75,75,75,75,75,75,75,75,75,75],"card_choices":[{"not_picked":["Hello World","Stack"],"picked":"Conserve Battery","floor":1},{"not_picked":["Ball Lightning","Stack"],"picked":"Conserve Battery","floor":2},{"not_picked":["Rebound","Hologram"],"picked":"Ball Lightning","floor":4},{"not_picked":["Barrage","Redo","Biased Cognition"],"picked":"SKIP","floor":6},{"not_picked":["Conserve Battery","Ball Lightning","Leap"],"picked":"SKIP","floor":11},{"not_picked":["Steam","Conserve Battery","Melter"],"picked":"SKIP","floor":12},{"not_picked":["Barrage","Stack"],"picked":"Go for the Eyes","floor":13},{"not_picked":["Coolheaded","Capacitor+1","Go for the Eyes"],"picked":"SKIP","floor":14},{"not_picked":["Storm+1","Cold Snap+1","Chaos"],"picked":"SKIP","floor":18},{"not_picked":["Glacier","Rebound","Chill"],"picked":"SKIP","floor":20},{"not_picked":["Force Field+1","Compile Driver","Hyperbeam"],"picked":"SKIP","floor":23}],"player_experience":172086,"relics_obtained":[{"floor":6,"key":"Frozen Egg 2"},{"floor":9,"key":"Mummified Hand"},{"floor":13,"key":"Whetstone"},{"floor":23,"key":"Regal Pillow"}],"event_choices":[{"event_name":"Golden Wing","player_choice":"Card Removal","floor":3,"damage_taken":0},{"event_name":"Golden Idol","player_choice":"Take Damage","floor":5,"damage_taken":0},{"event_name":"World of Goop","player_choice":"Gather Gold","floor":7,"damage_taken":0},{"event_name":"Forgotten Altar","player_choice":"Gave Idol","floor":21,"damage_taken":0},{"event_name":"Back to Basics","player_choice":"Elegance","floor":22,"damage_taken":0}],"boss_relics":[{"not_picked":["Runic Dome","Ectoplasm"],"picked":"Orrery"}],"items_purged_floors":[10,19],"is_endless":false,"potions_floor_spawned":[1,14,23],"killed_by":"Snake Plant","ascension_level":0}