{"gold_per_floor":[119,134,31,50,125,125,125,125,125,3,21,32,52,67,67,164,164,182,197,197,197,47,47,63,74,100,100],"floor_reached":27,"playtime":924,"items_purged":["Strike_R","Strike_R"],"score":207,"play_id":"8811eac3-4209-475b-b1c1-d347c78290f2","local_time":"20180806225235","is_ascension_mode":false,"campfire_choices":[{"data":"True Grit","floor":6,"key":"SMITH"},{"data":"Pommel Strike","floor":8,"key":"SMITH"},{"data":"Demon Form","floor":15,"key":"SMITH"},{"data":"Berserk","floor":23,"key":"SMITH"}],"neow_cost":"NONE","seed_source_timestamp":1981123058905173,"circlet_count":0,"master_deck":["Strike_R","Strike_R","Strike_R","Defend_R","Defend_R","Defend_R","Defend_R","Bash","Bloodletting","Pommel Strike+1","True Grit+1","Pommel Strike","Thunderclap","Flex","Clothesline","Demon Form+1","Anger","Twin Strike","Berserk+1","Sword Boomerang","Shrug It Off","Armaments","Immolate"],"relics":["Mark of Pain"],"potions_floor_usage":[16,27,27,27],"damage_taken":[{"damage":5,"enemies":"Small Slimes","floor":1,"turns":3},{"damage":2,"enemies":"Jaw Worm","floor":2,"turns":4},{"damage":6,"enemies":"2 Louse","floor":4,"turns":3},{"damage":0,"enemies":"Looter","floor":11,"turns":2},{"damage":0,"enemies":"Exordium Thugs","floor":12,"turns":3},{"damage":20,"enemies":"Lots of Slimes","floor":13,"turns":4},{"damage":0,"enemies":"Large Slime","floor":14,"turns":4},{"damage":24,"enemies":"Slime Boss","floor":16,"turns":9},{"damage":21,"enemies":"Shell Parasite","floor":18,"turns":5},{"damage":23,"enemies":"2 Thieves","floor":19,"turns":4},{"damage":20,"enemies":"Centurion and Healer","floor":24,"turns":7},{"damage":11,"enemies":"3 Cultists","floor":25,"turns":5},{"damage":11,"enemies":"Sentry and Sphere","floor":27,"turns":3}],"seed_played":"-3866849725287530517","potions_obtained":[{"floor":1,"key":"Dexterity Potion"},{"floor":13,"key":"SkillPotion"},{"floor":20,"key":"Weak Potion"},{"floor":20,"key":"Dexterity Potion"},{"floor":25,"key":"Block Potion"}],"is_trial":false,"path_per_floor":["M","M","$","M","?","R","?","R","T","$","M","M","M","M","R","B",null,"M","M","?","?","$","R","M","M","T"],"character_chosen":"IRONCLAD","items_purchased":["True Grit","Pommel Strike","Flex","Armaments"],"campfire_rested":0,"item_purchase_floors":[3,3,10,22],"current_hp_per_floor":[75,73,73,67,56,56,56,56,56,56,56,56,36,36,36,12,80,59,36,36,36,36,36,16,5,5,0],"gold":100,"neow_bonus":"BOSS_RELIC","is_prod":false,"is_daily":false,"chose_seed":false,"campfire_upgraded":4,"win_rate":0,"timestamp":1533617555,"path_taken":["M","M","$","M","?","R","?","R","T","$","M","M","M","M","R","BOSS","M","M","?","?","$","R","M","M","T","M"],"build_version":"2018-08-02","purchased_purges":2,"victory":false,"max_hp_per_floor":[80,80,80,80,80,80,80,80,80,80,80,80,80,80,80,80,80,80,80,80,80,80,80,80,80,80,80],"card_choices":[{"not_picked":["Power Through","Body Slam"],"picked":"Bloodletting","floor":1},{"not_picked":["Anger","Clash"],"picked":"Pommel Strike","floor":2},{"not_picked":["Clash","Armaments"],"picked":"Thunderclap","floor":4},{"not_picked":["True Grit","Fire Breathing"],"picked":"Clothesline","floor":11},{"not_picked":["Warcry","Wild Strike"],"picked":"Demon Form","floor":12},{"not_picked":["Headbutt","Perfected Strike"],"picked":"Anger","floor":13},{"not_picked":["Clothesline","Perfected Strike"],"picked":"Twin Strike","floor":14},{"not_picked":["Fiend Fire","Immolate"],"picked":"Berserk","floor":16},{"not_picked":["Perfected Strike","Rampage"],"picked":"Sword Boomerang","floor":18},{"not_picked":["Cleave","Anger"],"picked":"Shrug It Off","floor":19},{"not_picked":["Twin Strike","Havoc"],"picked":"Immolate","floor":24},{"not_picked":["Rupture","Anger","Second Wind+1"],"picked":"SKIP","floor":25}],"player_experience":345640,"relics_obtained":[],"event_choices":[{"event_name":"World of Goop","player_choice":"Gather Gold","floor":5,"damage_taken":0},{"event_name":"Liars Game","player_choice":"disagreed","floor":7,"damage_taken":0},{"event_name":"The Lab","player_choice":"Got Potions","floor":20,"damage_taken":0},{"event_name":"Cursed Tome","player_choice":"Ignored","floor":21,"damage_taken":0}],"is_beta":false,"boss_relics":[{"not_picked":["Snecko Eye","Black Star","White Beast Statue"]}],"items_purged_floors":[10,22],"is_endless":false,"potions_floor_spawned":[1,13,25],"killed_by":"Sentry and Sphere","ascension_level":0}