{"path_per_floor":["M","?","?","$","M","R","E","R","T","E","M","M","$","M","R","B",null,"M","?","?","$","?","R","$","M","T","R","M"],"character_chosen":"DEFECT","items_purchased":["Gash","Capacitor","Echo Form","FTL"],"gold_per_floor":[111,111,111,35,48,48,73,73,73,103,116,136,83,102,102,206,206,219,219,219,77,77,77,9,22,47,47,63,63],"floor_reached":29,"campfire_rested":1,"playtime":1023,"current_hp_per_floor":[75,68,75,75,75,75,71,71,71,29,25,23,23,20,44,12,82,82,82,82,82,82,82,82,47,47,47,21,0],"items_purged":[],"gold":63,"score":294,"play_id":"a804263e-737c-4e7d-9702-ebb0fbf57330","local_time":"20180511234846","is_prod":false,"is_daily":false,"chose_seed":false,"is_ascension_mode":true,"campfire_upgraded":3,"timestamp":1526100526,"path_taken":["M","?","?","$","M","R","E","R","T","E","M","M","$","M","R","BOSS","M","?","?","$","?","R","$","?","T","R","M","M"],"build_version":"2018-05-10","seed_source_timestamp":260450518790263,"purchased_purges":0,"victory":false,"master_deck":["Strike_B","Strike_B","Strike_B","Defend_B","Defend_B","Defend_B+1","Zap+1","Dualcast","Gash","BootSequence","Conserve Battery+1","Storm+1","Capacitor+1","Go for the Eyes","Amplify","Machine Learning","Cold Snap+1","Steam Power","Echo Form","FTL","BootSequence+1"],"max_hp_per_floor":[75,75,82,82,82,82,82,82,82,82,82,82,82,82,82,82,82,82,82,82,82,82,82,82,82,82,82,82,82],"relics":["Cracked Core","NeowsBlessing","Strawberry","Peace Pipe","Dream Catcher","Mummified Hand","Sozu","War Paint"],"card_choices":[{"not_picked":["Skim","Hyperbeam"],"picked":"BootSequence","floor":7.0},{"not_picked":["Streamline","Scrape"],"picked":"Conserve Battery","floor":11.0},{"not_picked":["Skim","Streamline"],"picked":"Storm","floor":12.0},{"not_picked":["Axe Kick","Coolheaded"],"picked":"Go for the Eyes","floor":14.0},{"not_picked":["Consume","Rebound"],"picked":"Amplify","floor":15.0},{"not_picked":["Multi-Cast","Fission"],"picked":"Machine Learning","floor":16.0},{"not_picked":["Sweeping Beam","Ball Lightning"],"picked":"Cold Snap","floor":18.0},{"not_picked":["Steam","Axe Kick"],"picked":"BootSequence","floor":28.0}],"player_experience":89571,"potions_floor_usage":[],"damage_taken":[{"damage":0.0,"enemies":"Jaw Worm","floor":1.0,"turns":1.0},{"damage":0.0,"enemies":"2 Louse","floor":5.0,"turns":1.0},{"damage":4.0,"enemies":"Lagavulin","floor":7.0,"turns":2.0},{"damage":42.0,"enemies":"Gremlin Nob","floor":10.0,"turns":5.0},{"damage":4.0,"enemies":"Small Slimes","floor":11.0,"turns":3.0},{"damage":2.0,"enemies":"Exordium Wildlife","floor":12.0,"turns":4.0},{"damage":3.0,"enemies":"Looter","floor":14.0,"turns":3.0},{"damage":32.0,"enemies":"Hexaghost","floor":16.0,"turns":12.0},{"damage":0.0,"enemies":"Chosen","floor":18.0,"turns":5.0},{"damage":35.0,"enemies":"3 Byrds","floor":25.0,"turns":5.0},{"damage":26.0,"enemies":"Snake Plant","floor":28.0,"turns":4.0},{"damage":27,"enemies":"Sentry and Sphere","floor":29,"turns":3}],"event_choices":[{"event_name":"Golden Wing","player_choice":"Card Removal","floor":2.0,"damage_taken":0.0},{"event_name":"Big Fish","player_choice":"Box","floor":3.0,"damage_taken":0.0},{"event_name":"Drug Dealer","player_choice":"Ignored","floor":19.0,"damage_taken":0.0},{"event_name":"Transmorgrifier","player_choice":"Transform","floor":20.0,"damage_taken":0.0},{"event_name":"The Lab","player_choice":"Got Potions","floor":22.0,"damage_taken":0.0}],"boss_relics":[],"potions_floor_spawned":[7,11,12,14,16,18,25],"seed_played":"3885708185463950027","killed_by":"Sentry and Sphere","ascension_level":3,"is_trial":false}