{"gold_per_floor":[109,59,107,124,299,299,299,28,28,40,64,104,116,128,140,252,264,294,319,331,176,193,193,204,204,275,303,303,303,323,333,333,333],"floor_reached":33,"playtime":1157,"items_purged":["Doubt","Strike_B"],"score":327,"play_id":"93b57527-1ac9-462d-8abd-27cd43a52d5b","local_time":"20190313151035","is_ascension_mode":true,"campfire_choices":[{"data":"Zap","floor":6,"key":"SMITH"},{"data":"Redo","floor":10,"key":"SMITH"},{"data":"Thunder Strike","floor":13,"key":"SMITH"},{"data":"Lockon","floor":15,"key":"SMITH"},{"floor":23,"key":"REST"},{"floor":25,"key":"REST"},{"floor":29,"key":"REST"},{"data":"Creative AI","floor":32,"key":"SMITH"}],"neow_cost":"NONE","seed_source_timestamp":110423655201624,"circlet_count":0,"master_deck":["Strike_B+1","Defend_B+1","Defend_B+1","Defend_B+1","Defend_B+1","Zap+1","Dualcast","Auto Shields+1","Thunder Strike+1","Redo+1","Lockon+1","Thunder Strike","Conserve Battery+1","Ghostly","Ghostly","Ghostly","Ghostly","Ghostly","Storm","Steam","Ball Lightning+1","Creative AI+1","Beam Cell","Barrage"],"relics":["Cracked Core","War Paint","FaceOfCleric","MawBank","Juzu Bracelet","Philosopher\u0027s Stone","Matryoshka"],"potions_floor_usage":[16,33,33],"damage_taken":[{"damage":11,"enemies":"Jaw Worm","floor":1,"turns":3},{"damage":1,"enemies":"Cultist","floor":4,"turns":4},{"damage":0,"enemies":"2 Louse","floor":11,"turns":2},{"damage":0,"enemies":"Lagavulin","floor":12,"turns":5},{"damage":39,"enemies":"Slime Boss","floor":16,"turns":8},{"damage":34,"enemies":"2 Thieves","floor":18,"turns":4},{"damage":32,"enemies":"3 Byrds","floor":19,"turns":5},{"damage":4,"enemies":"Snecko","floor":22,"turns":6},{"damage":3,"enemies":"Snake Plant","floor":24,"turns":6},{"damage":28,"enemies":"Book of Stabbing","floor":27,"turns":7},{"damage":0,"enemies":"Chosen and Byrds","floor":30,"turns":4},{"damage":0,"enemies":"Centurion and Healer","floor":31,"turns":6},{"damage":22,"enemies":"Champ","floor":33,"turns":7}],"seed_played":"1671188973607858836","potions_obtained":[{"floor":11,"key":"Explosive Potion"},{"floor":18,"key":"Energy Potion"},{"floor":19,"key":"SneckoOil"},{"floor":30,"key":"Ancient Potion"}],"is_trial":false,"path_per_floor":["?","T","M","?","?","?","?","?"],"character_chosen":"DEFECT","items_purchased":["Thunder Strike","Redo","Storm"],"campfire_rested":3,"item_purchase_floors":[8,8,21],"current_hp_per_floor":[64,64,64,63,63,63,63,63,63,63,64,65,65,65,65,27,78,45,14,14,14,11,23,21,33,33,6,6,18,19,20,20,0],"gold":333,"neow_bonus":"THREE_CARDS","is_prod":false,"is_daily":false,"chose_seed":false,"campfire_upgraded":5,"win_rate":0,"timestamp":1552486235,"path_taken":["M","?","?","?","?","R","?","$","T","R","M","E","R","?","R","BOSS","M","M","?","$","M","R","M","R","T","E","?","R","M","M","R","BOSS"],"build_version":"2019-01-23","purchased_purges":2,"victory":false,"max_hp_per_floor":[75,75,75,75,75,75,75,75,75,75,76,77,77,77,77,78,78,79,80,40,40,41,41,42,42,42,43,43,43,44,45,45,45],"card_choices":[{"not_picked":["Aggregate","Go for the Eyes"],"picked":"Auto Shields","floor":0},{"not_picked":["Go for the Eyes","Tempest","Stack"],"picked":"SKIP","floor":1},{"not_picked":["Gash","Meteor Strike","Streamline"],"picked":"SKIP","floor":4},{"not_picked":["Sunder","Rebound","Beam Cell"],"picked":"SKIP","floor":11},{"not_picked":["Scrape","Reprogram","Beam Cell"],"picked":"SKIP","floor":12},{"not_picked":["Machine Learning","Reboot"],"picked":"Thunder Strike","floor":16},{"not_picked":["Go for the Eyes","Sweeping Beam"],"picked":"Conserve Battery+1","floor":18},{"not_picked":["Beam Cell","Recycle","Stack"],"picked":"SKIP","floor":19},{"not_picked":["Rebound","Go for the Eyes+1"],"picked":"Steam","floor":22},{"not_picked":["Redo+1","Tempest"],"picked":"Ball Lightning+1","floor":24},{"not_picked":["Capacitor","White Noise"],"picked":"Creative AI","floor":27},{"not_picked":["Double Energy","Gash"],"picked":"Beam Cell","floor":30},{"not_picked":["Steam","Rebound"],"picked":"Barrage","floor":31}],"player_experience":252932,"relics_obtained":[{"floor":3,"key":"War Paint"},{"floor":9,"key":"MawBank"},{"floor":12,"key":"Juzu Bracelet"},{"floor":27,"key":"Matryoshka"}],"event_choices":[{"cards_removed":["Strike_B"],"damage_healed":0,"gold_gain":0,"player_choice":"Card Removal","damage_taken":0,"max_hp_gain":0,"max_hp_loss":0,"event_name":"The Cleric","floor":2,"gold_loss":50},{"damage_healed":0,"gold_gain":175,"player_choice":"AGREE","damage_taken":0,"max_hp_gain":0,"max_hp_loss":0,"event_name":"Liars Game","floor":5,"gold_loss":0,"cards_obtained":["Doubt"]},{"damage_healed":0,"gold_gain":0,"player_choice":"Trade","damage_taken":0,"relics_obtained":["FaceOfCleric"],"max_hp_gain":0,"max_hp_loss":0,"event_name":"FaceTrader","floor":7,"gold_loss":0},{"damage_healed":0,"gold_gain":0,"cards_transformed":["Strike_B"],"player_choice":"Transformed","damage_taken":0,"max_hp_gain":0,"max_hp_loss":0,"event_name":"Transmorgrifier","floor":14,"gold_loss":0,"cards_obtained":["Lockon"]},{"damage_healed":0,"gold_gain":0,"player_choice":"Became a Ghost","damage_taken":0,"max_hp_gain":0,"max_hp_loss":40,"event_name":"Ghosts","floor":20,"gold_loss":0,"cards_obtained":["Ghostly","Ghostly","Ghostly","Ghostly","Ghostly"]},{"damage_healed":0,"gold_gain":0,"player_choice":"Simplicity","damage_taken":0,"max_hp_gain":0,"max_hp_loss":0,"event_name":"Back to Basics","floor":28,"gold_loss":0,"cards_upgraded":["Strike_B","Defend_B","Defend_B","Defend_B"]}],"is_beta":false,"boss_relics":[{"not_picked":["Nuclear Battery","Sozu"],"picked":"Philosopher\u0027s Stone"}],"items_purged_floors":[8,21],"is_endless":false,"potions_floor_spawned":[11,18,19,30],"killed_by":"Champ","ascension_level":1}