{"gold_per_floor":[117,117,117,117,129,156,166,184,230,244,260,260,272,286,286,383,383,402,180,279,291,308,336,426,426,426,453,368,382,382],"floor_reached":30,"playtime":1088,"items_purged":[],"score":274,"play_id":"0d100257-97a8-4c25-bd02-c95f18acf19a","local_time":"20181005002743","is_ascension_mode":false,"campfire_choices":[{"data":"Darkness","floor":12,"key":"SMITH"},{"data":"Buffer","floor":15,"key":"SMITH"},{"floor":25,"key":"REST"}],"neow_cost":"TEN_PERCENT_HP_LOSS","seed_source_timestamp":90937018678643,"circlet_count":0,"master_deck":["Zap","Dualcast","Conserve Battery","Zap","Buffer+1","Beam Cell","Electrodynamics","Redo","Cold Snap","Reboot","Darkness+1","Coolheaded","Creative AI","Stack","Coolheaded","Auto Shields","Go for the Eyes","Turbo","Static Discharge","Streamline","Go for the Eyes+1","Heatsinks","Coolheaded","Capacitor","Hologram","Swift Strike","Discovery","Bandage Up","Purity","All For One","Rebound"],"relics":["Cracked Core","Nunchaku","Sundial","DataDisk","Pandora\u0027s Box","Orichalcum","Pen Nib","Toxic Egg 2","Shovel","Pear"],"potions_floor_usage":[6],"damage_taken":[{"damage":6,"enemies":"Cultist","floor":1,"turns":3},{"damage":1,"enemies":"Small Slimes","floor":5,"turns":2},{"damage":11,"enemies":"Gremlin Nob","floor":6,"turns":4},{"damage":4,"enemies":"Jaw Worm","floor":7,"turns":3},{"damage":0,"enemies":"Large Slime","floor":8,"turns":4},{"damage":14,"enemies":"Lots of Slimes","floor":10,"turns":3},{"damage":3,"enemies":"Gremlin Gang","floor":11,"turns":2},{"damage":8,"enemies":"Looter","floor":13,"turns":3},{"damage":0,"enemies":"Exordium Wildlife","floor":14,"turns":2},{"damage":8,"enemies":"Hexaghost","floor":16,"turns":9},{"damage":0,"enemies":"Chosen","floor":18,"turns":6},{"damage":10,"enemies":"2 Thieves","floor":21,"turns":3},{"damage":0,"enemies":"Snecko","floor":22,"turns":6},{"damage":13,"enemies":"Gremlin Leader","floor":23,"turns":8},{"damage":7,"enemies":"Book of Stabbing","floor":27,"turns":7},{"damage":11,"enemies":"Sentry and Sphere","floor":29,"turns":6},{"damage":29,"enemies":"Slavers","floor":30,"turns":2}],"seed_played":"-2557014528212302289","potions_obtained":[{"floor":1,"key":"Poison Potion"},{"floor":5,"key":"Ancient Potion"},{"floor":6,"key":"Weak Potion"},{"floor":8,"key":"SteroidPotion"},{"floor":21,"key":"EntropicBrew"}],"is_trial":false,"path_per_floor":["M","?","?","?","M","E","M","M","T","M","M","R","M","M","R","B",null,"M","$","?","M","M","E","?","R","T","E","?","M"],"character_chosen":"DEFECT","items_purchased":["Heatsinks","Orichalcum"],"campfire_rested":1,"item_purchase_floors":[19,19],"current_hp_per_floor":[62,67,67,67,66,55,51,51,51,37,34,34,26,26,26,18,73,73,73,73,63,63,50,8,29,29,26,36,29,0],"gold":382,"neow_bonus":"ONE_RARE_RELIC","is_prod":false,"is_daily":false,"chose_seed":false,"campfire_upgraded":2,"win_rate":0,"timestamp":1538720863,"path_taken":["M","?","?","?","M","E","M","M","T","M","M","R","M","?","R","BOSS","M","$","?","M","M","E","?","R","T","E","?","?","E"],"build_version":"2018-10-04","purchased_purges":0,"victory":false,"max_hp_per_floor":[68,73,73,73,73,73,73,73,73,73,73,73,73,73,73,73,73,73,73,73,73,73,73,73,73,73,73,83,83,83],"card_choices":[{"not_picked":["Double Energy","Steam"],"picked":"Conserve Battery","floor":1},{"not_picked":["Static Discharge","Hologram"],"picked":"Beam Cell","floor":5},{"not_picked":["Coolheaded","Steam"],"picked":"Electrodynamics","floor":6},{"not_picked":["Rebound","Turbo"],"picked":"Redo","floor":7},{"not_picked":["Hologram","Streamline"],"picked":"Cold Snap","floor":8},{"not_picked":["Compile Driver","Scrape"],"picked":"Reboot","floor":10},{"not_picked":["Scrape","Compile Driver"],"picked":"Darkness","floor":11},{"not_picked":["Steam","Leap"],"picked":"Coolheaded","floor":13},{"not_picked":["Scrape","Beam Cell","Stack"],"picked":"SKIP","floor":14},{"not_picked":["Echo Form","Core Surge"],"picked":"Creative AI","floor":16},{"not_picked":["Conserve Battery","FTL"],"picked":"Go for the Eyes+1","floor":18},{"not_picked":["Conserve Battery","Rebound"],"picked":"Coolheaded","floor":21},{"not_picked":["Hologram","Stack"],"picked":"Capacitor","floor":22},{"not_picked":["Redo+1","Tempest+1"],"picked":"Hologram","floor":23},{"not_picked":["Stack+1","Hologram+1"],"picked":"All For One","floor":27},{"not_picked":["Beam Cell","Redo+1"],"picked":"Rebound","floor":29}],"player_experience":495032,"relics_obtained":[{"floor":6,"key":"Sundial"},{"floor":9,"key":"DataDisk"},{"floor":23,"key":"Pen Nib"},{"floor":26,"key":"Toxic Egg 2"},{"floor":27,"key":"Shovel"}],"event_choices":[{"event_name":"Big Fish","player_choice":"Donut","floor":2,"damage_taken":0},{"event_name":"Match and Keep!","player_choice":"2 cards matched","floor":3,"damage_taken":0},{"event_name":"Wheel of Change","player_choice":"Card Removal","floor":4,"damage_taken":0},{"event_name":"Nest","player_choice":"Stole From Cult","floor":20,"damage_taken":0},{"event_name":"Knowing Skull","player_choice":"CARD CARD CARD CARD GOLD ","floor":24,"damage_taken":0},{"event_name":"Addict","player_choice":"Obtained Relic","floor":28,"damage_taken":0}],"is_beta":false,"boss_relics":[{"not_picked":["Velvet Choker","FrozenCore"],"picked":"Pandora\u0027s Box"}],"items_purged_floors":[],"is_endless":false,"potions_floor_spawned":[1,5,6,8,21,22,29],"killed_by":"Slavers","ascension_level":0}