{"gold_per_floor":[110,121,196,212,212,239,239,269,345,345,364,383,410,424,424,424],"floor_reached":16,"playtime":512,"items_purged":[],"score":171,"play_id":"458508fa-f680-4d1a-a1cb-7a04344e2ef2","local_time":"20181111013145","is_ascension_mode":true,"campfire_choices":[{"data":"Infinite Blades","floor":7,"key":"SMITH"},{"floor":10,"key":"REST"},{"floor":15,"key":"REST"}],"neow_cost":"NONE","seed_source_timestamp":3295356596549911,"circlet_count":0,"master_deck":["Defend_G","Defend_G+1","Defend_G","Defend_G","Defend_G","Strike_G","Strike_G","Strike_G","Strike_G","Strike_G","Survivor","Neutralize","Die Die Die","Poisoned Stab","Bouncing Flask","Infinite Blades+1","Cloak And Dagger+1","Backflip","Infinite Blades","Corpse Explosion","Backflip"],"relics":["Ring of the Snake","Girya","War Paint","Singing Bowl","Dodecahedron"],"potions_floor_usage":[6,11,13,16],"damage_taken":[{"damage":1,"enemies":"Jaw Worm","floor":1,"turns":4},{"damage":0,"enemies":"2 Louse","floor":2,"turns":2},{"damage":7,"enemies":"Small Slimes","floor":4,"turns":2},{"damage":14,"enemies":"3 Sentries","floor":6,"turns":7},{"damage":28,"enemies":"Gremlin Nob","floor":8,"turns":4},{"damage":0,"enemies":"3 Louse","floor":11,"turns":2},{"damage":0,"enemies":"2 Fungi Beasts","floor":12,"turns":3},{"damage":10,"enemies":"Lagavulin","floor":13,"turns":5},{"damage":0,"enemies":"Lots of Slimes","floor":14,"turns":1},{"damage":47,"enemies":"Slime Boss","floor":16,"turns":6}],"seed_played":"701574094711118950","potions_obtained":[{"floor":4,"key":"Block Potion"},{"floor":6,"key":"Regen Potion"},{"floor":11,"key":"Dexterity Potion"},{"floor":14,"key":"EssenceOfSteel"}],"is_trial":false,"path_per_floor":["M","M","?","M","?","E","R","E","T","R","M","M","E","M","R","B"],"character_chosen":"THE_SILENT","items_purchased":[],"campfire_rested":2,"item_purchase_floors":[],"current_hp_per_floor":[62,62,51,44,44,30,30,2,2,23,28,30,20,20,41,0],"gold":424,"neow_bonus":"ONE_RANDOM_RARE_CARD","is_prod":false,"is_daily":false,"chose_seed":false,"campfire_upgraded":1,"win_rate":0,"timestamp":1541925105,"path_taken":["M","M","?","M","?","E","R","E","T","R","M","M","E","M","R","BOSS"],"build_version":"2018-11-08","purchased_purges":0,"victory":false,"max_hp_per_floor":[70,70,70,70,70,70,70,70,70,70,70,72,72,72,72,72],"card_choices":[{"not_picked":["Escape Plan","Prepared"],"picked":"Poisoned Stab","floor":1},{"not_picked":["Bane","Prepared"],"picked":"Bouncing Flask","floor":2},{"not_picked":["Heel Hook","Well Laid Plans"],"picked":"Infinite Blades","floor":4},{"not_picked":["Dagger Throw","Flechettes"],"picked":"Cloak And Dagger","floor":6},{"not_picked":["Underhanded Strike","Prepared"],"picked":"Backflip","floor":8},{"not_picked":["Riddle With Holes","Flying Knee"],"picked":"Infinite Blades","floor":11},{"not_picked":["Acrobatics","Deflect","Flying Knee"],"picked":"Singing Bowl","floor":12},{"not_picked":["Blade Dance","Slice"],"picked":"Corpse Explosion","floor":13},{"not_picked":["Deadly Poison","Calculated Gamble"],"picked":"Backflip","floor":14}],"player_experience":578186,"relics_obtained":[{"floor":6,"key":"Girya"},{"floor":8,"key":"War Paint"},{"floor":9,"key":"Singing Bowl"},{"floor":13,"key":"Dodecahedron"}],"event_choices":[{"damage_healed":0,"gold_gain":75,"player_choice":"Gather Gold","damage_taken":11,"max_hp_gain":0,"max_hp_loss":0,"event_name":"World of Goop","floor":3,"gold_loss":0},{"damage_healed":0,"gold_gain":0,"player_choice":"Ignored","damage_taken":0,"max_hp_gain":0,"max_hp_loss":0,"event_name":"Liars Game","floor":5,"gold_loss":0}],"is_beta":false,"boss_relics":[],"items_purged_floors":[],"is_endless":false,"potions_floor_spawned":[4,6,11,14],"killed_by":"Slime Boss","ascension_level":8}