{"gold_per_floor":[118,293,81,81,93,93,123,134,134,154,154,154,154,104,104,208,208,226,241,241,259,98,98,130,130,130,130,150,200,219,219,219,316,316,335,385,399,399,414,414,414,414,440,453,480,392,412,412,412,412],"floor_reached":51,"playtime":2184,"items_purged":["Regret","Strike_R"],"score":718,"play_id":"b9186114-81b0-4657-a532-18fcdc24cd50","local_time":"20181030125158","is_ascension_mode":false,"campfire_choices":[{"data":"Demon Form","floor":6,"key":"SMITH"},{"floor":11,"key":"REST"},{"data":"Bash","floor":13,"key":"SMITH"},{"data":"Warcry","floor":15,"key":"SMITH"},{"data":"Disarm","floor":23,"key":"SMITH"},{"data":"Heavy Blade","floor":25,"key":"SMITH"},{"data":"Defend_R","floor":27,"key":"SMITH"},{"data":"Defend_R","floor":32,"key":"SMITH"},{"data":"1","floor":40,"key":"LIFT"},{"data":"2","floor":42,"key":"LIFT"},{"data":"3","floor":49,"key":"LIFT"}],"neow_cost":"CURSE","seed_source_timestamp":851072751387549,"circlet_count":0,"master_deck":["Strike_R","Strike_R","Strike_R","Strike_R","Defend_R","Defend_R+1","Defend_R+1","Bash+1","Warcry+1","Demon Form+1","Heavy Blade+1","Heavy Blade+1","Cleave+1","Reaper+1","Headbutt+1","Uppercut+1","Heavy Blade+1","Reaper+1","Disarm","Twin Strike+1","Uppercut+1"],"relics":["Burning Blood","StoneCalendar","Pocketwatch","Molten Egg 2","Snecko Eye","MutagenicStrength","Red Skull","Unceasing Top","Busted Crown","Girya","Smiling Mask","Anchor","Magic Flower"],"potions_floor_usage":[33],"damage_taken":[{"damage":11,"enemies":"Small Slimes","floor":1,"turns":5},{"damage":10,"enemies":"Cultist","floor":5,"turns":4},{"damage":43,"enemies":"3 Sentries","floor":7,"turns":7},{"damage":15,"enemies":"Jaw Worm","floor":8,"turns":4},{"damage":12,"enemies":"Lots of Slimes","floor":10,"turns":7},{"damage":24,"enemies":"The Guardian","floor":16,"turns":8},{"damage":5,"enemies":"Chosen","floor":18,"turns":4},{"damage":15,"enemies":"2 Thieves","floor":19,"turns":3},{"damage":3,"enemies":"Centurion and Healer","floor":21,"turns":3},{"damage":39,"enemies":"Gremlin Leader","floor":24,"turns":5},{"damage":10,"enemies":"Snake Plant","floor":28,"turns":4},{"damage":3,"enemies":"3 Cultists","floor":30,"turns":3},{"damage":26,"enemies":"Automaton","floor":33,"turns":5},{"damage":3,"enemies":"3 Shapes","floor":35,"turns":3},{"damage":25,"enemies":"2 Orb Walkers","floor":36,"turns":3},{"damage":32,"enemies":"3 Darklings","floor":37,"turns":6},{"damage":24,"enemies":"Jaw Worm Horde","floor":39,"turns":3},{"damage":18,"enemies":"Sphere and 2 Shapes","floor":44,"turns":2},{"damage":22,"enemies":"Giant Head","floor":45,"turns":5},{"damage":2,"enemies":"Maw","floor":47,"turns":3},{"damage":44,"enemies":"Time Eater","floor":50,"turns":6}],"seed_played":"-6892925458274680450","potions_obtained":[{"floor":1,"key":"FearPotion"},{"floor":16,"key":"Ancient Potion"},{"floor":24,"key":"Fire Potion"},{"floor":28,"key":"Fruit Juice"},{"floor":35,"key":"SmokeBomb"},{"floor":39,"key":"SkillPotion"},{"floor":44,"key":"Block Potion"}],"is_trial":false,"path_per_floor":["M","?","$","?","M","R","E","M","T","M","R","?","R","?","R","B",null,"M","M","?","M","$","R","E","R","T","R","M","?","M","?","R","B",null,"M","?","M","?","M","R","?","R","T","M","E","$","M","T","R","B"],"character_chosen":"IRONCLAD","items_purchased":["Demon Form","Reaper+1","Uppercut+1"],"campfire_rested":1,"item_purchase_floors":[3,22,46],"current_hp_per_floor":[75,75,75,75,71,71,34,25,25,19,43,69,69,69,69,51,80,80,71,71,74,74,74,57,57,57,57,53,53,74,74,74,59,85,85,85,85,85,78,78,78,78,78,80,85,85,85,85,85,85],"gold":412,"neow_bonus":"ONE_RARE_RELIC","is_prod":false,"is_daily":false,"chose_seed":false,"campfire_upgraded":7,"win_rate":0,"timestamp":1540900318,"path_taken":["M","?","$","?","M","R","E","M","T","?","R","?","R","?","R","BOSS","M","M","?","?","$","R","E","R","T","R","M","?","M","?","R","BOSS","M","?","M","?","?","R","?","R","T","M","E","$","M","?","R","BOSS"],"build_version":"2018-10-29v2","purchased_purges":2,"victory":true,"max_hp_per_floor":[80,80,80,80,80,80,80,80,80,80,80,80,80,80,80,80,80,80,80,80,80,80,80,80,80,80,80,80,80,80,80,80,85,85,85,85,85,85,85,85,85,85,85,85,85,85,85,85,85,85],"card_choices":[{"not_picked":["Twin Strike","Intimidate"],"picked":"Warcry","floor":1},{"not_picked":["Wild Strike","Clash","Sword Boomerang"],"picked":"SKIP","floor":5},{"not_picked":["Clash","Feel No Pain","Spot Weakness"],"picked":"SKIP","floor":7},{"not_picked":["Anger","Armaments"],"picked":"Heavy Blade","floor":8},{"not_picked":["Wild Strike+1","Uppercut+1"],"picked":"Heavy Blade+1","floor":10},{"not_picked":["Wild Strike+1","Thunderclap+1","Pummel+1"],"picked":"SKIP","floor":18},{"not_picked":["Entrench+1","Dual Wield"],"picked":"Cleave+1","floor":19},{"not_picked":["Spot Weakness","Warcry"],"picked":"Disarm","floor":21},{"not_picked":["Pommel Strike+1","Power Through"],"picked":"Headbutt+1","floor":24},{"not_picked":["Anger+1","Armaments"],"picked":"Uppercut+1","floor":28},{"not_picked":["Thunderclap+1","Sever Soul+1"],"picked":"Heavy Blade+1","floor":30},{"not_picked":["Barricade","Dark Embrace"],"picked":"Reaper+1","floor":33},{"not_picked":["Infernal Blade"],"picked":"SKIP","floor":35},{"not_picked":[],"picked":"Disarm","floor":37},{"not_picked":[],"picked":"Twin Strike+1","floor":39},{"not_picked":["Flex"],"picked":"SKIP","floor":44},{"not_picked":["Fire Breathing+1"],"picked":"SKIP","floor":45},{"not_picked":["Anger+1"],"picked":"SKIP","floor":47}],"player_experience":27183,"relics_obtained":[{"floor":7,"key":"Pocketwatch"},{"floor":9,"key":"Molten Egg 2"},{"floor":24,"key":"Red Skull"},{"floor":26,"key":"Unceasing Top"},{"floor":36,"key":"Girya"},{"floor":43,"key":"Smiling Mask"},{"floor":45,"key":"Anchor"},{"floor":48,"key":"Magic Flower"}],"event_choices":[{"damage_healed":0,"gold_gain":175,"player_choice":"AGREE","damage_taken":0,"max_hp_gain":0,"max_hp_loss":0,"event_name":"Liars Game","floor":2,"gold_loss":0,"cards_obtained":["Doubt"]},{"damage_healed":0,"gold_gain":0,"player_choice":"Bought 0 Potions","damage_taken":0,"max_hp_gain":0,"max_hp_loss":0,"event_name":"The Woman in Blue","floor":4,"gold_loss":0},{"damage_healed":26,"gold_gain":0,"player_choice":"Banana","damage_taken":0,"max_hp_gain":0,"max_hp_loss":0,"event_name":"Big Fish","floor":12,"gold_loss":0},{"cards_removed":["Doubt"],"damage_healed":0,"gold_gain":0,"player_choice":"Card Removal","damage_taken":0,"max_hp_gain":0,"max_hp_loss":0,"event_name":"The Cleric","floor":14,"gold_loss":50},{"damage_healed":0,"gold_gain":0,"player_choice":"Inject Mutagens","damage_taken":0,"relics_obtained":["MutagenicStrength"],"max_hp_gain":0,"max_hp_loss":0,"event_name":"Drug Dealer","floor":20,"gold_loss":0},{"damage_healed":0,"gold_gain":100,"player_choice":"Bet on Murderer","damage_taken":0,"max_hp_gain":0,"max_hp_loss":0,"event_name":"The Joust","floor":29,"gold_loss":50},{"cards_removed":["Defend_R"],"damage_healed":0,"gold_gain":0,"player_choice":"Purged","damage_taken":0,"max_hp_gain":0,"max_hp_loss":0,"event_name":"Purifier","floor":31,"gold_loss":0},{"damage_healed":0,"gold_gain":0,"player_choice":"Fight","damage_taken":0,"max_hp_gain":0,"max_hp_loss":0,"event_name":"Mysterious Sphere","floor":36,"gold_loss":0},{"cards_removed":["Disarm"],"damage_healed":0,"gold_gain":0,"player_choice":"Removed Skill","damage_taken":0,"max_hp_gain":0,"max_hp_loss":0,"event_name":"Falling","floor":38,"gold_loss":0},{"damage_healed":0,"gold_gain":0,"player_choice":"Leave","damage_taken":0,"max_hp_gain":0,"max_hp_loss":0,"event_name":"FaceTrader","floor":41,"gold_loss":0}],"is_beta":true,"boss_relics":[{"not_picked":["Eternal Feather","Calling Bell"],"picked":"Snecko Eye"},{"not_picked":["Orrery","Black Blood"],"picked":"Busted Crown"}],"items_purged_floors":[3,46],"is_endless":false,"potions_floor_spawned":[1,16,24,28,35,39,44,47],"ascension_level":0}