{"gold_per_floor":[117,117,26,26,44,44,74,148,148,161,175,219,219,290,290,390,390,408,408,72,83,83,98,108,108,108,108,54,85,102,118,118,218,218,235,1234,1289,1309,1332,1332,33,0,0,26,26,61,361,380,380,380],"floor_reached":51,"playtime":5871,"items_purged":["Normality"],"score":838,"play_id":"e5b3a98c-2d8d-4c55-8149-f7ceb980772d","local_time":"20190129212658","daily_mods":["Draft","Vintage","Terminal"],"is_ascension_mode":false,"campfire_choices":[{"data":"Thunderclap","floor":13.0,"key":"SMITH"},{"data":"Sever Soul","floor":15.0,"key":"SMITH"},{"data":"Feed","floor":25.0,"key":"SMITH"},{"data":"Cleave","floor":27.0,"key":"SMITH"},{"data":"Thunderclap","floor":32,"key":"SMITH"},{"floor":40,"key":"REST"},{"floor":49,"key":"REST"}],"neow_cost":"","seed_source_timestamp":0,"circlet_count":0,"master_deck":["Anger","Anger","Anger","Perfected Strike","Flex","Thunderclap+1","Sever Soul+1","Anger","Thunderclap+1","Flex","Cleave","Rage","Anger","Anger","Cleave+1","Mind Blast+1","Feed+1","Clothesline","Shame","Blood for Blood+1","Clash+1","Feed+1","Normality","Iron Wave+1","Discovery","Twin Strike+1","Bandage Up","Whirlwind+1"],"special_seed":0,"relics":["Burning Blood","Orichalcum","Darkstone Periapt","Question Card","Mercury Hourglass","Anchor","Dodecahedron","Tiny Chest","Eternal Feather","Bottled Flame","Nilry\u0027s Codex","Unceasing Top","The Courier","Ornamental Fan","Molten Egg 2","Meat on the Bone","Kunai","Sundial","Bottled Lightning","Letter Opener","Lizard Tail","Frozen Egg 2","Bird Faced Urn","Pear","Pen Nib","Pantograph","Sling","Juzu Bracelet","Peace Pipe","Centennial Puzzle","Blood Vial","Shuriken","Red Mask","Calipers","Ice Cream","Oddly Smooth Stone","Strawberry"],"potions_floor_usage":[],"damage_taken":[{"damage":0.0,"enemies":"Small Slimes","floor":1.0,"turns":1.0},{"damage":0.0,"enemies":"Cultist","floor":5.0,"turns":2.0},{"damage":0.0,"enemies":"Jaw Worm","floor":10.0,"turns":2.0},{"damage":0.0,"enemies":"Looter","floor":11.0,"turns":2.0},{"damage":0.0,"enemies":"Large Slime","floor":12.0,"turns":2.0},{"damage":37.0,"enemies":"The Guardian","floor":16.0,"turns":7.0},{"damage":0.0,"enemies":"Chosen","floor":18.0,"turns":3.0},{"damage":0.0,"enemies":"3 Byrds","floor":21.0,"turns":3.0},{"damage":1.0,"enemies":"Cultist and Chosen","floor":23.0,"turns":4.0},{"damage":15.0,"enemies":"Shelled Parasite and Fungi","floor":24.0,"turns":4.0},{"damage":0.0,"enemies":"Gremlin Leader","floor":29.0,"turns":4.0},{"damage":0.0,"enemies":"Chosen and Byrds","floor":30.0,"turns":4.0},{"damage":3.0,"enemies":"Snecko","floor":31.0,"turns":4.0},{"damage":39,"enemies":"Collector","floor":33,"turns":6},{"damage":6,"enemies":"Orb Walker","floor":35,"turns":3},{"damage":42,"enemies":"2 Orb Walkers","floor":37,"turns":6},{"damage":23,"enemies":"3 Shapes","floor":38,"turns":4},{"damage":20,"enemies":"Reptomancer","floor":44,"turns":4},{"damage":58,"enemies":"Nemesis","floor":46,"turns":5},{"damage":19,"enemies":"Spire Growth","floor":48,"turns":3},{"damage":119,"enemies":"Donu and Deca","floor":50,"turns":8}],"seed_played":"4904188081514497194","potions_obtained":[{"floor":11.0,"key":"EssenceOfSteel"},{"floor":12.0,"key":"EssenceOfSteel"},{"floor":16.0,"key":"GamblersBrew"},{"floor":37,"key":"GamblersBrew"}],"is_trial":true,"path_per_floor":["?","?","$","?","T","M","?","?","?","?","?","T","?","?","?"],"character_chosen":"IRONCLAD","items_purchased":["Mind Blast","Unceasing Top","Clothesline","Blood for Blood+1","Discovery","Pantograph","Sling","Juzu Bracelet","Peace Pipe","Centennial Puzzle","Blood Vial","Shuriken"],"campfire_rested":2,"item_purchase_floors":[3,20,20,28,41,41,41,41,41,41,41,41],"current_hp_per_floor":[78,82,81,80,79,78,77,76,75,74,73,72,71,70,69,38,67,66,50,50,59,65,70,64,71,70,69,68,67,66,65,64,43,62,61,72,52,61,61,86,85,84,83,69,69,35,35,51,88,47],"gold":380,"neow_bonus":"","is_prod":false,"is_daily":false,"chose_seed":false,"campfire_upgraded":5,"win_rate":0.0,"timestamp":1548793618,"path_taken":["M","?","$","?","M","?","?","?","T","?","M","M","R","?","R","BOSS","M","?","$","M","?","M","M","R","T","R","$","E","M","M","R","BOSS","M","?","?","M","?","R","$","?","T","E","?","E","?","M","R","BOSS"],"build_version":"2019-01-23","purchased_purges":1,"victory":true,"max_hp_per_floor":[78,82,81,80,79,78,77,76,75,74,73,72,71,70,69,68,67,66,65,64,66,71,70,72,71,70,69,68,67,66,65,64,63,62,61,72,75,88,87,86,85,84,83,82,81,80,79,89,88,91],"card_choices":[{"not_picked":["Dropkick","Twin Strike"],"picked":"Anger","floor":0.0},{"not_picked":["Uppercut","Seeing Red"],"picked":"Anger","floor":0.0},{"not_picked":["Sentinel","Cleave"],"picked":"Anger","floor":0.0},{"not_picked":["Havoc","Sword Boomerang"],"picked":"Perfected Strike","floor":0.0},{"not_picked":["Twin Strike","Sword Boomerang"],"picked":"Flex","floor":0.0},{"not_picked":["Havoc","Body Slam"],"picked":"Thunderclap","floor":0.0},{"not_picked":["Iron Wave","Metallicize"],"picked":"Sever Soul","floor":0.0},{"not_picked":["Twin Strike","Headbutt"],"picked":"Anger","floor":0.0},{"not_picked":["Heavy Blade","Infernal Blade"],"picked":"Thunderclap","floor":0.0},{"not_picked":["Cleave","Shrug It Off"],"picked":"Flex","floor":0.0},{"not_picked":["Disarm","Clothesline"],"picked":"Cleave","floor":0.0},{"not_picked":["Pommel Strike","Dual Wield"],"picked":"Rage","floor":0.0},{"not_picked":["Warcry","True Grit"],"picked":"Anger","floor":0.0},{"not_picked":["Headbutt","Sword Boomerang"],"picked":"Anger","floor":0.0},{"not_picked":["True Grit","Shrug It Off"],"picked":"Cleave","floor":0.0},{"not_picked":["Reaper","Double Tap","Exhume"],"picked":"Feed","floor":16.0},{"not_picked":["Dual Wield","Clothesline+1","Limit Break"],"picked":"Clash+1","floor":29.0},{"not_picked":["Immolate+1","Berserk","Reaper+1"],"picked":"Feed+1","floor":33},{"not_picked":["Power Through+1","Dual Wield","Shrug It Off"],"picked":"Iron Wave+1","floor":37},{"not_picked":["Dropkick+1","Rage+1","Heavy Blade+1"],"picked":"Twin Strike+1","floor":44},{"not_picked":["Transmutation","Thinking Ahead","Good Instincts"],"picked":"Bandage Up","floor":45},{"not_picked":["Iron Wave+1","Rupture+1","Bloodletting+1"],"picked":"Whirlwind+1","floor":46}],"player_experience":28239,"relics_obtained":[{"floor":1.0,"key":"Orichalcum"},{"floor":5.0,"key":"Darkstone Periapt"},{"floor":8.0,"key":"Question Card"},{"floor":9.0,"key":"Mercury Hourglass"},{"floor":10.0,"key":"Anchor"},{"floor":11.0,"key":"Dodecahedron"},{"floor":12.0,"key":"Tiny Chest"},{"floor":18.0,"key":"Bottled Flame"},{"floor":19.0,"key":"Nilry\u0027s Codex"},{"floor":21.0,"key":"The Courier"},{"floor":23.0,"key":"Molten Egg 2"},{"floor":24.0,"key":"Meat on the Bone"},{"floor":26.0,"key":"Kunai"},{"floor":29.0,"key":"Sundial"},{"floor":30.0,"key":"Bottled Lightning"},{"floor":31.0,"key":"Letter Opener"},{"floor":35,"key":"Frozen Egg 2"},{"floor":37,"key":"Bird Faced Urn"},{"floor":38,"key":"Pear"},{"floor":39,"key":"Pen Nib"},{"floor":43,"key":"Calipers"},{"floor":44,"key":"Ice Cream"},{"floor":46,"key":"Oddly Smooth Stone"},{"floor":48,"key":"Strawberry"}],"event_choices":[{"damage_healed":0.0,"max_hp_gain":5.0,"max_hp_loss":0.0,"gold_gain":0.0,"event_name":"Big Fish","player_choice":"Donut","floor":2.0,"gold_loss":0.0,"damage_taken":0.0},{"damage_healed":0.0,"max_hp_gain":0.0,"max_hp_loss":0.0,"gold_gain":0.0,"event_name":"Living Wall","player_choice":"Grow","floor":4.0,"gold_loss":0.0,"damage_taken":0.0,"cards_upgraded":["Mind Blast"]},{"damage_healed":0.0,"max_hp_gain":0.0,"max_hp_loss":0.0,"gold_gain":30.0,"event_name":"Dead Adventurer","player_choice":"Searched \u00271\u0027 times","floor":7.0,"gold_loss":0.0,"damage_taken":0.0},{"damage_healed":0.0,"max_hp_gain":0.0,"max_hp_loss":0.0,"gold_gain":71.0,"event_name":"Golden Wing","player_choice":"Gained Gold","floor":14.0,"gold_loss":0.0,"damage_taken":0.0},{"damage_healed":0.0,"max_hp_gain":0.0,"max_hp_loss":0.0,"gold_gain":0.0,"event_name":"Cursed Tome","player_choice":"Obtained Book","floor":19.0,"gold_loss":0.0,"damage_taken":16.0},{"damage_healed":0.0,"max_hp_gain":0.0,"max_hp_loss":0.0,"gold_gain":0.0,"event_name":"Addict","player_choice":"Stole Relic","floor":22.0,"gold_loss":0.0,"damage_taken":0.0,"relics_obtained":["Ornamental Fan"],"cards_obtained":["Shame"]},{"damage_healed":0,"gold_gain":999,"player_choice":"Gold","damage_taken":0,"max_hp_gain":0,"max_hp_loss":0,"event_name":"MindBloom","floor":36,"gold_loss":0,"cards_obtained":["Normality","Normality"]},{"damage_healed":0,"gold_gain":0,"player_choice":"Fight","damage_taken":0,"max_hp_gain":0,"max_hp_loss":0,"event_name":"Mysterious Sphere","floor":37,"gold_loss":0},{"damage_healed":0,"gold_gain":0,"player_choice":"Paid","damage_taken":0,"relics_obtained":["Red Mask"],"max_hp_gain":0,"max_hp_loss":0,"event_name":"Tomb of Lord Red Mask","floor":42,"gold_loss":33},{"damage_healed":0,"gold_gain":0,"player_choice":"Memory 1","damage_taken":0,"max_hp_gain":0,"max_hp_loss":0,"event_name":"SensoryStone","floor":45,"gold_loss":0},{"damage_healed":0,"gold_gain":300,"player_choice":"Gold","damage_taken":0,"max_hp_gain":0,"max_hp_loss":0,"event_name":"Wheel of Change","floor":47,"gold_loss":0}],"is_beta":false,"boss_relics":[{"not_picked":["Runic Dome","Coffee Dripper"],"picked":"Eternal Feather"},{"not_picked":["Velvet Choker","Empty Cage"],"picked":"Lizard Tail"}],"items_purged_floors":[41],"is_endless":false,"potions_floor_spawned":[11,12,16,23,24,29,30,31,35,37,46],"ascension_level":0}