{"gold_per_floor":[119,130,130,130,56,81,81,98,121,131,131,18,28,40,40,136,136,151,151,168,168,183,211,211,230,254,254],"floor_reached":27,"playtime":931,"items_purged":["Strike_R"],"score":235,"play_id":"660ac14d-2b22-42f5-9bbb-2c10ee3ed17c","local_time":"20180730135745","is_ascension_mode":false,"campfire_choices":[{"data":"Clash","floor":7.0,"key":"SMITH"},{"data":"Searing Blow","floor":11.0,"key":"SMITH"},{"data":"Limit Break","floor":15.0,"key":"SMITH"},{"data":"Immolate","floor":24,"key":"SMITH"}],"neow_cost":"","seed_source_timestamp":1344262012691063,"circlet_count":0,"master_deck":["Strike_R","Strike_R","Strike_R","Strike_R","Defend_R","Defend_R","Defend_R","Defend_R","Bash","Searing Blow+1","Spot Weakness","Reaper","Clash+1","Thunderclap","Thunderclap","Inflame","Limit Break+1","Feed","Immolate+1"],"special_seed":0,"relics":["Black Blood"],"potions_floor_usage":[22,23],"damage_taken":[{"damage":5.0,"enemies":"Jaw Worm","floor":1.0,"turns":5.0},{"damage":6.0,"enemies":"2 Louse","floor":2.0,"turns":2.0},{"damage":63.0,"enemies":"Lagavulin","floor":6.0,"turns":7.0},{"damage":1.0,"enemies":"Cultist","floor":8.0,"turns":3.0},{"damage":4.0,"enemies":"Red Slaver","floor":10.0,"turns":3.0},{"damage":12.0,"enemies":"Blue Slaver","floor":13.0,"turns":3.0},{"damage":12.0,"enemies":"3 Louse","floor":14.0,"turns":2.0},{"damage":15.0,"enemies":"Hexaghost","floor":16.0,"turns":8.0},{"damage":29,"enemies":"Spheric Guardian","floor":18,"turns":5},{"damage":51,"enemies":"Shell Parasite","floor":20,"turns":7},{"damage":36,"enemies":"Centurion and Healer","floor":22,"turns":6},{"damage":52,"enemies":"Slavers","floor":23,"turns":5},{"damage":27,"enemies":"Snecko","floor":25,"turns":6},{"damage":21,"enemies":"Snake Plant","floor":27,"turns":1}],"seed_played":"-1128609034659582866","potions_obtained":[{"floor":6.0,"key":"Weak Potion"},{"floor":8.0,"key":"Weak Potion"},{"floor":10.0,"key":"AttackPotion"},{"floor":18,"key":"PowerPotion"},{"floor":22,"key":"Fire Potion"}],"is_trial":false,"path_per_floor":["M","M","?","?","$","E","R","M","T","M","R","$","M","M","R","B",null,"M","?","M","?","M","E","R","M","T"],"character_chosen":"IRONCLAD","items_purchased":["Reaper","Inflame"],"campfire_rested":0,"item_purchase_floors":[5,12],"current_hp_per_floor":[80,80,85,85,85,28,28,33,33,45,45,45,39,33,33,41,85,69,69,45,45,40,20,20,13,13,0],"gold":254,"neow_bonus":"","is_prod":false,"is_daily":false,"chose_seed":false,"campfire_upgraded":4,"win_rate":0,"timestamp":1532980665,"path_taken":["M","M","?","?","$","E","R","M","T","?","R","?","M","M","R","BOSS","M","?","M","?","?","E","R","M","T","M"],"build_version":"2018-07-26","purchased_purges":1,"victory":false,"max_hp_per_floor":[80,80,85,85,85,85,85,85,85,85,85,85,85,85,85,85,85,88,88,91,91,94,94,94,94,94,94],"card_choices":[{"not_picked":["Clash","Iron Wave"],"picked":"Searing Blow","floor":1.0},{"not_picked":["Dual Wield","Evolve"],"picked":"Spot Weakness","floor":2.0},{"not_picked":["Flame Barrier","Sword Boomerang"],"picked":"Clash","floor":6.0},{"not_picked":["Wild Strike","Havoc"],"picked":"Thunderclap","floor":8.0},{"not_picked":["Sever Soul","Inflame"],"picked":"Thunderclap","floor":10.0},{"not_picked":["Anger","Dropkick"],"picked":"Limit Break","floor":13.0},{"not_picked":["Warcry","Ghostly Armor","Havoc"],"picked":"SKIP","floor":14.0},{"not_picked":["Barricade","Double Tap"],"picked":"Feed","floor":16.0},{"not_picked":["Infernal Blade+1","Rampage","Twin Strike"],"picked":"SKIP","floor":18},{"not_picked":["Sword Boomerang","Headbutt","Sentinel"],"picked":"SKIP","floor":20},{"not_picked":["Fire Breathing","Perfected Strike+1","Battle Trance+1"],"picked":"SKIP","floor":22},{"not_picked":["Exhume","Metallicize+1"],"picked":"Immolate","floor":23},{"not_picked":["Wild Strike+1","Corruption","Thunderclap"],"picked":"SKIP","floor":25}],"player_experience":296154,"relics_obtained":[],"event_choices":[{"event_name":"Big Fish","player_choice":"Donut","floor":3.0,"damage_taken":0.0},{"event_name":"Liars Game","player_choice":"disagreed","floor":4.0,"damage_taken":0.0},{"event_name":"Cursed Tome","player_choice":"Ignored","floor":19,"damage_taken":0},{"event_name":"Drug Dealer","player_choice":"Ignored","floor":21,"damage_taken":0}],"is_beta":false,"boss_relics":[{"not_picked":["Orrery","Fusion Hammer"],"picked":"Black Blood"}],"items_purged_floors":[12],"is_endless":false,"potions_floor_spawned":[6,8,10,18,22],"killed_by":"Snake Plant","ascension_level":0}