{"gold_per_floor":[111,122,134,148,164,164,189,219,272,237,42,74,74,74,74,177,177,195,34,44,44,58,88,99,99,129,143,172,271,271,271],"floor_reached":31,"playtime":1037,"items_purged":[],"score":399,"play_id":"cf98b610-0420-4922-a69b-ff5d44138136","local_time":"20190319183320","is_ascension_mode":true,"campfire_choices":[{"data":"Flex","floor":6,"key":"SMITH"},{"floor":13,"key":"REST"},{"floor":15,"key":"REST"},{"floor":25,"key":"REST"},{"floor":30,"key":"REST"}],"neow_cost":"NONE","seed_source_timestamp":410347906459638,"circlet_count":0,"master_deck":["Strike_R","Strike_R","Strike_R","Strike_R","Strike_R","Defend_R+1","Defend_R","Defend_R","Defend_R","Bash","Second Wind","Pommel Strike","Thunderclap","Flex+1","Thunderclap","Dark Embrace+1","Flex","Cleave","Demon Form","Clothesline","Spot Weakness","Infernal Blade","Flex","Heavy Blade+1","Shrug It Off","Ghostly Armor","Feel No Pain","Havoc"],"relics":["Burning Blood","Strawberry","Bag of Marbles","Anchor","Omamori","Mercury Hourglass","Fusion Hammer","Lantern","Tiny Chest","Charon\u0027s Ashes"],"potions_floor_usage":[7,16,16,24,24],"damage_taken":[{"damage":9,"enemies":"Jaw Worm","floor":1,"turns":6},{"damage":5,"enemies":"2 Louse","floor":2,"turns":2},{"damage":0,"enemies":"Cultist","floor":3,"turns":3},{"damage":6,"enemies":"2 Fungi Beasts","floor":4,"turns":4},{"damage":20,"enemies":"3 Louse","floor":5,"turns":4},{"damage":35,"enemies":"3 Sentries","floor":7,"turns":9},{"damage":35,"enemies":"Lagavulin","floor":12,"turns":5},{"damage":69,"enemies":"Hexaghost","floor":16,"turns":11},{"damage":22,"enemies":"Chosen","floor":18,"turns":5},{"damage":8,"enemies":"Spheric Guardian","floor":20,"turns":3},{"damage":4,"enemies":"Centurion and Healer","floor":22,"turns":3},{"damage":37,"enemies":"Gremlin Leader","floor":23,"turns":7},{"damage":24,"enemies":"Shelled Parasite and Fungi","floor":24,"turns":3},{"damage":12,"enemies":"Chosen and Byrds","floor":27,"turns":5},{"damage":14,"enemies":"Slavers","floor":28,"turns":4},{"damage":47,"enemies":"Book of Stabbing","floor":31,"turns":4}],"seed_played":"1888596505408265948","potions_obtained":[{"floor":1,"key":"SpeedPotion"},{"floor":3,"key":"Swift Potion"},{"floor":4,"key":"BloodPotion"},{"floor":18,"key":"GamblersBrew"},{"floor":20,"key":"Regen Potion"},{"floor":23,"key":"GamblersBrew"},{"floor":28,"key":"Fire Potion"}],"is_trial":false,"path_per_floor":["?","?","?","?","M","?"],"character_chosen":"IRONCLAD","items_purchased":["Omamori","Flex","Spot Weakness","Infernal Blade"],"campfire_rested":4,"item_purchase_floors":[11,11,19,19],"current_hp_per_floor":[76,77,83,83,69,69,40,40,40,61,61,32,58,41,67,12,68,52,52,50,50,52,21,8,34,34,28,20,20,46,0],"gold":271,"neow_bonus":"RANDOM_COMMON_RELIC","is_prod":false,"is_daily":false,"chose_seed":false,"campfire_upgraded":1,"win_rate":0,"timestamp":1553016800,"path_taken":["M","M","M","M","M","R","E","?","T","?","$","E","R","?","R","BOSS","M","$","M","?","M","E","M","R","T","?","E","?","R","E"],"build_version":"2019-01-23","purchased_purges":0,"victory":false,"max_hp_per_floor":[87,87,87,87,87,87,87,87,87,87,87,87,87,87,87,87,87,87,87,87,87,87,87,87,87,87,87,87,87,87,87],"card_choices":[{"not_picked":["Reckless Charge","Power Through"],"picked":"Second Wind","floor":1},{"not_picked":["Clothesline","Havoc"],"picked":"Pommel Strike","floor":2},{"not_picked":["Anger","Clothesline"],"picked":"Thunderclap","floor":3},{"not_picked":["Perfected Strike","Pommel Strike"],"picked":"Flex","floor":4},{"not_picked":["Perfected Strike","True Grit"],"picked":"Thunderclap","floor":5},{"not_picked":["Whirlwind","Sentinel"],"picked":"Dark Embrace","floor":7},{"not_picked":["Twin Strike","Perfected Strike"],"picked":"Cleave","floor":12},{"not_picked":["Immolate","Double Tap"],"picked":"Demon Form","floor":16},{"not_picked":["Flame Barrier","Clash"],"picked":"Clothesline","floor":18},{"not_picked":["Burning Pact","Thunderclap+1"],"picked":"Flex","floor":20},{"not_picked":["Body Slam","Havoc"],"picked":"Heavy Blade+1","floor":22},{"not_picked":["Wild Strike","Uppercut"],"picked":"Shrug It Off","floor":23},{"not_picked":["Clash","Shockwave"],"picked":"Ghostly Armor","floor":24},{"not_picked":["Carnage","Body Slam"],"picked":"Feel No Pain","floor":27},{"not_picked":["Clash","Headbutt"],"picked":"Havoc","floor":28}],"player_experience":419868,"relics_obtained":[{"floor":7,"key":"Bag of Marbles"},{"floor":9,"key":"Anchor"},{"floor":12,"key":"Mercury Hourglass"},{"floor":23,"key":"Lantern"},{"floor":26,"key":"Tiny Chest"},{"floor":28,"key":"Charon\u0027s Ashes"}],"event_choices":[{"damage_healed":0,"gold_gain":30,"player_choice":"Searched \u00271\u0027 times","damage_taken":0,"max_hp_gain":0,"max_hp_loss":0,"event_name":"Dead Adventurer","floor":8,"gold_loss":0},{"damage_healed":21,"gold_gain":0,"player_choice":"Healed","damage_taken":0,"max_hp_gain":0,"max_hp_loss":0,"event_name":"The Cleric","floor":10,"gold_loss":35},{"damage_healed":0,"gold_gain":0,"player_choice":"Entered Light","damage_taken":17,"max_hp_gain":0,"max_hp_loss":0,"event_name":"Shining Light","floor":14,"gold_loss":0,"cards_upgraded":["Dark Embrace","Defend_R"]},{"damage_healed":0,"gold_gain":0,"player_choice":"0 cards matched","damage_taken":0,"max_hp_gain":0,"max_hp_loss":0,"event_name":"Match and Keep!","floor":21,"gold_loss":0,"cards_obtained":[]},{"damage_healed":0,"gold_gain":99,"player_choice":"Stole From Cult","damage_taken":0,"max_hp_gain":0,"max_hp_loss":0,"event_name":"Nest","floor":29,"gold_loss":0}],"is_beta":false,"boss_relics":[{"not_picked":["Orrery","Tiny House"],"picked":"Fusion Hammer"}],"items_purged_floors":[],"is_endless":false,"potions_floor_spawned":[1,3,4,18,20,23,28],"killed_by":"Book of Stabbing","ascension_level":8}