{"gold_per_floor":[115,131,206,224,235,235,245,245,245,258,258,21,32,44,44,139,139,150,160,160],"floor_reached":20,"playtime":1070,"items_purged":[],"score":170,"play_id":"3c1f51fe-f0f6-4b9b-8e4d-c064b32ea62c","local_time":"20180701162132","is_ascension_mode":false,"campfire_choices":[{"data":"Die Die Die","floor":6,"key":"SMITH"},{"data":"Noxious Fumes","floor":11,"key":"SMITH"},{"floor":15,"key":"REST"}],"neow_cost":"NONE","seed_source_timestamp":430740391866833,"circlet_count":0,"master_deck":["Defend_G","Defend_G","Defend_G","Defend_G","Defend_G","Strike_G","Strike_G","Strike_G","Strike_G","Strike_G","Survivor","Neutralize","Die Die Die+1","PiercingWail","All Out Attack","Malaise","Calculated Gamble","Outmaneuver","Noxious Fumes+1","Deflect","Infinite Blades","Crippling Poison","Corpse Explosion+1","Dodge and Roll","Catalyst+1"],"relics":["Ring of the Snake","Question Card","Molten Egg 2","Membership Card","Sozu"],"potions_floor_usage":[16],"damage_taken":[{"damage":0,"enemies":"Jaw Worm","floor":1,"turns":3},{"damage":0,"enemies":"Cultist","floor":2,"turns":4},{"damage":0,"enemies":"2 Louse","floor":4,"turns":2},{"damage":14,"enemies":"Exordium Wildlife","floor":5,"turns":8},{"damage":0,"enemies":"3 Louse","floor":7,"turns":1},{"damage":10,"enemies":"Exordium Thugs","floor":10,"turns":6},{"damage":1,"enemies":"Gremlin Gang","floor":13,"turns":2},{"damage":12,"enemies":"Exordium Wildlife","floor":14,"turns":5},{"damage":33,"enemies":"Hexaghost","floor":16,"turns":10},{"damage":15,"enemies":"Shell Parasite","floor":18,"turns":7},{"damage":34,"enemies":"Chosen","floor":19,"turns":6},{"damage":24,"enemies":"3 Cultists","floor":20,"turns":3}],"seed_played":"5512897720070069596","potions_obtained":[{"floor":1,"key":"LiquidBronze"},{"floor":4,"key":"FearPotion"},{"floor":5,"key":"Block Potion"}],"is_trial":false,"path_per_floor":["M","M","?","M","M","R","M","?","T","M","R","$","M","M","R","B",null,"M","M"],"character_chosen":"THE_SILENT","items_purchased":["Membership Card","Deflect"],"campfire_rested":1,"item_purchase_floors":[12,12],"current_hp_per_floor":[70,70,59,59,45,45,45,38,38,28,28,28,27,15,36,3,70,55,21,0],"gold":160,"neow_bonus":"ONE_RANDOM_RARE_CARD","is_prod":false,"is_daily":false,"chose_seed":false,"campfire_upgraded":2,"win_rate":0.0,"timestamp":1530483692,"path_taken":["M","M","?","M","M","R","M","?","T","M","R","$","?","M","R","BOSS","M","?","M"],"build_version":"2018-06-28","purchased_purges":0,"victory":false,"max_hp_per_floor":[70,70,70,70,70,70,70,70,70,70,70,70,70,70,70,70,70,70,70,70],"card_choices":[{"not_picked":["Masterful Stab","Dodge and Roll"],"picked":"PiercingWail","floor":1},{"not_picked":["Slice","Calculated Gamble"],"picked":"All Out Attack","floor":2},{"not_picked":["Dagger Throw","Backflip"],"picked":"Malaise","floor":4},{"not_picked":["Backflip","Deadly Poison"],"picked":"Calculated Gamble","floor":5},{"not_picked":["Flechettes","Masterful Stab"],"picked":"Outmaneuver","floor":7},{"not_picked":["Blur","Choke+1","Flechettes+1"],"picked":"Noxious Fumes","floor":10},{"not_picked":["Dodge and Roll","Backstab+1","Poisoned Stab+1"],"picked":"Infinite Blades","floor":13},{"not_picked":["Dagger Throw+1","Prepared","Slice+1"],"picked":"Crippling Poison","floor":14},{"not_picked":["Burst","Glass Knife+1","Tactician"],"picked":"Corpse Explosion+1","floor":16},{"not_picked":["Heel Hook+1","Acrobatics","Deflect"],"picked":"Dodge and Roll","floor":18},{"not_picked":["Quick Slash+1","Blur","Acrobatics"],"picked":"Catalyst+1","floor":19}],"player_experience":94209,"relics_obtained":[{"floor":9,"key":"Molten Egg 2"}],"event_choices":[{"event_name":"World of Goop","player_choice":"Gather Gold","floor":3,"damage_taken":0},{"event_name":"Scrap Ooze","player_choice":"success","floor":8,"damage_taken":7}],"boss_relics":[{"not_picked":["Calling Bell","Empty Cage"],"picked":"Sozu"}],"items_purged_floors":[],"is_endless":false,"potions_floor_spawned":[1,4,5,7,14,18,19],"killed_by":"3 Cultists","ascension_level":0}