{"gold_per_floor":[119,44,5,5,16,16,35,65,116,146,146,146,180,180,180,254,254,273,290,35,50,140,140,171,171,198,224,234,253,303,321,321,393,393,407,417,67,67,82,116,129,129,182,182,212,212,262,282,282,282],"floor_reached":50,"playtime":3076,"items_purged":[],"score":959,"play_id":"8573a817-3554-444b-9d7c-174f9da2c473","local_time":"20190306153339","is_ascension_mode":true,"campfire_choices":[{"data":"Inflame","floor":6.0,"key":"SMITH"},{"floor":11.0,"key":"REST"},{"floor":15.0,"key":"REST"},{"floor":23.0,"key":"REST"},{"data":"Demon Form","floor":25.0,"key":"SMITH"},{"data":"Armaments","floor":32.0,"key":"SMITH"},{"floor":42,"key":"REST"},{"data":"Armaments","floor":49,"key":"SMITH"}],"neow_cost":"NONE","seed_source_timestamp":1218655533774755,"circlet_count":0,"master_deck":["AscendersBane","Bash+1","Reaper","Dropkick","Metallicize","Inflame+1","Armaments+1","Twin Strike","Dual Wield","Ghostly Armor","Fire Breathing","Battle Trance","Barricade","Sentinel","Clothesline","Anger","Ghostly Armor","Armaments+1","Pommel Strike","Rage","Twin Strike","Demon Form+1","Shrug It Off","Limit Break","Shrug It Off","Thunderclap","Dropkick","Metallicize","Reaper+1","Armaments+1","Sword Boomerang+1"],"special_seed":0,"relics":["Burning Blood","Bag of Preparation","Odd Mushroom","Dream Catcher","Juzu Bracelet","Mummified Hand","Pandora\u0027s Box","Kunai","Darkstone Periapt","Smiling Mask","Unceasing Top","Runic Pyramid","Thread and Needle","Bottled Flame","Strawberry","Molten Egg 2"],"potions_floor_usage":[41,48,50],"damage_taken":[{"damage":18.0,"enemies":"Small Slimes","floor":1.0,"turns":6.0},{"damage":14.0,"enemies":"2 Louse","floor":5.0,"turns":4.0},{"damage":2.0,"enemies":"Cultist","floor":7.0,"turns":4.0},{"damage":31.0,"enemies":"The Mushroom Lair","floor":8.0,"turns":6.0},{"damage":34.0,"enemies":"Lagavulin","floor":10.0,"turns":7.0},{"damage":25.0,"enemies":"Gremlin Nob","floor":13.0,"turns":5.0},{"damage":16.0,"enemies":"The Guardian","floor":16.0,"turns":14.0},{"damage":27.0,"enemies":"3 Byrds","floor":18.0,"turns":5.0},{"damage":15.0,"enemies":"Shell Parasite","floor":19.0,"turns":8.0},{"damage":9.0,"enemies":"Centurion and Healer","floor":21.0,"turns":4.0},{"damage":40.0,"enemies":"Gremlin Leader","floor":24.0,"turns":8.0},{"damage":17.0,"enemies":"Slavers","floor":27.0,"turns":6.0},{"damage":7.0,"enemies":"Shelled Parasite and Fungi","floor":28.0,"turns":5.0},{"damage":14.0,"enemies":"Cultist and Chosen","floor":29.0,"turns":7.0},{"damage":8.0,"enemies":"Snake Plant","floor":31.0,"turns":4.0},{"damage":41.0,"enemies":"Collector","floor":33.0,"turns":10.0},{"damage":17.0,"enemies":"3 Shapes","floor":35.0,"turns":5.0},{"damage":12.0,"enemies":"Orb Walker","floor":36.0,"turns":3.0},{"damage":26.0,"enemies":"Jaw Worm Horde","floor":39.0,"turns":7.0},{"damage":71.0,"enemies":"Reptomancer","floor":40.0,"turns":6.0},{"damage":26,"enemies":"Sphere and 2 Shapes","floor":41,"turns":4},{"damage":29,"enemies":"Nemesis","floor":45,"turns":5},{"damage":1,"enemies":"Writhing Mass","floor":48,"turns":8},{"damage":117,"enemies":"Awakened One","floor":50,"turns":5}],"seed_played":"-1942162074393420151","potions_obtained":[{"floor":10.0,"key":"BloodPotion"},{"floor":13.0,"key":"LiquidBronze"},{"floor":16.0,"key":"Poison Potion"},{"floor":24.0,"key":"Energy Potion"},{"floor":28.0,"key":"Fire Potion"},{"floor":31.0,"key":"Dexterity Potion"},{"floor":35.0,"key":"Regen Potion"},{"floor":36.0,"key":"Strength Potion"},{"floor":41,"key":"Swift Potion"},{"floor":48,"key":"Explosive Potion"}],"is_trial":false,"path_per_floor":["M","?","$","?","M","R","M","?","T","E","R","?","E","?","R","B",null,"M","M","$","M","?","R","E","R","T","E","M","M","?","M","R","B",null,"M","M","$","?","M","E","M","R","T","?","E","?","?","M","R","B"],"character_chosen":"IRONCLAD","items_purchased":["Metallicize","Kunai","Thread and Needle","Dropkick"],"campfire_rested":4,"item_purchase_floors":[3,20,37,37],"current_hp_per_floor":[64,64,64,46,46,46,57,53,53,35,57,50,35,12,34,34,65,49,52,52,49,35,57,41,41,41,40,57,59,59,68,68,57,71,74,68,68,64,70,19,19,41,48,48,50,50,50,78,78,0],"gold":282,"neow_bonus":"ONE_RANDOM_RARE_CARD","is_prod":false,"is_daily":false,"chose_seed":false,"campfire_upgraded":4,"win_rate":0,"timestamp":1551911619,"path_taken":["M","?","$","?","M","R","M","?","T","E","R","?","E","?","R","BOSS","M","M","$","M","?","R","E","R","T","E","M","M","?","M","R","BOSS","M","M","$","?","M","E","M","R","T","?","E","?","?","M","R","BOSS"],"build_version":"2019-01-23","purchased_purges":0,"victory":false,"max_hp_per_floor":[75,75,75,75,75,75,75,75,75,75,75,75,75,75,75,75,75,75,75,75,75,75,75,75,75,75,75,75,75,75,75,75,75,75,75,75,75,75,75,75,75,75,82,78,78,78,78,78,78,78],"card_choices":[{"not_picked":["Iron Wave","Rage"],"picked":"Dropkick","floor":1.0},{"not_picked":["Bloodletting","Sword Boomerang"],"picked":"Inflame","floor":5.0},{"not_picked":["Pommel Strike","Bloodletting"],"picked":"Armaments","floor":7.0},{"not_picked":["Perfected Strike","Thunderclap"],"picked":"Twin Strike","floor":8.0},{"not_picked":["Sword Boomerang","Armaments"],"picked":"Dual Wield","floor":10.0},{"not_picked":["Twin Strike","Fire Breathing"],"picked":"Ghostly Armor","floor":11.0},{"not_picked":["Pummel","Intimidate"],"picked":"Fire Breathing","floor":13.0},{"not_picked":["Hemokinesis","Cleave"],"picked":"Battle Trance","floor":15.0},{"not_picked":["Double Tap","Exhume"],"picked":"Barricade","floor":16.0},{"not_picked":["Combust","Twin Strike","Entrench"],"picked":"SKIP","floor":18.0},{"not_picked":["Pommel Strike","Dual Wield","Second Wind"],"picked":"SKIP","floor":19.0},{"not_picked":["Havoc","Power Through","Searing Blow"],"picked":"SKIP","floor":21.0},{"not_picked":["Reckless Charge","Combust"],"picked":"Twin Strike","floor":23.0},{"not_picked":["Sentinel","Headbutt+1"],"picked":"Demon Form","floor":24.0},{"not_picked":["Anger","Corruption","Ghostly Armor"],"picked":"SKIP","floor":27.0},{"not_picked":["Rampage","Iron Wave","Rage"],"picked":"SKIP","floor":28.0},{"not_picked":["Heavy Blade","Dual Wield","Cleave+1"],"picked":"SKIP","floor":29.0},{"not_picked":["Armaments","Heavy Blade"],"picked":"Shrug It Off","floor":31.0},{"not_picked":["Immolate","Brutality"],"picked":"Limit Break","floor":33.0},{"not_picked":["Cleave","Headbutt+1"],"picked":"Shrug It Off","floor":35.0},{"not_picked":["Second Wind+1","Feel No Pain"],"picked":"Thunderclap","floor":36.0},{"not_picked":["Thunderclap","Uppercut","Body Slam"],"picked":"SKIP","floor":39.0},{"not_picked":["Warcry+1","Burning Pact","Cleave"],"picked":"SKIP","floor":40.0},{"not_picked":["Corruption","Iron Wave"],"picked":"Metallicize","floor":41},{"not_picked":["Thunderclap+1","Iron Wave+1"],"picked":"Reaper","floor":45},{"not_picked":["Heavy Blade+1","Cleave+1"],"picked":"Sword Boomerang+1","floor":48}],"player_experience":752833,"relics_obtained":[{"floor":8.0,"key":"Odd Mushroom"},{"floor":9.0,"key":"Dream Catcher"},{"floor":10.0,"key":"Juzu Bracelet"},{"floor":13.0,"key":"Mummified Hand"},{"floor":24.0,"key":"Darkstone Periapt"},{"floor":26.0,"key":"Smiling Mask"},{"floor":27.0,"key":"Unceasing Top"},{"floor":40.0,"key":"Bottled Flame"},{"floor":43,"key":"Strawberry"},{"floor":45,"key":"Molten Egg 2"}],"event_choices":[{"cards_removed":["Strike_R"],"damage_healed":0.0,"max_hp_gain":0.0,"max_hp_loss":0.0,"gold_gain":0.0,"event_name":"The Cleric","player_choice":"Card Removal","floor":2.0,"gold_loss":75.0,"damage_taken":0.0},{"damage_healed":0.0,"max_hp_gain":0.0,"max_hp_loss":0.0,"gold_gain":0.0,"event_name":"Scrap Ooze","player_choice":"Success","floor":4.0,"gold_loss":0.0,"damage_taken":18.0,"relics_obtained":["Bag of Preparation"]},{"damage_healed":0.0,"max_hp_gain":0.0,"max_hp_loss":0.0,"gold_gain":0.0,"event_name":"Mushrooms","player_choice":"Fought Mushrooms","floor":8.0,"gold_loss":0.0,"damage_taken":0.0},{"cards_removed":["Strike_R"],"damage_healed":0.0,"max_hp_gain":0.0,"max_hp_loss":0.0,"gold_gain":0.0,"event_name":"Golden Wing","player_choice":"Card Removal","floor":12.0,"gold_loss":0.0,"damage_taken":7.0},{"damage_healed":0.0,"max_hp_gain":0.0,"max_hp_loss":0.0,"gold_gain":0.0,"event_name":"Shining Light","player_choice":"Entered Light","floor":14.0,"gold_loss":0.0,"damage_taken":23.0,"cards_upgraded":["Bash","Defend_R"]},{"damage_healed":0.0,"max_hp_gain":0.0,"max_hp_loss":0.0,"gold_gain":90.0,"event_name":"Knowing Skull","player_choice":"GOLD ","floor":22.0,"potions_obtained":[],"gold_loss":0.0,"damage_taken":14.0,"cards_obtained":[]},{"damage_healed":0.0,"max_hp_gain":0.0,"max_hp_loss":0.0,"gold_gain":50.0,"event_name":"Golden Shrine","player_choice":"Pray","floor":30.0,"gold_loss":0.0,"damage_taken":0.0},{"damage_healed":0.0,"max_hp_gain":0.0,"max_hp_loss":0.0,"gold_gain":0.0,"event_name":"The Woman in Blue","player_choice":"Bought 0 Potions","floor":38.0,"gold_loss":0.0,"damage_taken":0.0},{"damage_healed":0,"gold_gain":0,"player_choice":"Max HP","damage_taken":0,"max_hp_gain":0,"max_hp_loss":4,"event_name":"Winding Halls","floor":44,"gold_loss":0},{"damage_healed":0,"gold_gain":0,"player_choice":"Copied","damage_taken":0,"max_hp_gain":0,"max_hp_loss":0,"event_name":"Duplicator","floor":46,"gold_loss":0,"cards_obtained":["Armaments"]},{"damage_healed":0,"gold_gain":50,"player_choice":"Pray","damage_taken":0,"max_hp_gain":0,"max_hp_loss":0,"event_name":"Golden Shrine","floor":47,"gold_loss":0}],"is_beta":false,"boss_relics":[{"not_picked":["Runic Dome","Tiny House"],"picked":"Pandora\u0027s Box"},{"not_picked":["Black Blood","Calling Bell"],"picked":"Runic Pyramid"}],"items_purged_floors":[],"is_endless":false,"potions_floor_spawned":[10,13,16,24,28,31,35,36,41,48],"killed_by":"Awakened One","ascension_level":15}