{"gold_per_floor":[113,128,128,128,139,172,188,188,188,223,223,239,263,284,284,409,409,428,109,128,149,173,173,173,173],"floor_reached":25,"playtime":2985,"items_purged":[],"score":217,"play_id":"3e8e713a-daf9-4435-b5ab-9847229b47d9","local_time":"20180628011353","is_ascension_mode":false,"campfire_choices":[{"data":"Infinite Blades","floor":8,"key":"SMITH"},{"data":"After Image","floor":15,"key":"SMITH"},{"data":"Caltrops","floor":23,"key":"SMITH"}],"neow_cost":"NONE","seed_source_timestamp":115205111071473,"circlet_count":0,"master_deck":["Defend_G","Defend_G","Defend_G","Defend_G","Strike_G","Strike_G","Survivor","Neutralize","After Image+1","Infinite Blades+1","Dodge and Roll","Dagger Throw","Endless Agony","Poisoned Stab","Endless Agony","PiercingWail","Bane","Dagger Throw","Die Die Die","Choke+1","Venomology+1","Night Terror+1","Deflect","Bane","Footwork","Blur","Caltrops+1","Outmaneuver+1","Blur+1"],"relics":["Ring of the Snake","Strawberry","Regal Pillow","Pantograph","Golden Idol","Astrolabe","Snake Skull"],"potions_floor_usage":[6,16,16,21,22,25],"damage_taken":[{"damage":0,"enemies":"Jaw Worm","floor":1,"turns":4},{"damage":0,"enemies":"Cultist","floor":2,"turns":3},{"damage":0,"enemies":"2 Louse","floor":5,"turns":4},{"damage":9,"enemies":"3 Sentries","floor":6,"turns":9},{"damage":6,"enemies":"Gremlin Gang","floor":7,"turns":7},{"damage":6,"enemies":"Gremlin Nob","floor":10,"turns":4},{"damage":0,"enemies":"Exordium Wildlife","floor":12,"turns":3},{"damage":2,"enemies":"Large Slime","floor":13,"turns":5},{"damage":3,"enemies":"Looter","floor":14,"turns":4},{"damage":39,"enemies":"Slime Boss","floor":16,"turns":15},{"damage":0,"enemies":"3 Byrds","floor":18,"turns":4},{"damage":13,"enemies":"Chosen","floor":20,"turns":6},{"damage":10,"enemies":"Snake Plant","floor":21,"turns":5},{"damage":11,"enemies":"Chosen and Byrds","floor":22,"turns":6},{"damage":44,"enemies":"Gremlin Leader","floor":25,"turns":5}],"seed_played":"-8333448366379454207","potions_obtained":[{"floor":1,"key":"Ancient Potion"},{"floor":5,"key":"Explosive Potion"},{"floor":12,"key":"GamblersBrew"},{"floor":13,"key":"SpeedPotion"},{"floor":20,"key":"Block Potion"}],"is_trial":false,"path_per_floor":["M","M","?","?","M","E","M","R","T","E","?","M","M","M","R","B",null,"M","$","M","M","M","R","?"],"character_chosen":"THE_SILENT","items_purchased":["Snake Skull","Bane","Footwork","Blur"],"campfire_rested":0,"item_purchase_floors":[19,19,19,19],"current_hp_per_floor":[70,70,70,70,70,68,62,62,62,56,37,37,35,32,32,18,77,77,77,64,54,43,43,43,0],"gold":173,"neow_bonus":"ONE_RANDOM_RARE_CARD","is_prod":false,"is_daily":false,"chose_seed":false,"campfire_upgraded":3,"win_rate":0.0,"timestamp":1530170033,"path_taken":["M","M","?","?","M","E","M","R","T","E","?","?","M","M","R","BOSS","M","$","M","M","M","R","?","E"],"build_version":"2018-06-21v2","purchased_purges":0,"victory":false,"max_hp_per_floor":[70,70,70,70,70,77,77,77,77,77,77,77,77,77,77,77,77,77,77,77,77,77,77,77,77],"card_choices":[{"not_picked":["Distraction","Deadly Poison"],"picked":"Infinite Blades","floor":1},{"not_picked":["Sucker Punch","Underhanded Strike"],"picked":"Dodge and Roll","floor":2},{"not_picked":["Backflip","Masterful Stab"],"picked":"Dagger Throw","floor":5},{"not_picked":["Slice","Finisher"],"picked":"Endless Agony","floor":6},{"not_picked":["Slice","Heel Hook"],"picked":"Poisoned Stab","floor":7},{"not_picked":["Tools of the Trade","PiercingWail"],"picked":"Endless Agony","floor":10},{"not_picked":["Acrobatics","Flechettes"],"picked":"PiercingWail","floor":12},{"not_picked":["Riddle With Holes","Slice"],"picked":"Bane","floor":13},{"not_picked":["Prepared","Expertise"],"picked":"Dagger Throw","floor":14},{"not_picked":["Wraith Form v2","Tools of the Trade"],"picked":"Die Die Die","floor":16},{"not_picked":["Underhanded Strike","Dagger Throw+1"],"picked":"Deflect","floor":18},{"not_picked":["Dodge and Roll","Dagger Spray"],"picked":"Caltrops","floor":20},{"not_picked":["Distraction","Well Laid Plans+1"],"picked":"Outmaneuver+1","floor":21},{"not_picked":["Poisoned Stab","Bane"],"picked":"Blur+1","floor":22}],"player_experience":34207,"relics_obtained":[{"floor":6,"key":"Strawberry"},{"floor":9,"key":"Regal Pillow"},{"floor":10,"key":"Pantograph"}],"event_choices":[{"event_name":"Wheel of Change","player_choice":"Card Removal","floor":3,"damage_taken":0},{"event_name":"Purifier","player_choice":"Skipped","floor":4,"damage_taken":0},{"event_name":"Golden Idol","player_choice":"Take Damage","floor":11,"damage_taken":0},{"event_name":"Ghosts","player_choice":"Ignored","floor":24,"damage_taken":0}],"boss_relics":[{"not_picked":["Calling Bell","Empty Cage"],"picked":"Astrolabe"}],"items_purged_floors":[],"is_endless":false,"potions_floor_spawned":[1,5,12,13,20],"killed_by":"Gremlin Leader","ascension_level":0}