{"gold_per_floor":[110,60,60,79,30,30,30,41,115,149,165,240,259,259,259,259],"floor_reached":16,"playtime":346,"items_purged":[],"score":100,"play_id":"7a3e790f-aa1f-471b-aace-086bdbae1c78","local_time":"20180729233018","is_ascension_mode":false,"campfire_choices":[{"data":"Dropkick","floor":6,"key":"SMITH"},{"data":"Clash","floor":15,"key":"SMITH"}],"neow_cost":"FIFTY_PERCENT_DAMAGE","seed_source_timestamp":1292861216649986,"circlet_count":0,"master_deck":["Strike_R","Strike_R","Defend_R","Defend_R","Bash","Pommel Strike","Dropkick+1","Clash+1","Thunderclap","Inflame+1"],"relics":["Burning Blood","Frozen Egg 2","Oddly Smooth Stone"],"potions_floor_usage":[16,16,16],"damage_taken":[{"damage":5,"enemies":"Jaw Worm","floor":1,"turns":4},{"damage":1,"enemies":"Cultist","floor":4,"turns":3},{"damage":2,"enemies":"2 Louse","floor":8,"turns":2},{"damage":21,"enemies":"Lagavulin","floor":10,"turns":4},{"damage":0,"enemies":"2 Fungi Beasts","floor":11,"turns":2},{"damage":0,"enemies":"3 Louse","floor":13,"turns":2},{"damage":45,"enemies":"The Guardian","floor":16,"turns":4}],"seed_played":"-1425175210020139519","potions_obtained":[{"floor":1,"key":"GamblersBrew"},{"floor":8,"key":"Dexterity Potion"},{"floor":13,"key":"BloodPotion"}],"is_trial":false,"path_per_floor":["M","?","?","M","$","R","?","M","T","E","M","?","M","?","R"],"character_chosen":"IRONCLAD","items_purchased":["Clash"],"campfire_rested":0,"item_purchase_floors":[5],"current_hp_per_floor":[41,41,34,39,39,39,39,43,43,28,34,23,29,34,34,0],"gold":259,"neow_bonus":"REMOVE_TWO","is_prod":false,"is_daily":false,"chose_seed":false,"campfire_upgraded":2,"win_rate":0,"timestamp":1532928618,"path_taken":["M","?","?","M","$","R","?","M","T","E","M","?","?","?","R","BOSS"],"build_version":"2018-07-26","purchased_purges":0,"victory":false,"max_hp_per_floor":[80,80,80,80,80,80,80,80,80,80,80,80,80,85,85,85],"card_choices":[{"not_picked":["Intimidate","Perfected Strike"],"picked":"Pommel Strike","floor":1},{"not_picked":["Power Through","Second Wind"],"picked":"Dropkick","floor":4},{"not_picked":["Whirlwind","Wild Strike"],"picked":"Thunderclap","floor":8},{"not_picked":["Double Tap","Twin Strike"],"picked":"Inflame+1","floor":10},{"not_picked":["Searing Blow","Wild Strike","Evolve+1"],"picked":"SKIP","floor":11},{"not_picked":["Havoc","Headbutt","Perfected Strike"],"picked":"SKIP","floor":13}],"player_experience":290895,"relics_obtained":[{"floor":9,"key":"Frozen Egg 2"},{"floor":10,"key":"Oddly Smooth Stone"}],"event_choices":[{"event_name":"The Cleric","player_choice":"Card Removal","floor":2,"damage_taken":0},{"event_name":"Golden Wing","player_choice":"Card Removal","floor":3,"damage_taken":0},{"event_name":"Living Wall","player_choice":"Forget","floor":7,"damage_taken":0},{"event_name":"World of Goop","player_choice":"Gather Gold","floor":12,"damage_taken":0},{"event_name":"Big Fish","player_choice":"Donut","floor":14,"damage_taken":0}],"is_beta":false,"boss_relics":[],"items_purged_floors":[],"is_endless":false,"potions_floor_spawned":[1,8,13],"killed_by":"The Guardian","ascension_level":0}