{"gold_per_floor":[18,18,31,45,120,154,254,254],"floor_reached":8,"playtime":408,"items_purged":[],"score":70,"play_id":"5d03f17b-af56-474a-88b0-21f497970c0c","local_time":"20190209115628","is_ascension_mode":true,"campfire_choices":[],"neow_cost":"NO_GOLD","seed_source_timestamp":159546822228888,"circlet_count":0,"master_deck":["Strike_R","Strike_R","Strike_R","Strike_R","Strike_R","Defend_R","Defend_R","Defend_R","Defend_R","Bash","Limit Break","Heavy Blade","Heavy Blade","Flex"],"relics":["Burning Blood","Ornamental Fan"],"potions_floor_usage":[8],"damage_taken":[{"damage":6,"enemies":"Cultist","floor":1,"turns":4},{"damage":8,"enemies":"2 Louse","floor":3,"turns":2},{"damage":6,"enemies":"Small Slimes","floor":4,"turns":4},{"damage":55,"enemies":"3 Sentries","floor":6,"turns":12},{"damage":21,"enemies":"Gremlin Gang","floor":8,"turns":3}],"seed_played":"-9208792432125352022","potions_obtained":[{"floor":4,"key":"PowerPotion"}],"is_trial":false,"path_per_floor":["?","?","?"],"character_chosen":"IRONCLAD","items_purchased":[],"campfire_rested":0,"item_purchase_floors":[],"current_hp_per_floor":[80,80,78,78,67,18,18,0],"gold":254,"neow_bonus":"THREE_RARE_CARDS","is_prod":false,"is_daily":false,"chose_seed":false,"campfire_upgraded":0,"win_rate":0,"timestamp":1549709788,"path_taken":["M","?","M","M","?","E","?","M"],"build_version":"2019-01-23","purchased_purges":0,"victory":false,"max_hp_per_floor":[80,80,80,80,80,80,80,80],"card_choices":[{"not_picked":["Fiend Fire","Offering"],"picked":"Limit Break","floor":0},{"not_picked":["Headbutt","Fire Breathing"],"picked":"Heavy Blade","floor":1},{"not_picked":["Body Slam","Reckless Charge"],"picked":"Heavy Blade","floor":3},{"not_picked":["Perfected Strike","Combust","Pummel"],"picked":"SKIP","floor":4},{"not_picked":["Havoc","Rampage"],"picked":"Flex","floor":6}],"player_experience":138178,"relics_obtained":[{"floor":6,"key":"Ornamental Fan"}],"event_choices":[{"damage_healed":0,"gold_gain":0,"player_choice":"Ignored","damage_taken":0,"max_hp_gain":0,"max_hp_loss":0,"event_name":"Shining Light","floor":2,"gold_loss":0},{"damage_healed":0,"gold_gain":75,"player_choice":"Gather Gold","damage_taken":11,"max_hp_gain":0,"max_hp_loss":0,"event_name":"World of Goop","floor":5,"gold_loss":0},{"damage_healed":0,"gold_gain":100,"player_choice":"Pray","damage_taken":0,"max_hp_gain":0,"max_hp_loss":0,"event_name":"Golden Shrine","floor":7,"gold_loss":0}],"is_beta":false,"boss_relics":[],"items_purged_floors":[],"is_endless":false,"potions_floor_spawned":[4],"killed_by":"Gremlin Gang","ascension_level":5}