{"gold_per_floor":[216,216,47,66,76,102,102,119,119,119,145,145,145,163,163,268,268,278,29,43,43,43,71,71,102,102,122,8,8],"floor_reached":29,"playtime":1240,"items_purged":["Normality"],"score":379,"play_id":"b355e1a1-a3c3-494c-9726-12cc20aca3d5","local_time":"20190319181534","is_ascension_mode":true,"campfire_choices":[{"floor":7,"key":"REST"},{"data":"Armaments","floor":10,"key":"SMITH"},{"floor":13,"key":"REST"},{"data":"Bash","floor":15,"key":"SMITH"},{"floor":24,"key":"REST"}],"neow_cost":"NONE","seed_source_timestamp":409079984214236,"circlet_count":0,"master_deck":["Strike_R","Strike_R","Defend_R","Defend_R","Defend_R","Defend_R","Bash+1","Whirlwind","Disarm","Dropkick","Warcry","Twin Strike","Clash","Rage","Armaments+1","Dropkick","Clash+1","Demon Form","Uppercut+1","Infernal Blade+1","Limit Break+1","Whirlwind+1","Shrug It Off+1","Cleave+1","Shrug It Off","Spot Weakness"],"relics":["Burning Blood","Darkstone Periapt","Question Card","Orichalcum","FaceOfCleric","Astrolabe","Gremlin Horn","Paper Frog","Whetstone","Pen Nib"],"potions_floor_usage":[23],"damage_taken":[{"damage":11,"enemies":"Jaw Worm","floor":1,"turns":5},{"damage":3,"enemies":"Cultist","floor":4,"turns":4},{"damage":6,"enemies":"2 Louse","floor":5,"turns":3},{"damage":40,"enemies":"3 Sentries","floor":6,"turns":7},{"damage":14,"enemies":"Gremlin Gang","floor":8,"turns":6},{"damage":28,"enemies":"Lagavulin","floor":11,"turns":9},{"damage":4,"enemies":"Looter","floor":14,"turns":4},{"damage":18,"enemies":"Hexaghost","floor":16,"turns":10},{"damage":7,"enemies":"3 Byrds","floor":18,"turns":5},{"damage":14,"enemies":"Shell Parasite","floor":20,"turns":8},{"damage":19,"enemies":"Book of Stabbing","floor":23,"turns":5},{"damage":52,"enemies":"Slavers","floor":25,"turns":8},{"damage":33,"enemies":"Snecko","floor":27,"turns":6},{"damage":27,"enemies":"Cultist and Chosen","floor":29,"turns":4}],"seed_played":"6968094793546063117","potions_obtained":[{"floor":1,"key":"Energy Potion"},{"floor":8,"key":"Energy Potion"},{"floor":16,"key":"SpeedPotion"},{"floor":18,"key":"Strength Potion"},{"floor":27,"key":"FearPotion"}],"is_trial":false,"path_per_floor":["?","M","?","M","?","?","M"],"character_chosen":"IRONCLAD","items_purchased":["Dropkick","Warcry","Gremlin Horn","Shrug It Off","Spot Weakness"],"campfire_rested":3,"item_purchase_floors":[3,3,19,28,28],"current_hp_per_floor":[67,67,67,70,70,36,60,52,52,52,30,30,54,57,57,46,73,73,73,66,66,66,54,79,34,34,8,8,0],"gold":8,"neow_bonus":"HUNDRED_GOLD","is_prod":false,"is_daily":false,"chose_seed":false,"campfire_upgraded":2,"win_rate":0,"timestamp":1553015734,"path_taken":["M","?","$","M","M","E","R","?","T","R","E","?","R","M","R","BOSS","M","$","?","?","?","E","R","E","T","M","$","?"],"build_version":"2019-01-23","purchased_purges":1,"victory":false,"max_hp_per_floor":[80,80,80,80,80,80,80,80,80,80,80,80,80,81,81,82,82,83,83,84,84,84,85,85,86,86,87,87,87],"card_choices":[{"not_picked":["Uppercut","Twin Strike"],"picked":"Whirlwind","floor":1},{"not_picked":["Perfected Strike","Headbutt"],"picked":"Twin Strike","floor":4},{"not_picked":["Body Slam","Pommel Strike"],"picked":"Clash","floor":5},{"not_picked":["Reckless Charge","Sentinel"],"picked":"Rage","floor":6},{"not_picked":["Twin Strike","Infernal Blade"],"picked":"Armaments","floor":8},{"not_picked":["Metallicize","Body Slam","Armaments"],"picked":"Dropkick","floor":11},{"not_picked":["Sword Boomerang","Flame Barrier","Clothesline"],"picked":"Clash","floor":14},{"not_picked":["Bludgeon","Double Tap","Berserk"],"picked":"Demon Form","floor":16},{"not_picked":["Pommel Strike","Thunderclap+1","Wild Strike+1"],"picked":"Whirlwind","floor":18},{"not_picked":["Clash","Pommel Strike","Iron Wave+1"],"picked":"Shrug It Off","floor":20},{"not_picked":["Berserk","Pommel Strike","Impervious","Havoc"],"picked":"SKIP","floor":23},{"not_picked":["Carnage","Anger","Dropkick","Reckless Charge"],"picked":"SKIP","floor":25},{"not_picked":["Sword Boomerang","Dropkick+1","Headbutt+1"],"picked":"Cleave+1","floor":27}],"player_experience":418628,"relics_obtained":[{"floor":6,"key":"Darkstone Periapt"},{"floor":9,"key":"Question Card"},{"floor":11,"key":"Orichalcum"},{"floor":23,"key":"Paper Frog"},{"floor":25,"key":"Whetstone"},{"floor":26,"key":"Pen Nib"}],"event_choices":[{"damage_healed":0,"gold_gain":0,"player_choice":"2 cards matched","damage_taken":0,"max_hp_gain":0,"max_hp_loss":0,"event_name":"Match and Keep!","floor":2,"gold_loss":0,"cards_obtained":["Disarm","Normality"]},{"damage_healed":0,"gold_gain":0,"player_choice":"Trade","damage_taken":0,"relics_obtained":["FaceOfCleric"],"max_hp_gain":0,"max_hp_loss":0,"event_name":"FaceTrader","floor":12,"gold_loss":0},{"damage_healed":0,"gold_gain":0,"player_choice":"Upgraded","damage_taken":0,"max_hp_gain":0,"max_hp_loss":0,"event_name":"Upgrade Shrine","floor":22,"gold_loss":0,"cards_upgraded":["Shrug It Off"]}],"is_beta":false,"boss_relics":[{"not_picked":["Orrery","Black Blood"],"picked":"Astrolabe"}],"items_purged_floors":[3],"is_endless":false,"potions_floor_spawned":[1,8,16,18,27],"killed_by":"Cultist and Chosen","ascension_level":8}