{"gold_per_floor":[117,117,117,12,28,28,39,39,62,77,2,30,49,61,61,163,163,176,186,111,11,29,29,29,48,72,72,72,91,105,117,117,212,212,232,232,232,250,262,262,262,262,262,262],"floor_reached":44,"playtime":1840,"items_purged":["Defend_B","Strike_B"],"score":412,"play_id":"1ddd5597-009b-4074-ad61-9d388688f7de","local_time":"20180730155011","is_ascension_mode":false,"campfire_choices":[{"data":"Defragment","floor":6.0,"key":"SMITH"},{"data":"Zap","floor":8.0,"key":"SMITH"},{"data":"Streamline","floor":15.0,"key":"SMITH"},{"data":"Echo Form","floor":23,"key":"SMITH"},{"floor":27,"key":"REST"},{"floor":32,"key":"REST"},{"floor":40,"key":"REST"},{"data":"Conserve Battery","floor":42,"key":"SMITH"}],"neow_cost":"","seed_source_timestamp":0,"circlet_count":0,"master_deck":["Strike_B","Defend_B","Defend_B","Zap+1","Dualcast","Conserve Battery+1","Defragment+1","Leap","Beam Cell","Streamline+1","Ball Lightning","Hologram","Gash","Echo Form+1","Hologram+1","Darkness+1","Cold Snap","Leap+1","Rainbow"],"special_seed":0,"relics":["FrozenCore"],"potions_floor_usage":[29,30,33,33,39],"damage_taken":[{"damage":3.0,"enemies":"2 Louse","floor":1.0,"turns":2.0},{"damage":0.0,"enemies":"Cultist","floor":5.0,"turns":3.0},{"damage":0.0,"enemies":"Small Slimes","floor":7.0,"turns":3.0},{"damage":0.0,"enemies":"Exordium Wildlife","floor":10.0,"turns":3.0},{"damage":1.0,"enemies":"3 Sentries","floor":12.0,"turns":5.0},{"damage":0.0,"enemies":"Red Slaver","floor":13.0,"turns":2.0},{"damage":7.0,"enemies":"Blue Slaver","floor":14.0,"turns":3.0},{"damage":19.0,"enemies":"Hexaghost","floor":16.0,"turns":7.0},{"damage":1,"enemies":"Chosen","floor":18,"turns":4},{"damage":0,"enemies":"Shell Parasite","floor":19,"turns":4},{"damage":23,"enemies":"Centurion and Healer","floor":22,"turns":7},{"damage":26,"enemies":"Snecko","floor":25,"turns":5},{"damage":3,"enemies":"Cultist and Chosen","floor":29,"turns":5},{"damage":2,"enemies":"Sentry and Sphere","floor":30,"turns":5},{"damage":9,"enemies":"Snake Plant","floor":31,"turns":4},{"damage":38,"enemies":"Collector","floor":33,"turns":9},{"damage":5,"enemies":"3 Shapes","floor":35,"turns":6},{"damage":20,"floor":36,"turns":8},{"damage":5,"enemies":"Orb Walker","floor":38,"turns":4},{"damage":37,"enemies":"Flame Bruiser 2 Orb","floor":39,"turns":9},{"damage":31,"enemies":"Maw","floor":44,"turns":8}],"seed_played":"2311413636482014179","potions_obtained":[{"floor":7.0,"key":"SneckoOil"},{"floor":10.0,"key":"Fire Potion"},{"floor":13.0,"key":"Dexterity Potion"},{"floor":19,"key":"Energy Potion"},{"floor":22,"key":"Dexterity Potion"},{"floor":29,"key":"Block Potion"},{"floor":33,"key":"EssenceOfSteel"}],"is_trial":false,"path_per_floor":["M","?","?","$","M","R","M","R","T","M","$","E","M","M","R","B",null,"M","M","?","$","M","R","?","M","T","R","$","M","M","M","R","B",null,"M","?","?","M","M","R","T","R","T"],"character_chosen":"DEFECT","items_purchased":["Defragment","FTL"],"campfire_rested":3,"item_purchase_floors":[4,4],"current_hp_per_floor":[72,72,65,65,65,65,65,65,65,65,65,64,64,57,57,38,75,74,74,74,74,51,51,51,25,25,47,47,44,42,33,55,17,75,70,50,50,45,8,30,30,30,30,0],"gold":262,"neow_bonus":"","is_prod":false,"is_daily":false,"chose_seed":false,"campfire_upgraded":5,"win_rate":0,"timestamp":1532987411,"path_taken":["M","?","?","$","?","R","M","R","T","M","$","E","M","M","R","BOSS","M","?","?","$","M","R","?","M","T","R","$","?","M","M","R","BOSS","M","?","?","M","M","R","?","R","T","?"],"build_version":"2018-07-26","purchased_purges":2,"victory":false,"max_hp_per_floor":[75,75,75,75,75,75,75,75,75,75,75,75,75,75,75,75,75,75,75,75,75,75,75,75,75,75,75,75,75,75,75,75,75,75,75,75,75,75,75,75,75,75,75,75],"card_choices":[{"not_picked":["Barrage","Hello World"],"picked":"Conserve Battery","floor":1.0},{"not_picked":["Hologram","Gash"],"picked":"Leap","floor":5.0},{"not_picked":["Scrape","White Noise"],"picked":"Beam Cell","floor":7.0},{"not_picked":["Stack","Defragment"],"picked":"Streamline","floor":10.0},{"not_picked":["Redo","Hyperbeam"],"picked":"Ball Lightning","floor":12.0},{"not_picked":["Recycle","Beam Cell"],"picked":"Hologram","floor":13.0},{"not_picked":["Compile Driver","Redo"],"picked":"Gash","floor":14.0},{"not_picked":["Multi-Cast","Thunder Strike"],"picked":"Echo Form","floor":16.0},{"not_picked":["Rebound+1","Streamline+1"],"picked":"Hologram+1","floor":18},{"not_picked":["Sweeping Beam","Rebound","Stack"],"picked":"SKIP","floor":19},{"not_picked":["Blizzard","Capacitor"],"picked":"Darkness+1","floor":22},{"not_picked":["Steam","Turbo"],"picked":"Cold Snap","floor":25},{"not_picked":["Gash","Leap","Rip and Tear"],"picked":"SKIP","floor":29},{"not_picked":["Aggregate","Barrage"],"picked":"Leap+1","floor":30},{"not_picked":["Stack","Hologram","FTL"],"picked":"SKIP","floor":31},{"not_picked":["Electrodynamics","Fission"],"picked":"Rainbow","floor":33},{"not_picked":["Hologram+1","Rebound","Beam Cell+1"],"picked":"SKIP","floor":35},{"not_picked":["Sweeping Beam+1","Redo","Steam"],"picked":"SKIP","floor":38},{"not_picked":["Reinforced Body","BootSequence+1","Beam Cell+1"],"picked":"SKIP","floor":39}],"player_experience":301450,"relics_obtained":[],"event_choices":[{"event_name":"Purifier","player_choice":"One Purge","floor":2.0,"damage_taken":0.0},{"event_name":"Golden Wing","player_choice":"Card Removal","floor":3.0,"damage_taken":0.0},{"event_name":"Beggar","player_choice":"Gave Gold","floor":20,"damage_taken":0},{"event_name":"Accursed Blacksmith","player_choice":"Ignore","floor":24,"damage_taken":0},{"event_name":"MindBloom","player_choice":"Fight","floor":36,"damage_taken":0},{"event_name":"Falling","player_choice":"Removed Attack","floor":37,"damage_taken":0}],"is_beta":false,"boss_relics":[{"not_picked":["Astrolabe","Velvet Choker"],"picked":"FrozenCore"},{"not_picked":["Orrery","White Beast Statue","Tiny House"]}],"items_purged_floors":[11,21],"is_endless":false,"potions_floor_spawned":[7,10,13,19,22,29,33,38],"killed_by":"Maw","ascension_level":0}