{"path_per_floor":["M","M","$","?","M","R","?","R","T","R","M","R","?","?","R","B",null,"M","M","$","M","$","?","R","M","T","?"],"character_chosen":"DEFECT","items_purchased":["Capacitor","DataDisk","Capacitor"],"gold_per_floor":[117,134,89,89,106,106,106,106,152,152,169,169,244,194,194,294,294,280,290,91,110,110,110,110,129,154,79,79],"floor_reached":28,"campfire_rested":0,"playtime":1148,"current_hp_per_floor":[74,72,72,72,62,62,67,67,67,67,65,65,54,54,54,35,80,63,45,45,45,45,45,45,27,27,27,0],"items_purged":[],"gold":79,"score":237,"play_id":"79e6257f-3662-48bc-81bd-8b1c03ba8d7a","local_time":"20180512000918","is_prod":false,"is_daily":false,"chose_seed":false,"is_ascension_mode":true,"campfire_upgraded":6,"timestamp":1526101758,"path_taken":["M","?","$","?","?","R","?","R","T","R","M","R","?","?","R","BOSS","M","M","$","M","$","?","R","M","T","?","E"],"build_version":"2018-05-10","seed_source_timestamp":261596861836480,"purchased_purges":1,"victory":false,"master_deck":["Strike_B","Strike_B","Defend_B","Defend_B","Zap+1","Dualcast","Echo Form+1","Ball Lightning","BootSequence+1","Capacitor+1","Glacier+1","Seek","Melter+1","Amplify+1","Consume+1","Capacitor+1","Melter","Force Field+1"],"max_hp_per_floor":[75,75,75,75,75,75,80,80,80,80,80,80,80,80,80,80,80,80,80,80,80,80,80,80,80,80,80,80],"relics":["Cracked Core","Dodecahedron","Happy Flower","Astrolabe","DataDisk","Bag of Marbles"],"card_choices":[{"not_picked":["Stack","Loop"],"picked":"Ball Lightning","floor":1.0},{"not_picked":["Ball Lightning","Go for the Eyes"],"picked":"BootSequence","floor":2.0},{"not_picked":["Ball Lightning","Barrage"],"picked":"Glacier","floor":11.0},{"not_picked":["Meteor Strike","All For One"],"picked":"Seek","floor":16.0},{"not_picked":["Streamline","Hologram"],"picked":"Consume","floor":19.0},{"not_picked":["Auto Shields","Go for the Eyes"],"picked":"Melter","floor":21.0},{"not_picked":["Axe Kick","Tempest"],"picked":"Force Field","floor":25}],"player_experience":90594,"potions_floor_usage":[],"damage_taken":[{"damage":1.0,"enemies":"Cultist","floor":1.0,"turns":3.0},{"damage":2.0,"enemies":"2 Louse","floor":2.0,"turns":2.0},{"damage":10.0,"enemies":"Small Slimes","floor":5.0,"turns":3.0},{"damage":2.0,"enemies":"Looter","floor":11.0,"turns":3.0},{"damage":19.0,"enemies":"The Guardian","floor":16.0,"turns":11.0},{"damage":17.0,"enemies":"2 Thieves","floor":18.0,"turns":5.0},{"damage":18.0,"enemies":"Chosen","floor":19.0,"turns":6.0},{"damage":0.0,"enemies":"Centurion and Healer","floor":21.0,"turns":8.0},{"damage":18,"enemies":"Snecko","floor":25,"turns":4},{"damage":36,"enemies":"Slavers","floor":28,"turns":3}],"event_choices":[{"event_name":"Wheel of Change","player_choice":"Relic","floor":4.0,"damage_taken":0.0},{"event_name":"Big Fish","player_choice":"Donut","floor":7.0,"damage_taken":0.0},{"event_name":"World of Goop","player_choice":"Gather Gold","floor":13.0,"damage_taken":0.0},{"event_name":"The Cleric","player_choice":"Card Removal","floor":14.0,"damage_taken":0.0},{"event_name":"Cursed Tome","player_choice":"Ignored","floor":23,"damage_taken":0},{"event_name":"Beggar","player_choice":"Gave Gold","floor":27,"damage_taken":0}],"boss_relics":[],"potions_floor_spawned":[5,18],"seed_played":"-7194986892328931515","killed_by":"Slavers","ascension_level":3,"is_trial":false}