{"gold_per_floor":[116,132,82,94,19,48,67,67,139,153,153,153,168,41,41,146,146,160,175,18,38,63,63,73,108,134,146,178,209,233,276,288,401,413,444,456,478,53,14,14,14,28,28,28,44,44],"floor_reached":46,"playtime":4865,"items_purged":["Injury","Defend_B"],"score":489,"play_id":"e46ae7f4-72ce-45eb-b554-0a1cc17b0ed3","local_time":"20180825204834","is_ascension_mode":false,"campfire_choices":[{"floor":8,"key":"REST"},{"data":"Machine Learning","floor":11,"key":"SMITH"},{"floor":15,"key":"REST"},{"data":"Self Repair","floor":23,"key":"SMITH"},{"floor":32,"key":"REST"},{"floor":40,"key":"REST"},{"data":"Chaos","floor":44,"key":"SMITH"}],"neow_cost":"","seed_source_timestamp":38935557569572,"circlet_count":0,"master_deck":["Strike_B","Defend_B","Defend_B","Zap","Dualcast","Sweeping Beam","Leap","Self Repair+1","Steam","Cold Snap","Machine Learning+1","Go for the Eyes","Barrage+1","Conserve Battery","Swift Strike+1","Steam Power","All For One+1","Self Repair+1","Barrage+1","FTL+1","Go for the Eyes+1","Static Discharge","Go for the Eyes+1","Beam Cell+1","Streamline+1","Necronomicurse","Coolheaded","Consume+1","Reinforced Body+1","Blizzard+1","Electrodynamics","Coolheaded+1","Lockon+1","Stack+1","Storm","Chaos+1","Capacitor+1","Ball Lightning+1"],"relics":["Cracked Core","Mango","Molten Egg 2","Sozu","Red Mask","Ancient Tea Set","MawBank","Necronomicon","Sundial","Empty Cage","Peace Pipe","Bag of Preparation","Centennial Puzzle","Omamori"],"potions_floor_usage":[21,24],"damage_taken":[{"damage":1,"enemies":"Cultist","floor":1,"turns":3},{"damage":0,"enemies":"Small Slimes","floor":2,"turns":2},{"damage":6,"enemies":"Jaw Worm","floor":4,"turns":3},{"damage":35,"enemies":"Lagavulin","floor":6,"turns":11},{"damage":25,"enemies":"Gremlin Gang","floor":7,"turns":6},{"damage":3,"enemies":"Red Slaver","floor":10,"turns":4},{"damage":17,"enemies":"3 Louse","floor":13,"turns":3},{"damage":57,"enemies":"Hexaghost","floor":16,"turns":12},{"damage":12,"enemies":"Chosen","floor":18,"turns":5},{"damage":9,"enemies":"Shell Parasite","floor":19,"turns":5},{"damage":10,"enemies":"3 Cultists","floor":21,"turns":6},{"damage":53,"enemies":"Masked Bandits","floor":22,"turns":4},{"damage":26,"enemies":"Snecko","floor":24,"turns":6},{"damage":11,"enemies":"Gremlin Leader","floor":25,"turns":6},{"damage":19,"enemies":"Snake Plant","floor":28,"turns":4},{"damage":8,"enemies":"Centurion and Healer","floor":29,"turns":5},{"damage":6,"enemies":"Cultist and Chosen","floor":30,"turns":4},{"damage":40,"enemies":"Slavers","floor":31,"turns":6},{"damage":49,"enemies":"Collector","floor":33,"turns":10},{"damage":39,"enemies":"3 Shapes","floor":35,"turns":3},{"damage":22,"enemies":"Mind Bloom Boss Battle","floor":36,"turns":5},{"damage":18,"enemies":"Flame Bruiser 1 Orb","floor":37,"turns":5},{"damage":25,"enemies":"3 Darklings","floor":42,"turns":5},{"damage":33,"enemies":"Flame Bruiser 2 Orb","floor":45,"turns":3},{"damage":30,"enemies":"Mysterious Sphere","floor":46,"turns":2}],"seed_played":"-2591806781253872126","potions_obtained":[{"floor":2,"key":"SkillPotion"},{"floor":4,"key":"GamblersBrew"},{"floor":13,"key":"Energy Potion"}],"is_trial":false,"path_per_floor":["M","M","?","M","$","E","M","R","T","M","R","?","M","$","R","B",null,"M","M","$","M","?","R","M","E","T","?","M","M","M","E","R","B",null,"M","?","M","$","$","R","?","M","T","R","M"],"character_chosen":"DEFECT","items_purchased":["Steam","Cold Snap","Swift Strike+1","Steam Power","FTL+1","Go for the Eyes+1","Bag of Preparation","Storm","Centennial Puzzle","Chaos"],"campfire_rested":4,"item_purchase_floors":[5,5,14,14,20,20,38,38,38,39],"current_hp_per_floor":[74,74,74,68,68,54,36,62,62,66,66,66,59,59,85,38,89,87,89,89,89,53,53,47,56,56,40,41,53,57,37,63,34,89,50,38,40,40,40,66,66,61,61,61,28,0],"gold":44,"neow_bonus":"","is_prod":false,"is_daily":false,"chose_seed":false,"campfire_upgraded":3,"win_rate":0.0,"timestamp":1535244514,"path_taken":["M","M","?","M","$","E","M","R","T","?","R","?","M","?","R","BOSS","M","?","?","M","?","R","?","E","T","?","M","M","M","E","R","BOSS","M","?","?","?","$","R","?","M","T","R","M","?"],"build_version":"2018-08-23v2","purchased_purges":2,"victory":false,"max_hp_per_floor":[75,75,75,75,75,89,89,89,89,89,89,89,89,89,89,89,89,89,89,89,89,89,89,89,89,89,89,89,89,89,89,89,89,89,89,89,89,89,89,89,89,89,89,89,89,89],"card_choices":[{"not_picked":["Gash","Double Energy"],"picked":"Sweeping Beam","floor":1},{"not_picked":["Steam","Redo"],"picked":"Leap","floor":2},{"not_picked":["Conserve Battery","Streamline"],"picked":"Self Repair","floor":4},{"not_picked":["Steam Power","Go for the Eyes"],"picked":"Machine Learning","floor":6},{"not_picked":["Reinforced Body","Hologram"],"picked":"Go for the Eyes","floor":7},{"not_picked":["Lockon+1","Redo"],"picked":"Barrage+1","floor":10},{"not_picked":["Reprogram","BootSequence"],"picked":"Conserve Battery","floor":13},{"not_picked":["Thunder Strike+1","Machine Learning"],"picked":"All For One+1","floor":16},{"not_picked":["Steam+1","Leap"],"picked":"Self Repair","floor":18},{"not_picked":["Steam","Stack"],"picked":"Barrage+1","floor":19},{"not_picked":["Stack","Coolheaded"],"picked":"Static Discharge","floor":21},{"not_picked":["Hologram","Aggregate"],"picked":"Go for the Eyes+1","floor":22},{"not_picked":["Tempest","Hello World+1"],"picked":"Beam Cell+1","floor":24},{"not_picked":["Gash+1","Hologram"],"picked":"Streamline+1","floor":25},{"not_picked":["Machine Learning","Heatsinks+1"],"picked":"Coolheaded","floor":28},{"not_picked":["Storm","Coolheaded"],"picked":"Consume+1","floor":29},{"not_picked":["Steam","Stack"],"picked":"Reinforced Body+1","floor":30},{"not_picked":["Stack+1","Coolheaded"],"picked":"Blizzard+1","floor":31},{"not_picked":["Rainbow","Creative AI"],"picked":"Electrodynamics","floor":33},{"not_picked":["Scrape+1","Tempest+1"],"picked":"Coolheaded+1","floor":35},{"not_picked":["Skim+1","Reprogram"],"picked":"Lockon+1","floor":36},{"not_picked":["Hologram","Reprogram"],"picked":"Stack+1","floor":37},{"not_picked":["Streamline+1","Hologram"],"picked":"Capacitor+1","floor":42},{"not_picked":["Coolheaded","Self Repair"],"picked":"Ball Lightning+1","floor":45}],"player_experience":38656,"relics_obtained":[{"floor":6,"key":"Mango"},{"floor":9,"key":"Molten Egg 2"},{"floor":22,"key":"Red Mask"},{"floor":25,"key":"Ancient Tea Set"},{"floor":26,"key":"MawBank"},{"floor":27,"key":"Necronomicon"},{"floor":31,"key":"Sundial"},{"floor":36,"key":"Peace Pipe"},{"floor":43,"key":"Omamori"}],"event_choices":[{"event_name":"The Cleric","player_choice":"Card Removal","floor":3,"damage_taken":0},{"event_name":"Accursed Blacksmith","player_choice":"Forge","floor":12,"damage_taken":0},{"event_name":"Masked Bandits","player_choice":"Fought Bandits","floor":22,"damage_taken":0},{"event_name":"Cursed Tome","player_choice":"Obtained Book","floor":27,"damage_taken":0},{"event_name":"MindBloom","player_choice":"Fight","floor":36,"damage_taken":0},{"event_name":"Falling","player_choice":"Removed Attack","floor":41,"damage_taken":0},{"event_name":"Mysterious Sphere","player_choice":"Fight","floor":46,"damage_taken":0}],"is_beta":false,"boss_relics":[{"not_picked":["Black Star","Cursed Key"],"picked":"Sozu"},{"not_picked":["Lizard Tail","FrozenCore"],"picked":"Empty Cage"}],"items_purged_floors":[20,38],"is_endless":false,"potions_floor_spawned":[2,4,13,21,24,28,29,31,33,35,36],"killed_by":"Mysterious Sphere","ascension_level":0}