{"gold_per_floor":[119,138,138,10,20,52,52,68,91,91,101,132,143,153,153,255,255,275,300,311,325,344,372,372,390,468,468,468,497,514,529,529,625,625,637,221,221,240,253,253,269,27,27,27,27,27,45,62,62,62],"floor_reached":50,"playtime":1638,"items_purged":["Strike_R","Corruption+1"],"score":525,"play_id":"402a3d5c-fc15-4614-b6f5-12177bae445e","local_time":"20180904150012","is_ascension_mode":false,"campfire_choices":[{"data":"Perfected Strike","floor":7,"key":"SMITH"},{"data":"Perfected Strike","floor":10,"key":"SMITH"},{"data":"Immolate","floor":15,"key":"SMITH"},{"data":"Defend_R","floor":24,"key":"SMITH"},{"data":"Shrug It Off","floor":28,"key":"SMITH"},{"floor":32,"key":"REST"},{"floor":40,"key":"REST"},{"data":"Trip","floor":46,"key":"SMITH"},{"data":"Thinking Ahead","floor":49,"key":"SMITH"}],"neow_cost":"NONE","seed_source_timestamp":1396087197348678,"circlet_count":0,"master_deck":["Strike_R+1","Strike_R+1","Strike_R+1","Strike_R+1","Defend_R+1","Defend_R+1","Bash+1","Rage+1","Perfected Strike+1","Perfected Strike+1","Immolate+1","Battle Trance+1","Shrug It Off+1","Evolve+1","Feed+1","Wild Strike+1","Headbutt+1","Havoc+1","Warcry+1","Blood for Blood+1","Shockwave+1","Ghostly Armor+1","Shrug It Off+1","Limit Break+1","Flex+1","Perfected Strike+1","Thinking Ahead+1","Trip+1","Purity","Pummel+1"],"relics":["Burning Blood","Pantograph","Regal Pillow","Red Skull","Bag of Preparation","Astrolabe","Red Mask","Bag of Marbles","The Courier","Pen Nib","Busted Crown","Bronze Scales","Ice Cream","Mark of the Bloom","HandDrill","Bottled Tornado"],"potions_floor_usage":[6,22,22,31,33,48,48,50],"damage_taken":[{"damage":0,"enemies":"Cultist","floor":1,"turns":3},{"damage":0,"enemies":"Small Slimes","floor":2,"turns":3},{"damage":6,"enemies":"Jaw Worm","floor":5,"turns":2},{"damage":27,"enemies":"Lagavulin","floor":6,"turns":4},{"damage":8,"enemies":"Large Slime","floor":8,"turns":5},{"damage":4,"enemies":"Looter","floor":11,"turns":2},{"damage":8,"enemies":"3 Sentries","floor":12,"turns":3},{"damage":7,"enemies":"3 Louse","floor":13,"turns":3},{"damage":15,"enemies":"Exordium Thugs","floor":14,"turns":4},{"damage":49,"enemies":"Hexaghost","floor":16,"turns":9},{"damage":14,"enemies":"Shell Parasite","floor":18,"turns":4},{"damage":29,"enemies":"Masked Bandits","floor":19,"turns":5},{"damage":3,"enemies":"Chosen","floor":20,"turns":3},{"damage":28,"enemies":"Snake Plant","floor":21,"turns":4},{"damage":0,"enemies":"Shelled Parasite and Fungi","floor":22,"turns":2},{"damage":22,"enemies":"Gremlin Leader","floor":23,"turns":4},{"damage":6,"enemies":"Snecko","floor":25,"turns":3},{"damage":10,"enemies":"Slavers","floor":29,"turns":2},{"damage":13,"enemies":"Sentry and Sphere","floor":30,"turns":4},{"damage":15,"enemies":"Snake Plant","floor":31,"turns":2},{"damage":42,"enemies":"Automaton","floor":33,"turns":5},{"damage":11,"enemies":"Orb Walker","floor":35,"turns":3},{"damage":0,"enemies":"3 Darklings","floor":38,"turns":3},{"damage":2,"enemies":"Spire Growth","floor":39,"turns":2},{"damage":10,"enemies":"Maw","floor":41,"turns":6},{"damage":0,"enemies":"3 Darklings","floor":47,"turns":3},{"damage":0,"enemies":"Transient","floor":48,"turns":5},{"damage":61,"enemies":"Awakened One","floor":50,"turns":9}],"seed_played":"-804672538949749121","potions_obtained":[{"floor":2,"key":"Poison Potion"},{"floor":6,"key":"Ancient Potion"},{"floor":12,"key":"FearPotion"},{"floor":13,"key":"Ancient Potion"},{"floor":16,"key":"Energy Potion"},{"floor":23,"key":"Regen Potion"},{"floor":30,"key":"Dexterity Potion"},{"floor":33,"key":"Poison Potion"},{"floor":35,"key":"AttackPotion"}],"is_trial":false,"path_per_floor":["M","M","T","$","M","E","R","M","T","R","M","E","M","M","R","B",null,"M","?","M","M","M","E","R","M","T","?","R","E","M","M","R","B",null,"M","$","?","M","M","R","M","$","T","?","?","R","M","M","R"],"character_chosen":"IRONCLAD","items_purchased":["Perfected Strike","Bronze Scales","Ice Cream","HandDrill"],"campfire_rested":2,"item_purchase_floors":[4,36,36,42],"current_hp_per_floor":[80,80,80,80,80,59,59,57,57,57,59,57,56,47,47,29,80,72,52,55,33,39,26,26,26,26,26,26,22,15,11,51,40,86,81,81,81,81,79,79,69,69,69,59,59,59,59,59,59,0],"gold":62,"neow_bonus":"UPGRADE_CARD","is_prod":false,"is_daily":false,"chose_seed":false,"campfire_upgraded":7,"win_rate":0,"timestamp":1536094812,"path_taken":["M","M","?","$","M","E","R","M","T","R","M","E","M","M","R","BOSS","M","?","M","M","M","E","R","M","T","?","R","E","M","?","R","BOSS","M","$","?","M","M","R","?","?","T","?","?","R","M","M","R","BOSS"],"build_version":"2018-08-30","purchased_purges":2,"victory":false,"max_hp_per_floor":[80,80,80,80,80,80,80,80,80,80,80,80,80,80,80,80,80,80,83,83,83,83,86,86,86,86,86,86,86,86,86,86,86,86,86,86,86,90,90,90,90,90,90,90,90,90,90,90,90,90],"card_choices":[{"not_picked":["Headbutt","Infernal Blade"],"picked":"Rage","floor":1},{"not_picked":["Combust","Anger"],"picked":"Clash","floor":2},{"not_picked":["Sever Soul","Thunderclap"],"picked":"Perfected Strike","floor":5},{"not_picked":["Second Wind","Clash"],"picked":"Immolate","floor":6},{"not_picked":["Blood for Blood","Wild Strike","Sword Boomerang"],"picked":"SKIP","floor":8},{"not_picked":["Pommel Strike","Body Slam"],"picked":"Battle Trance","floor":11},{"not_picked":["Burning Pact","Sword Boomerang"],"picked":"Shrug It Off","floor":12},{"not_picked":["Bludgeon","Rage"],"picked":"Evolve","floor":13},{"not_picked":["Havoc","Headbutt","Anger"],"picked":"SKIP","floor":14},{"not_picked":["Juggernaut","Dark Embrace"],"picked":"Feed","floor":16},{"not_picked":["Headbutt","Havoc","Cleave"],"picked":"SKIP","floor":18},{"not_picked":["Headbutt","Cleave"],"picked":"Havoc","floor":18},{"not_picked":["Iron Wave","Disarm"],"picked":"Warcry","floor":20},{"not_picked":["Sword Boomerang","Warcry"],"picked":"Blood for Blood+1","floor":21},{"not_picked":["Perfected Strike","Pommel Strike"],"picked":"Shockwave+1","floor":22},{"not_picked":["Heavy Blade+1","Infernal Blade"],"picked":"Corruption+1","floor":23},{"not_picked":["Headbutt","Searing Blow+1","Disarm"],"picked":"SKIP","floor":25},{"not_picked":["Warcry+1","Metallicize"],"picked":"Ghostly Armor","floor":29},{"not_picked":["Rage","Headbutt"],"picked":"Shrug It Off","floor":30},{"not_picked":["Sword Boomerang","True Grit","Wild Strike"],"picked":"SKIP","floor":31},{"not_picked":["Exhume","Bludgeon"],"picked":"Limit Break","floor":33},{"not_picked":[],"picked":"Flex","floor":35},{"not_picked":[],"picked":"Perfected Strike+1","floor":38},{"not_picked":["Wild Strike"],"picked":"SKIP","floor":39},{"not_picked":["Fire Breathing"],"picked":"SKIP","floor":41},{"not_picked":[],"picked":"Thinking Ahead","floor":44},{"not_picked":[],"picked":"Trip","floor":44},{"not_picked":[],"picked":"Purity","floor":44},{"not_picked":["Disarm"],"picked":"SKIP","floor":47},{"not_picked":[],"picked":"Pummel+1","floor":48}],"player_experience":459248,"relics_obtained":[{"floor":3,"key":"Pantograph"},{"floor":6,"key":"Regal Pillow"},{"floor":9,"key":"Red Skull"},{"floor":12,"key":"Bag of Preparation"},{"floor":19,"key":"Red Mask"},{"floor":23,"key":"Bag of Marbles"},{"floor":26,"key":"The Courier"},{"floor":29,"key":"Pen Nib"},{"floor":43,"key":"Bottled Tornado"}],"event_choices":[{"event_name":"Masked Bandits","player_choice":"Fought Bandits","floor":19,"damage_taken":0},{"event_name":"Ghosts","player_choice":"Ignored","floor":27,"damage_taken":0},{"event_name":"MindBloom","player_choice":"Upgrade","floor":37,"damage_taken":0},{"event_name":"SensoryStone","player_choice":"Memory 3","floor":44,"damage_taken":0},{"event_name":"Falling","player_choice":"Removed Attack","floor":45,"damage_taken":0}],"is_beta":false,"boss_relics":[{"not_picked":["Empty Cage","Lizard Tail"],"picked":"Astrolabe"},{"not_picked":["Calling Bell","Orrery"],"picked":"Busted Crown"}],"items_purged_floors":[4,42],"is_endless":false,"potions_floor_spawned":[2,6,12,13,16,18,19,20,23,30,33,35,41],"killed_by":"Awakened One","ascension_level":0}