{"gold_per_floor":[115,115,125,143,218,218,246,42,96,17,43,62,62],"floor_reached":13,"playtime":543,"items_purged":[],"score":102,"play_id":"fd3b1ad0-f974-486f-a127-bba6b0303e94","local_time":"20180714003535","is_ascension_mode":true,"campfire_choices":[{"data":"Chaos","floor":6.0,"key":"SMITH"}],"neow_cost":"NONE","seed_source_timestamp":0,"circlet_count":0,"master_deck":["Strike_B","Strike_B","Strike_B","Strike_B","Defend_B","Defend_B","Defend_B","Defend_B","Zap+1","Dualcast","Chaos+1","Gash","Go for the Eyes","Leap","Double Energy","Multi-Cast","Glacier"],"special_seed":0,"relics":["Cracked Core","Boot","Happy Flower","Tiny Chest","Blood Vial"],"potions_floor_usage":[11],"damage_taken":[{"damage":5.0,"enemies":"Small Slimes","floor":1.0,"turns":3.0},{"damage":8.0,"enemies":"Jaw Worm","floor":3.0,"turns":4.0},{"damage":3.0,"enemies":"2 Louse","floor":4.0,"turns":2.0},{"damage":23.0,"enemies":"Gremlin Nob","floor":7.0,"turns":4.0},{"damage":21,"enemies":"Lagavulin","floor":11,"turns":6},{"damage":0,"enemies":"Exordium Wildlife","floor":12,"turns":4},{"damage":14,"enemies":"3 Louse","floor":13,"turns":2}],"seed_played":"122361440813894994","potions_obtained":[{"floor":1.0,"key":"GamblersBrew"},{"floor":4.0,"key":"FearPotion"}],"is_trial":false,"path_per_floor":["M","?","M","M","?","R","E","$","T","$","E","M"],"character_chosen":"DEFECT","items_purchased":["Happy Flower","Leap","Double Energy"],"campfire_rested":0,"item_purchase_floors":[8,8,10],"current_hp_per_floor":[70,75,67,64,53,53,30,30,30,30,9,11,0],"gold":62,"neow_bonus":"UPGRADE_CARD","is_prod":false,"is_daily":false,"chose_seed":false,"campfire_upgraded":1,"win_rate":0,"timestamp":1531550135,"path_taken":["M","?","M","M","?","R","E","?","T","$","E","M","M"],"build_version":"2018-07-12","purchased_purges":0,"victory":false,"max_hp_per_floor":[75,80,80,80,80,80,80,80,80,80,80,80,80],"card_choices":[{"not_picked":["Coolheaded","Hologram"],"picked":"Chaos","floor":1.0},{"not_picked":["Rebound","Barrage","Force Field"],"picked":"SKIP","floor":3.0},{"not_picked":["Reinforced Body","Hologram"],"picked":"Gash","floor":4.0},{"not_picked":["Turbo","Reprogram"],"picked":"Go for the Eyes","floor":7},{"not_picked":["Redo","Sweeping Beam"],"picked":"Multi-Cast","floor":11},{"not_picked":["Undo","Hologram"],"picked":"Glacier","floor":12}],"player_experience":197405,"relics_obtained":[{"floor":7,"key":"Boot"},{"floor":9,"key":"Tiny Chest"},{"floor":11,"key":"Blood Vial"}],"event_choices":[{"event_name":"Big Fish","player_choice":"Donut","floor":2.0,"damage_taken":0.0},{"event_name":"World of Goop","player_choice":"Gather Gold","floor":5.0,"damage_taken":0.0}],"boss_relics":[],"items_purged_floors":[],"is_endless":false,"potions_floor_spawned":[1,4],"killed_by":"3 Louse","ascension_level":2}