{"gold_per_floor":[146,156,176,190,210,245,245,258,258,275,275,310,18,32,32,132,132,144,154,1,13,31,64,84,84,84,94,94,9,9,24,24,119,119,129,129,142,67,81,110,110,129,129,147,147,162,162,177,177,177],"floor_reached":50,"playtime":3650,"items_purged":["Deadly Poison"],"score":564,"play_id":"7ac0eb49-f257-4e73-a780-db8e6cbfc2ea","local_time":"20180705123738","is_ascension_mode":false,"campfire_choices":[{"data":"Envenom","floor":7.0,"key":"SMITH"},{"floor":11.0,"key":"REST"},{"data":"All Out Attack","floor":15.0,"key":"SMITH"},{"floor":25,"key":"REST"},{"floor":32,"key":"REST"},{"data":"Infinite Blades","floor":41,"key":"SMITH"},{"data":"Noxious Fumes","floor":45,"key":"SMITH"},{"data":"Doppelganger","floor":47,"key":"SMITH"},{"floor":49,"key":"REST"}],"neow_cost":"","seed_source_timestamp":0,"circlet_count":0,"master_deck":["Survivor","Neutralize","Dagger Throw","Escape Plan","Quick Slash","Flying Knee","Infinite Blades+1","Malaise","Envenom+1","Blur","All Out Attack+1","Leg Sweep","Sucker Punch+1","Unload+1","Doppelganger+1","Poisoned Stab+1","Accuracy+1","Poisoned Stab+1","Flying Knee+1","Noxious Fumes+1","Finisher+1","Bouncing Flask","Dagger Throw+1","Corpse Explosion+1","Cloak And Dagger","Skewer+1","Prepared","Quick Slash+1","Poisoned Stab+1","Dodge and Roll","Flying Knee+1","Dodge and Roll","Crippling Poison","Enlightenment","Backstab+1","Backflip"],"special_seed":0,"relics":["Tiny House","Bronze Scales","Gremlin Horn","Ornamental Fan","Molten Egg 2","Lizard Tail","War Paint","Lantern","Meat on the Bone","Bird Faced Urn","Centennial Puzzle","Pandora\u0027s Box","Juzu Bracelet","Anchor"],"potions_floor_usage":[22,23,23,23,33,40,40,40,42,50],"damage_taken":[{"damage":0.0,"enemies":"Cultist","floor":1.0,"turns":4.0},{"damage":0.0,"enemies":"Small Slimes","floor":2.0,"turns":3.0},{"damage":2.0,"enemies":"Jaw Worm","floor":3.0,"turns":5.0},{"damage":17.0,"enemies":"Exordium Thugs","floor":4.0,"turns":5.0},{"damage":6.0,"enemies":"Blue Slaver","floor":5.0,"turns":3.0},{"damage":13.0,"enemies":"3 Sentries","floor":6.0,"turns":9.0},{"damage":0.0,"enemies":"Large Slime","floor":8.0,"turns":5.0},{"damage":18.0,"enemies":"3 Louse","floor":10.0,"turns":2.0},{"damage":13.0,"enemies":"Gremlin Nob","floor":12.0,"turns":5.0},{"damage":7.0,"enemies":"Blue Slaver","floor":14.0,"turns":3.0},{"damage":14.0,"enemies":"Slime Boss","floor":16.0,"turns":12.0},{"damage":4,"enemies":"Chosen","floor":18,"turns":6},{"damage":5,"enemies":"Shell Parasite","floor":19,"turns":7},{"damage":25,"enemies":"Sentry and Sphere","floor":21,"turns":8},{"damage":24,"enemies":"Slaver and Parasite","floor":22,"turns":8},{"damage":14,"enemies":"Gremlin Leader","floor":23,"turns":8},{"damage":0,"enemies":"Chosen and Byrds","floor":24,"turns":5},{"damage":12,"enemies":"Snake Plant","floor":27,"turns":4},{"damage":9,"enemies":"Centurion and Healer","floor":31,"turns":5},{"damage":55,"enemies":"Champ","floor":33,"turns":12},{"damage":5,"enemies":"3 Shapes","floor":35,"turns":7},{"damage":20,"enemies":"Orb Walker","floor":37,"turns":5},{"damage":25,"enemies":"3 Darklings","floor":39,"turns":4},{"damage":80,"enemies":"Giant Head","floor":40,"turns":9},{"damage":7,"enemies":"4 Shapes","floor":42,"turns":6},{"damage":16,"enemies":"Maw","floor":44,"turns":6},{"damage":12,"enemies":"3 Darklings","floor":46,"turns":6},{"damage":18,"enemies":"Sphere and 2 Shapes","floor":48,"turns":6},{"damage":81,"enemies":"Time Eater","floor":50,"turns":8}],"seed_played":"8567751360016472164","potions_obtained":[{"floor":0.0,"key":"EssenceOfSteel"},{"floor":4.0,"key":"GhostInAJar"},{"floor":6.0,"key":"GamblersBrew"},{"floor":12.0,"key":"GamblersBrew"},{"floor":16.0,"key":"PowerPotion"},{"floor":22,"key":"PowerPotion"},{"floor":27,"key":"Strength Potion"},{"floor":31,"key":"Block Potion"},{"floor":35,"key":"GhostInAJar"},{"floor":39,"key":"LiquidBronze"},{"floor":40,"key":"Fire Potion"},{"floor":46,"key":"Weak Potion"}],"is_trial":false,"path_per_floor":["M","M","M","M","M","E","R","M","T","M","R","E","$","M","R","B",null,"M","M","$","M","M","E","M","R","T","M","?","?","$","M","R","B",null,"M","?","M","$","M","E","R","M","T","M","R","M","R","M","R"],"character_chosen":"THE_SILENT","items_purchased":["Molten Egg 2","Sucker Punch","War Paint"],"campfire_rested":4,"item_purchase_floors":[],"current_hp_per_floor":[75,75,73,56,50,37,37,37,37,19,41,28,28,21,21,7,75,71,66,66,41,17,3,3,25,25,25,25,25,25,34,56,21,75,75,75,59,59,48,49,49,50,50,42,42,46,46,46,68,0],"gold":177,"neow_bonus":"","is_prod":false,"is_daily":false,"chose_seed":false,"campfire_upgraded":5,"win_rate":0.0,"timestamp":1530815858,"path_taken":["M","M","M","M","?","E","R","M","T","M","R","E","?","M","R","BOSS","M","M","$","M","M","E","M","R","T","M","?","?","$","M","R","BOSS","M","?","M","?","M","E","R","M","T","M","R","M","R","M","R","BOSS"],"build_version":"2018-06-28","purchased_purges":1,"victory":false,"max_hp_per_floor":[75,75,75,75,75,75,75,75,75,75,75,75,75,75,75,75,75,75,75,75,75,75,75,75,75,75,75,75,75,75,75,75,75,75,75,75,75,75,75,75,75,75,75,75,75,75,75,75,75,75],"card_choices":[{"not_picked":["Cloak And Dagger","Underhanded Strike"],"picked":"Dagger Throw","floor":0.0},{"not_picked":["Dagger Spray","Backflip"],"picked":"Escape Plan","floor":1.0},{"not_picked":["Deflect","Underhanded Strike"],"picked":"Quick Slash","floor":2.0},{"not_picked":["Well Laid Plans","Envenom"],"picked":"Flying Knee","floor":3.0},{"not_picked":["Flying Knee","PiercingWail"],"picked":"Infinite Blades","floor":4.0},{"not_picked":["Slice","Predator"],"picked":"Malaise","floor":5.0},{"not_picked":["Underhanded Strike","Dagger Spray"],"picked":"Envenom","floor":6.0},{"not_picked":["Riddle With Holes","Infinite Blades"],"picked":"Blur","floor":8.0},{"not_picked":["Deadly Poison","Dagger Spray"],"picked":"All Out Attack","floor":10.0},{"not_picked":["Skewer","Concentrate"],"picked":"Leg Sweep","floor":12.0},{"not_picked":["Underhanded Strike+1","Cloak And Dagger"],"picked":"Unload+1","floor":14.0},{"not_picked":["Bullet Time","Grand Finale+1"],"picked":"Doppelganger","floor":16.0},{"not_picked":["Outmaneuver","Slice+1"],"picked":"Poisoned Stab+1","floor":18},{"not_picked":["Bane+1","Deadly Poison+1"],"picked":"Accuracy+1","floor":19},{"not_picked":["Slice+1","Dagger Spray+1"],"picked":"Poisoned Stab+1","floor":21},{"not_picked":["Cloak And Dagger","Bane+1"],"picked":"Flying Knee+1","floor":22},{"not_picked":["Bane+1","Calculated Gamble"],"picked":"Noxious Fumes","floor":23},{"not_picked":["Deadly Poison","Deflect"],"picked":"Finisher+1","floor":24},{"not_picked":["Concentrate+1","Envenom"],"picked":"Bouncing Flask","floor":27},{"not_picked":["Riddle With Holes+1","Underhanded Strike+1"],"picked":"Dagger Throw+1","floor":31},{"not_picked":["Die Die Die+1","Glass Knife+1"],"picked":"Corpse Explosion+1","floor":33},{"not_picked":["All Out Attack+1","Dagger Spray+1","Poisoned Stab+1"],"picked":"SKIP","floor":35},{"not_picked":["Thinking Ahead","Blind"],"picked":"Enlightenment","floor":36},{"not_picked":["Malaise+1","Underhanded Strike+1","Blur+1"],"picked":"SKIP","floor":37},{"not_picked":["Poisoned Stab+1","Heel Hook+1"],"picked":"Backstab+1","floor":39},{"not_picked":["Dagger Spray+1","Acrobatics+1"],"picked":"Backflip","floor":40},{"not_picked":["Poisoned Stab+1","Deflect+1","Dagger Spray+1"],"picked":"SKIP","floor":42},{"not_picked":["Flying Knee+1","Deflect+1","Night Terror"],"picked":"SKIP","floor":44},{"not_picked":["Dagger Throw+1","Dagger Spray+1","Sucker Punch+1"],"picked":"SKIP","floor":46},{"not_picked":["Slice+1","Underhanded Strike+1","Poisoned Stab+1"],"picked":"SKIP","floor":48}],"player_experience":148693,"relics_obtained":[{"floor":6.0,"key":"Bronze Scales"},{"floor":9.0,"key":"Gremlin Horn"},{"floor":12.0,"key":"Ornamental Fan"},{"floor":23,"key":"Lantern"},{"floor":26,"key":"Meat on the Bone"},{"floor":40,"key":"Juzu Bracelet"},{"floor":43,"key":"Anchor"}],"event_choices":[{"event_name":"The Mausoleum","player_choice":"Yes","floor":28,"damage_taken":0},{"event_name":"Addict","player_choice":"Obtained Relic","floor":29,"damage_taken":0},{"event_name":"SensoryStone","player_choice":"Memory 1","floor":36,"damage_taken":0}],"boss_relics":[{"not_picked":["Coffee Dripper","White Beast Statue"],"picked":"Lizard Tail"},{"not_picked":["Cursed Key","Fusion Hammer"],"picked":"Pandora\u0027s Box"}],"items_purged_floors":[38],"is_endless":false,"potions_floor_spawned":[4,6,8,12,16,21,22,27,31,35,39,40,46],"killed_by":"Time Eater","ascension_level":0}