{"gold_per_floor":[114,114,289,289,301,301,311,327,327,337,337,337,369,369,369,473,473,483,583,583,595,595,595,625,625,678,695,705,705,722,734,734,837,837,851,851],"floor_reached":36,"playtime":2525,"items_purged":[],"score":434,"play_id":"0c1049b3-10b4-43ab-a80c-d2eba8cd3dc5","local_time":"20190310220827","is_ascension_mode":false,"campfire_choices":[{"data":"Terror","floor":6,"key":"SMITH"},{"floor":12,"key":"REST"},{"floor":15,"key":"REST"},{"floor":23,"key":"REST"},{"floor":25,"key":"REST"},{"floor":32,"key":"REST"}],"neow_cost":"NONE","seed_source_timestamp":776535475267700,"circlet_count":0,"master_deck":["Defend_G+1","Defend_G","Defend_G+1","Defend_G+1","Defend_G","Strike_G","Strike_G","Strike_G","Strike_G","Strike_G","Survivor","Neutralize","Dagger Spray+1","Iron Wave","Terror+1","Phantasmal Killer+1","Flying Knee","Night Terror","Poisoned Stab","Die Die Die","Flechettes","Poisoned Stab","Noxious Fumes","Die Die Die","Poisoned Stab+1","Infinite Blades+1","Dagger Throw+1","Envenom","Bane+1"],"relics":["Ring of the Snake","Meat on the Bone","Question Card","Blood Vial","Pear","The Specimen","Nloth\u0027s Gift","Nilry\u0027s Codex","Mango","War Paint","Runic Pyramid"],"potions_floor_usage":[18,19,27,30],"damage_taken":[{"damage":8,"enemies":"Jaw Worm","floor":1,"turns":5},{"damage":0,"enemies":"2 Louse","floor":5,"turns":3},{"damage":0,"enemies":"Cultist","floor":7,"turns":3},{"damage":4,"enemies":"3 Louse","floor":8,"turns":3},{"damage":5,"enemies":"Looter","floor":10,"turns":3},{"damage":24,"enemies":"3 Sentries","floor":13,"turns":5},{"damage":44,"enemies":"Hexaghost","floor":16,"turns":9},{"damage":0,"enemies":"3 Byrds","floor":18,"turns":5},{"damage":29,"enemies":"Colosseum Slavers","floor":19,"turns":4},{"damage":34,"enemies":"Colosseum Nobs","floor":19,"turns":6},{"damage":9,"enemies":"2 Thieves","floor":21,"turns":4},{"damage":34,"enemies":"Gremlin Leader","floor":24,"turns":5},{"damage":24,"enemies":"Snake Plant","floor":27,"turns":5},{"damage":31,"enemies":"Shelled Parasite and Fungi","floor":28,"turns":4},{"damage":0,"enemies":"Centurion and Healer","floor":30,"turns":4},{"damage":20,"enemies":"3 Cultists","floor":31,"turns":4},{"damage":69,"enemies":"Collector","floor":33,"turns":7},{"damage":31,"enemies":"3 Shapes","floor":35,"turns":3},{"damage":97,"enemies":"2 Orb Walkers","floor":36,"turns":6}],"seed_played":"-3511721522638539406","potions_obtained":[{"floor":8,"key":"LiquidBronze"},{"floor":10,"key":"FairyPotion"},{"floor":16,"key":"Dexterity Potion"},{"floor":24,"key":"Poison Potion"},{"floor":27,"key":"FearPotion"}],"is_trial":false,"path_per_floor":["M","?","?","?","M","R","M","M","T","M","?","R","E","?","R","B",null,"M","?","?","M","?","R","E","R","T","M","M","?","M","M","R","B",null,"M","?"],"character_chosen":"THE_SILENT","items_purchased":[],"campfire_rested":5,"item_purchase_floors":[],"current_hp_per_floor":[69,69,69,69,69,69,69,65,65,60,45,68,44,41,64,34,77,77,38,38,43,27,53,47,77,77,55,38,38,52,46,76,21,101,70,0],"gold":851,"neow_bonus":"TEN_PERCENT_HP_BONUS","is_prod":false,"is_daily":false,"chose_seed":false,"campfire_upgraded":1,"win_rate":0.0,"timestamp":1552270107,"path_taken":["M","?","?","?","M","R","M","?","T","M","?","R","E","?","R","BOSS","M","?","?","?","?","R","E","R","T","M","M","?","?","M","R","BOSS","M","?"],"build_version":"2019-01-23","purchased_purges":0,"victory":false,"max_hp_per_floor":[77,77,77,77,77,77,77,77,77,77,77,77,77,77,77,77,77,77,87,87,87,87,87,101,101,101,101,101,101,101,101,101,101,101,101,101],"card_choices":[{"not_picked":["Poisoned Stab","Quick Slash"],"picked":"Dagger Spray","floor":1},{"not_picked":["Dagger Throw","Underhanded Strike"],"picked":"Terror","floor":5},{"not_picked":["Cloak And Dagger","PiercingWail"],"picked":"Phantasmal Killer","floor":7},{"not_picked":["Dagger Spray","Blade Dance"],"picked":"Flying Knee","floor":8},{"not_picked":["Escape Plan","Bane"],"picked":"Night Terror","floor":10},{"not_picked":["Eviscerate","Flechettes"],"picked":"Poisoned Stab","floor":13},{"not_picked":["Bullet Time","Tools of the Trade","Storm of Steel"],"picked":"Die Die Die","floor":16},{"not_picked":["Cloak And Dagger","Flying Knee","Deflect"],"picked":"Flechettes","floor":18},{"not_picked":["Sucker Punch+1","Outmaneuver","Flying Knee"],"picked":"Poisoned Stab","floor":19},{"not_picked":["Acrobatics","Infinite Blades","Quick Slash"],"picked":"Noxious Fumes","floor":21},{"not_picked":["A Thousand Cuts","Deflect","Quick Slash"],"picked":"Die Die Die","floor":24},{"not_picked":["Backstab","Outmaneuver","Dodge and Roll"],"picked":"Poisoned Stab+1","floor":27},{"not_picked":["Cloak And Dagger","Prepared","Dagger Spray"],"picked":"Infinite Blades","floor":28},{"not_picked":["PiercingWail+1","Quick Slash","Choke"],"picked":"Dagger Throw+1","floor":30},{"not_picked":["Well Laid Plans","Underhanded Strike","Dodge and Roll","Blur"],"picked":"SKIP","floor":31},{"not_picked":["Night Terror","Tools of the Trade","Wraith Form v2"],"picked":"Envenom","floor":33},{"not_picked":["Distraction+1","Outmaneuver+1","Dagger Throw+1"],"picked":"Bane+1","floor":35}],"player_experience":65008,"relics_obtained":[{"floor":9,"key":"Meat on the Bone"},{"floor":13,"key":"Question Card"},{"floor":19,"key":"Pear"},{"floor":19,"key":"The Specimen"},{"floor":22,"key":"Nilry\u0027s Codex"},{"floor":24,"key":"Mango"},{"floor":26,"key":"War Paint"}],"event_choices":[{"damage_healed":0,"gold_gain":0,"player_choice":"Grow","damage_taken":0,"max_hp_gain":0,"max_hp_loss":0,"event_name":"Living Wall","floor":2,"gold_loss":0,"cards_upgraded":["Dagger Spray"]},{"damage_healed":0,"gold_gain":175,"player_choice":"AGREE","damage_taken":0,"max_hp_gain":0,"max_hp_loss":0,"event_name":"Liars Game","floor":3,"gold_loss":0,"cards_obtained":["Doubt"]},{"cards_removed":["Doubt"],"damage_healed":0,"gold_gain":0,"player_choice":"Took Card","damage_taken":0,"max_hp_gain":0,"max_hp_loss":0,"event_name":"NoteForYourself","floor":4,"gold_loss":0,"cards_obtained":["Iron Wave"]},{"damage_healed":0,"gold_gain":0,"player_choice":"Entered Light","damage_taken":15,"max_hp_gain":0,"max_hp_loss":0,"event_name":"Shining Light","floor":11,"gold_loss":0,"cards_upgraded":["Defend_G","Defend_G"]},{"damage_healed":0,"gold_gain":0,"player_choice":"Success","damage_taken":3,"relics_obtained":["Blood Vial"],"max_hp_gain":0,"max_hp_loss":0,"event_name":"Scrap Ooze","floor":14,"gold_loss":0},{"damage_healed":0,"gold_gain":0,"player_choice":"Fight","damage_taken":0,"max_hp_gain":0,"max_hp_loss":0,"event_name":"Colosseum","floor":19,"gold_loss":0},{"damage_healed":0,"gold_gain":0,"player_choice":"Fought Nobs","damage_taken":0,"max_hp_gain":0,"max_hp_loss":0,"event_name":"Colosseum","floor":19,"gold_loss":0},{"damage_healed":0,"gold_gain":0,"player_choice":"Traded Relic","damage_taken":0,"relics_obtained":["Nloth\u0027s Gift"],"max_hp_gain":0,"max_hp_loss":0,"event_name":"N\u0027loth","floor":20,"relics_lost":["Eternal Feather"],"gold_loss":0},{"damage_healed":0,"gold_gain":0,"player_choice":"Obtained Book","damage_taken":16,"max_hp_gain":0,"max_hp_loss":0,"event_name":"Cursed Tome","floor":22,"gold_loss":0},{"damage_healed":0,"gold_gain":0,"player_choice":"Upgraded","damage_taken":0,"max_hp_gain":0,"max_hp_loss":0,"event_name":"Upgrade Shrine","floor":29,"gold_loss":0,"cards_upgraded":["Infinite Blades"]},{"damage_healed":0,"gold_gain":0,"player_choice":"Fight","damage_taken":0,"max_hp_gain":0,"max_hp_loss":0,"event_name":"Mysterious Sphere","floor":36,"gold_loss":0}],"is_beta":false,"boss_relics":[{"not_picked":["Cursed Key","WristBlade"],"picked":"Eternal Feather"},{"not_picked":["Snecko Eye","Fusion Hammer"],"picked":"Runic Pyramid"}],"items_purged_floors":[],"is_endless":false,"potions_floor_spawned":[8,10,16,19,24,27],"killed_by":"2 Orb Walkers","ascension_level":0}