{"gold_per_floor":[118,118,128,53,53,53,80,80,80,80,90,101,118,133,133,133],"floor_reached":16,"playtime":498,"items_purged":["Defend_R"],"score":102,"play_id":"56552e7c-c580-41d1-9a87-6e97b4a9530b","local_time":"20180801004521","is_ascension_mode":false,"campfire_choices":[{"data":"Rage","floor":6,"key":"SMITH"},{"data":"Entrench","floor":10,"key":"SMITH"},{"data":"Heavy Blade","floor":15,"key":"SMITH"}],"neow_cost":"NONE","seed_source_timestamp":1469972584223671,"circlet_count":0,"master_deck":["Strike_R","Strike_R","Strike_R","Strike_R","Defend_R","Defend_R","Defend_R","Bash","Iron Wave","Rage+1","Entrench+1","Clash","Inflame","Heavy Blade+1","Shrug It Off"],"relics":["Burning Blood"],"potions_floor_usage":[16],"damage_taken":[{"damage":17,"enemies":"Small Slimes","floor":1,"turns":4},{"damage":8,"enemies":"2 Louse","floor":3,"turns":2},{"damage":34,"enemies":"Gremlin Nob","floor":7,"turns":5},{"damage":0,"enemies":"Cultist","floor":11,"turns":4},{"damage":12,"enemies":"Exordium Thugs","floor":12,"turns":5},{"damage":2,"enemies":"Blue Slaver","floor":13,"turns":3},{"damage":10,"enemies":"Looter","floor":14,"turns":2},{"damage":46,"enemies":"The Guardian","floor":16,"turns":9}],"seed_played":"1128266717996794371","potions_obtained":[{"floor":7,"key":"Ancient Potion"},{"floor":14,"key":"FearPotion"}],"is_trial":false,"path_per_floor":["M","?","M","$","T","R","E","?","T","R","M","M","M","M","R"],"character_chosen":"IRONCLAD","items_purchased":[],"campfire_rested":0,"item_purchase_floors":[],"current_hp_per_floor":[69,74,72,72,72,72,44,44,44,44,50,44,48,44,44,0],"gold":133,"neow_bonus":"REMOVE_CARD","is_prod":false,"is_daily":false,"chose_seed":false,"campfire_upgraded":3,"win_rate":0,"timestamp":1533105921,"path_taken":["M","?","M","$","?","R","E","?","T","R","M","M","M","M","R","BOSS"],"build_version":"2018-07-26","purchased_purges":1,"victory":false,"max_hp_per_floor":[80,85,85,85,85,85,85,85,85,85,85,85,85,85,85,85],"card_choices":[{"not_picked":["Clothesline","Warcry"],"picked":"Iron Wave","floor":1},{"not_picked":["Headbutt","Sentinel"],"picked":"Rage","floor":3},{"not_picked":["Combust","Bloodletting"],"picked":"Entrench","floor":7},{"not_picked":["Havoc","True Grit"],"picked":"Clash","floor":11},{"not_picked":["Pummel","Dual Wield"],"picked":"Inflame","floor":12},{"not_picked":["True Grit","Sword Boomerang"],"picked":"Heavy Blade","floor":13},{"not_picked":["Twin Strike","Shockwave"],"picked":"Shrug It Off","floor":14}],"player_experience":316474,"relics_obtained":[],"event_choices":[{"event_name":"Big Fish","player_choice":"Donut","floor":2,"damage_taken":0},{"event_name":"Dead Adventurer","player_choice":"Searched \u00270\u0027 times","floor":8,"damage_taken":0}],"is_beta":false,"boss_relics":[],"items_purged_floors":[4],"is_endless":false,"potions_floor_spawned":[7,14],"killed_by":"The Guardian","ascension_level":0}