{"gold_per_floor":[110,6,24,24,36,36,52,65,65,88,118,118,43,73,73,171,171,183,183],"floor_reached":19,"playtime":562,"items_purged":["Strike_B"],"score":192,"play_id":"68d2c80a-77c6-4501-a66b-252186b9d50a","local_time":"20190315190416","is_ascension_mode":true,"campfire_choices":[{"floor":6,"key":"REST"},{"floor":15,"key":"REST"}],"neow_cost":"NONE","seed_source_timestamp":67076793005072,"circlet_count":0,"master_deck":["Defend_B","Defend_B","Defend_B","Defend_B","Zap","Dualcast","Darkness","Ball Lightning","Storm","Ball Lightning","Capacitor","Conserve Battery","Go for the Eyes","Reinforced Body+1"],"relics":["Cracked Core","WarpedTongs","Pantograph","Bag of Marbles","Ornamental Fan","Empty Cage"],"potions_floor_usage":[19],"damage_taken":[{"damage":0,"enemies":"Cultist","floor":1,"turns":4},{"damage":9,"enemies":"Jaw Worm","floor":3,"turns":4},{"damage":12,"enemies":"Small Slimes","floor":5,"turns":3},{"damage":15,"enemies":"Looter","floor":7,"turns":3},{"damage":12,"enemies":"3 Louse","floor":8,"turns":3},{"damage":19,"enemies":"Lagavulin","floor":14,"turns":5},{"damage":22,"enemies":"The Guardian","floor":16,"turns":9},{"damage":37,"enemies":"3 Byrds","floor":18,"turns":5},{"damage":38,"enemies":"Colosseum Slavers","floor":19,"turns":5}],"seed_played":"231366950225223502","potions_obtained":[{"floor":1,"key":"Strength Potion"},{"floor":7,"key":"SpeedPotion"},{"floor":8,"key":"Poison Potion"}],"is_trial":false,"path_per_floor":["$","?","M","T","?","?","?"],"character_chosen":"DEFECT","items_purchased":["Ball Lightning","Storm"],"campfire_rested":2,"item_purchase_floors":[2,2],"current_hp_per_floor":[75,75,66,66,54,75,60,48,48,48,48,48,48,29,51,53,75,38,0],"gold":183,"neow_bonus":"REMOVE_CARD","is_prod":false,"is_daily":false,"chose_seed":false,"campfire_upgraded":0,"win_rate":0,"timestamp":1552673056,"path_taken":["M","?","M","?","?","R","M","M","T","?","?","?","$","E","R","BOSS","M","?"],"build_version":"2019-01-23","purchased_purges":1,"victory":false,"max_hp_per_floor":[75,75,75,75,75,75,75,75,75,75,75,75,75,75,75,75,75,75,75],"card_choices":[{"not_picked":["Reinforced Body","Double Energy"],"picked":"Darkness","floor":1},{"not_picked":["Hologram","Gash"],"picked":"Ball Lightning","floor":3},{"not_picked":["Coolheaded","Darkness"],"picked":"Capacitor","floor":5},{"not_picked":["Tempest","Rebound","Reinforced Body"],"picked":"SKIP","floor":7},{"not_picked":["Rebound","Gash"],"picked":"Conserve Battery","floor":8},{"not_picked":["Beam Cell","Streamline"],"picked":"Go for the Eyes","floor":14},{"not_picked":["Tempest","Sweeping Beam+1"],"picked":"Reinforced Body+1","floor":18}],"player_experience":322028,"relics_obtained":[{"floor":9,"key":"Pantograph"},{"floor":10,"key":"Bag of Marbles"},{"floor":14,"key":"Ornamental Fan"}],"event_choices":[{"damage_healed":0,"gold_gain":0,"player_choice":"Rummage","damage_taken":0,"relics_obtained":["WarpedTongs"],"max_hp_gain":0,"max_hp_loss":0,"event_name":"Accursed Blacksmith","floor":4,"gold_loss":0,"cards_obtained":["Pain"]},{"damage_healed":0,"gold_gain":30,"player_choice":"Searched \u00271\u0027 times","damage_taken":0,"max_hp_gain":0,"max_hp_loss":0,"event_name":"Dead Adventurer","floor":11,"gold_loss":0},{"cards_removed":["Strike_B"],"damage_healed":0,"gold_gain":0,"player_choice":"Forget","damage_taken":0,"max_hp_gain":0,"max_hp_loss":0,"event_name":"Living Wall","floor":12,"gold_loss":0},{"damage_healed":0,"gold_gain":0,"player_choice":"Fight","damage_taken":0,"max_hp_gain":0,"max_hp_loss":0,"event_name":"Colosseum","floor":19,"gold_loss":0}],"is_beta":false,"boss_relics":[{"not_picked":["Ectoplasm","Astrolabe"],"picked":"Empty Cage"}],"items_purged_floors":[13],"is_endless":false,"potions_floor_spawned":[1,7,8,14],"killed_by":"Colosseum Slavers","ascension_level":3}