{"gold_per_floor":[119,69,69,79,79,79,97,2,2,2,16,35,35,50,50,153,153,172,188,188,113,188,188,198,198,198,217,217,5,21,31,31,128,128,146,166,166,166],"floor_reached":38,"playtime":1756,"items_purged":[],"score":418,"play_id":"e35453ae-75d2-4192-8b32-206d72ddd4cd","local_time":"20180806113622","is_ascension_mode":false,"campfire_choices":[{"data":"Neutralize","floor":6,"key":"SMITH"},{"data":"Phantasmal Killer","floor":13,"key":"SMITH"},{"data":"Noxious Fumes","floor":15,"key":"SMITH"},{"data":"Wraith Form v2","floor":23,"key":"SMITH"},{"data":"Adrenaline","floor":28,"key":"SMITH"},{"data":"Panache","floor":32,"key":"SMITH"}],"neow_cost":"NONE","seed_source_timestamp":0,"circlet_count":0,"master_deck":["Defend_G","Defend_G","Defend_G","Defend_G","Strike_G","Strike_G","Survivor","Neutralize+1","Unload","Noxious Fumes+1","Dash","Heel Hook","Deflect","Prepared","Dash","Dodge and Roll","Phantasmal Killer+1","Bandage Up","Bouncing Flask","Dagger Throw","Dagger Spray","Wraith Form v2+1","Bouncing Flask+1","Underhanded Strike+1","Adrenaline+1","Ghostly","Ghostly","Ghostly","Ghostly","Ghostly","Cloak And Dagger+1","Panache+1","Quick Slash","Dagger Spray+1","Burst","Sucker Punch+1","Catalyst+1"],"special_seed":0,"relics":["Orrery"],"potions_floor_usage":[27,36],"damage_taken":[{"damage":5,"enemies":"2 Louse","floor":1,"turns":2},{"damage":2,"enemies":"Jaw Worm","floor":4,"turns":4},{"damage":0,"enemies":"Cultist","floor":7,"turns":4},{"damage":0,"enemies":"Blue Slaver","floor":11,"turns":5},{"damage":2,"enemies":"Large Slime","floor":12,"turns":7},{"damage":14,"enemies":"Lots of Slimes","floor":14,"turns":4},{"damage":12,"enemies":"The Guardian","floor":16,"turns":12},{"damage":21,"enemies":"Spheric Guardian","floor":18,"turns":6},{"damage":12,"enemies":"Chosen","floor":19,"turns":5},{"damage":14,"enemies":"Slaver and Parasite","floor":24,"turns":7},{"damage":0,"enemies":"Centurion and Healer","floor":27,"turns":6},{"damage":9,"enemies":"3 Cultists","floor":30,"turns":7},{"damage":1,"enemies":"Snecko","floor":31,"turns":5},{"damage":21,"enemies":"Automaton","floor":33,"turns":11},{"damage":5,"enemies":"Orb Walker","floor":35,"turns":5},{"damage":5,"enemies":"Flame Bruiser 1 Orb","floor":36,"turns":9},{"damage":41,"enemies":"4 Shapes","floor":38,"turns":3}],"seed_played":"-8238278239468620656","potions_obtained":[{"floor":12,"key":"AttackPotion"},{"floor":16,"key":"Block Potion"},{"floor":27,"key":"SmokeBomb"},{"floor":31,"key":"FearPotion"},{"floor":33,"key":"Ancient Potion"}],"is_trial":false,"path_per_floor":["M","?","?","M","?","R","M","$","T","?","M","M","R","M","R","B",null,"M","M","?","?","?","R","M","?","T","M","R","$","M","M","R","B",null,"M","M","?"],"character_chosen":"THE_SILENT","items_purchased":["Bandage Up","Panache","Quick Slash"],"campfire_rested":0,"item_purchase_floors":[8,29,29],"current_hp_per_floor":[65,65,65,63,63,63,63,63,63,56,60,62,62,52,52,44,70,53,45,45,45,38,38,28,28,28,32,32,32,27,30,30,13,35,30,29,29,0],"gold":166,"neow_bonus":"BOSS_RELIC","is_prod":false,"is_daily":false,"chose_seed":false,"campfire_upgraded":6,"win_rate":0,"timestamp":1533576982,"path_taken":["M","?","?","M","?","R","M","$","T","?","?","M","R","M","R","BOSS","M","M","?","?","?","R","?","?","T","M","R","$","M","M","R","BOSS","M","M","?","M"],"build_version":"2018-08-02","purchased_purges":0,"victory":false,"max_hp_per_floor":[70,70,70,70,70,70,70,70,70,70,70,70,70,70,70,70,70,70,70,70,70,70,70,70,35,35,35,35,35,35,35,35,35,35,35,35,35,35],"card_choices":[{"not_picked":["Poisoned Stab","Skewer"],"picked":"Unload","floor":0.0},{"not_picked":["Prepared","Well Laid Plans"],"picked":"Noxious Fumes","floor":0.0},{"not_picked":["Blade Dance","PiercingWail"],"picked":"Dash","floor":0.0},{"not_picked":["Deflect","Dagger Spray"],"picked":"Heel Hook","floor":0.0},{"not_picked":["Blade Dance","Slice"],"picked":"Deflect","floor":0.0},{"not_picked":["Bouncing Flask","Dagger Throw"],"picked":"Prepared","floor":1},{"not_picked":["Dagger Spray","Deadly Poison"],"picked":"Dodge and Roll","floor":4},{"not_picked":["Escape Plan","Masterful Stab"],"picked":"Phantasmal Killer","floor":7},{"not_picked":["Bane","Leg Sweep"],"picked":"Bouncing Flask","floor":11},{"not_picked":["Distraction","Well Laid Plans"],"picked":"Dagger Throw","floor":12},{"not_picked":["Masterful Stab","Deadly Poison"],"picked":"Dagger Spray","floor":14},{"not_picked":["Adrenaline","Corpse Explosion"],"picked":"Wraith Form v2","floor":16},{"not_picked":["Poisoned Stab","PiercingWail"],"picked":"Bouncing Flask+1","floor":18},{"not_picked":["Bane","Dodge and Roll"],"picked":"Underhanded Strike+1","floor":19},{"not_picked":["Deflect","Sucker Punch+1"],"picked":"Adrenaline","floor":24},{"not_picked":["Blade Dance","Expertise"],"picked":"Cloak And Dagger+1","floor":27},{"not_picked":["Expertise","Deadly Poison","Eviscerate"],"picked":"SKIP","floor":30},{"not_picked":["Bane","Flying Knee"],"picked":"Dagger Spray+1","floor":31},{"not_picked":["Wraith Form v2","Phantasmal Killer"],"picked":"Burst","floor":33},{"not_picked":["Backflip+1","Endless Agony"],"picked":"Sucker Punch+1","floor":35},{"not_picked":["PiercingWail","Bane+1"],"picked":"Catalyst+1","floor":36}],"player_experience":341905,"relics_obtained":[],"event_choices":[{"event_name":"The Cleric","player_choice":"Card Removal","floor":2,"damage_taken":0},{"event_name":"Transmorgrifier","player_choice":"Transform","floor":3,"damage_taken":0},{"event_name":"WeMeetAgain","player_choice":"Attack","floor":5,"damage_taken":0},{"event_name":"Golden Wing","player_choice":"Card Removal","floor":10,"damage_taken":0},{"event_name":"The Mausoleum","player_choice":"No","floor":20,"damage_taken":0},{"event_name":"Beggar","player_choice":"Gave Gold","floor":21,"damage_taken":0},{"event_name":"FaceTrader","player_choice":"Touch","floor":22,"damage_taken":0},{"event_name":"Ghosts","player_choice":"Became a Ghost","floor":25,"damage_taken":0},{"event_name":"Mysterious Sphere","player_choice":"Ignore","floor":37,"damage_taken":0}],"is_beta":false,"boss_relics":[{"not_picked":["Black Star","White Beast Statue","Sozu"]},{"not_picked":["Astrolabe","Coffee Dripper","Cursed Key"]}],"items_purged_floors":[],"is_endless":false,"potions_floor_spawned":[12,16,27,31,33,35],"killed_by":"4 Shapes","ascension_level":0}