{"gold_per_floor":[119,138,13,13,13,49,49,68,121,164,164,3,24,40,40,133,133,156,156],"floor_reached":19,"playtime":858,"items_purged":["Strike_B"],"score":310,"play_id":"07b6897e-bcb7-4acc-9b76-68ead9f6d31e","local_time":"20190320155804","is_ascension_mode":true,"campfire_choices":[{"floor":7.0,"key":"REST"},{"data":"Self Repair","floor":11.0,"key":"SMITH"},{"data":"Multi-Cast","floor":15.0,"key":"SMITH"}],"neow_cost":"NONE","seed_source_timestamp":2428415996665321,"circlet_count":0,"master_deck":["AscendersBane","Strike_B+1","Defend_B","Defend_B","Defend_B","Zap+1","Dualcast","Ball Lightning","Cold Snap+1","Electrodynamics","Steam","Multi-Cast+1","Leap","Self Repair+1","Panacea","Echo Form","FTL+1","Lockon+1","Blizzard+1","Defragment"],"special_seed":0,"relics":["Lizard Tail","Golden Idol","Whetstone","Pen Nib","Dead Branch","Astrolabe"],"potions_floor_usage":[],"damage_taken":[{"damage":2.0,"enemies":"Jaw Worm","floor":1.0,"turns":3.0},{"damage":5.0,"enemies":"Small Slimes","floor":2.0,"turns":3.0},{"damage":8.0,"enemies":"3 Sentries","floor":6.0,"turns":3.0},{"damage":0.0,"enemies":"2 Louse","floor":8.0,"turns":2.0},{"damage":21.0,"enemies":"Gremlin Nob","floor":10.0,"turns":4.0},{"damage":2.0,"enemies":"Looter","floor":13.0,"turns":3.0},{"damage":13.0,"enemies":"3 Louse","floor":14.0,"turns":3.0},{"damage":37.0,"enemies":"Hexaghost","floor":16.0,"turns":10.0},{"damage":1.0,"enemies":"3 Byrds","floor":18.0,"turns":3.0},{"damage":70,"enemies":"Masked Bandits","floor":19,"turns":3}],"seed_played":"8518111703058758998","potions_obtained":[{"floor":2.0,"key":"SkillPotion"},{"floor":8.0,"key":"FocusPotion"},{"floor":13.0,"key":"FearPotion"}],"is_trial":false,"path_per_floor":["M","M","$","?","?","E","R","M","T","E","R","$","M","M","R","B",null,"M","?"],"character_chosen":"DEFECT","items_purchased":["Electrodynamics","Steam","Panacea"],"campfire_rested":1,"item_purchase_floors":[3,3,12],"current_hp_per_floor":[62,57,57,33,33,25,46,46,46,25,25,25,33,20,20,30,61,70,0],"gold":156,"neow_bonus":"BOSS_RELIC","is_prod":false,"is_daily":false,"chose_seed":false,"campfire_upgraded":2,"win_rate":0,"timestamp":1553119084,"path_taken":["M","M","$","?","?","E","R","M","T","E","R","?","?","M","R","BOSS","M","?"],"build_version":"2019-01-23","purchased_purges":1,"victory":false,"max_hp_per_floor":[71,71,71,71,71,71,71,71,71,71,71,71,71,71,71,71,71,71,71],"card_choices":[{"not_picked":["Genetic Algorithm","Stack"],"picked":"Ball Lightning","floor":1.0},{"not_picked":["Redo","Melter"],"picked":"Cold Snap","floor":2.0},{"not_picked":["Darkness","Steam Power"],"picked":"Multi-Cast","floor":6.0},{"not_picked":["Turbo","Storm"],"picked":"Leap","floor":8.0},{"not_picked":["Hologram","Coolheaded"],"picked":"Self Repair","floor":10.0},{"not_picked":["Streamline","Gash","Compile Driver"],"picked":"SKIP","floor":13.0},{"not_picked":["Fusion","Recycle","Force Field"],"picked":"SKIP","floor":14.0},{"not_picked":["Amplify","Buffer"],"picked":"Echo Form","floor":16.0},{"not_picked":["Steam","Ball Lightning"],"picked":"Defragment","floor":18.0}],"player_experience":818875,"relics_obtained":[{"floor":6.0,"key":"Whetstone"},{"floor":9.0,"key":"Pen Nib"},{"floor":10.0,"key":"Dead Branch"}],"event_choices":[{"damage_healed":0.0,"max_hp_gain":0.0,"max_hp_loss":0.0,"gold_gain":0.0,"event_name":"Golden Idol","player_choice":"Take Damage","floor":4.0,"gold_loss":0.0,"damage_taken":24.0,"relics_obtained":["Golden Idol"]},{"damage_healed":0.0,"max_hp_gain":0.0,"max_hp_loss":0.0,"gold_gain":0.0,"event_name":"Living Wall","player_choice":"Grow","floor":5.0,"gold_loss":0.0,"damage_taken":0.0,"cards_upgraded":["Zap"]},{"damage_healed":0,"gold_gain":0,"player_choice":"Fought Bandits","damage_taken":0,"max_hp_gain":0,"max_hp_loss":0,"event_name":"Masked Bandits","floor":19,"gold_loss":0}],"is_beta":false,"boss_relics":[{"not_picked":["Runic Pyramid","White Beast Statue"],"picked":"Astrolabe"}],"items_purged_floors":[12],"is_endless":false,"potions_floor_spawned":[2,8,13],"killed_by":"Masked Bandits","ascension_level":15}