{"path_per_floor":["M","?","$","?","?","E","M","R","T","M","M","R","M","M","R","B",null,"M","?","$","M","M","E","R","M","T","M","$","?","R","?","R","B",null,"M","?","?","?","$","M","E","?","T","R","M","R","M","$","R","B"],"character_chosen":"DEFECT","items_purchased":["Consume","Capacitor","Buffer","Capacitor","Ancient Potion"],"gold_per_floor":[111,111,39,4,79,104,121,121,121,133,147,147,160,180,180,281,281,293,293,192,203,223,250,250,267,267,277,202,117,117,117,117,218,218,235,235,235,235,135,152,183,183,207,207,217,217,233,36,36,36],"floor_reached":51,"campfire_rested":3,"playtime":2295,"current_hp_per_floor":[75,57,57,75,64,64,64,64,64,64,64,64,55,49,49,21,75,59,59,59,52,40,5,27,25,25,39,39,39,39,39,61,56,75,51,51,51,70,70,75,67,67,67,67,48,70,75,75,75,57],"items_purged":["Strike_B","Writhe","Doubt"],"gold":36,"score":779,"play_id":"823fe3d2-c91d-4ffc-8d27-7065be7ca21c","local_time":"20180507212902","is_prod":false,"is_daily":false,"chose_seed":false,"is_ascension_mode":true,"campfire_upgraded":6,"timestamp":1525746542,"path_taken":["M","?","$","?","?","E","M","R","T","?","M","R","M","M","R","BOSS","M","?","$","M","M","E","R","?","T","M","$","?","R","?","R","BOSS","M","?","?","?","$","M","E","?","T","R","M","R","M","$","R","BOSS"],"build_version":"2018-05-03","seed_source_timestamp":1880280044069205,"purchased_purges":3,"victory":true,"master_deck":["Strike_B","Strike_B","Defend_B","Defend_B","Defend_B","Zap+1","Dualcast","Capacitor+1","Consume+1","Aggregate","Conserve Battery","Gash","Capacitor+1","Stack","Rainbow","White Noise+1","Tempest","Ball Lightning","Glacier+1","Capacitor","Rip and Tear+1","Scrape+1","Go for the Eyes","Force Field","Buffer+1","Biased Cognition","Chaos+1","Static Discharge","Thunder Strike+1","Go for the Eyes+1","Capacitor"],"max_hp_per_floor":[75,75,75,75,75,75,75,75,75,75,75,75,75,75,75,75,75,75,75,75,75,75,75,75,75,75,75,75,75,75,75,75,75,75,75,75,75,75,75,75,75,75,75,75,75,75,75,75,75,75],"relics":["Cracked Core","NeowsBlessing","Symbiotic Virus","DataDisk","Unceasing Top","Orrery","Ornamental Fan","Bird Faced Urn","Toolbox","Cursed Key","Mummified Hand","Happy Flower"],"card_choices":[{"not_picked":["Leap","Turbo"],"picked":"Capacitor","floor":1.0},{"not_picked":["Echo Form","Barrage"],"picked":"Aggregate","floor":6.0},{"not_picked":["Barrage","Heatsinks"],"picked":"Conserve Battery","floor":7.0},{"not_picked":["Cold Snap","Ball Lightning"],"picked":"Gash","floor":10.0},{"not_picked":["Stack","Leap"],"picked":"Capacitor","floor":11.0},{"not_picked":["Leap","Rebound"],"picked":"Stack","floor":14.0},{"not_picked":["Meteor Strike","Seek"],"picked":"Rainbow","floor":16.0},{"not_picked":["Skim","Beam Cell"],"picked":"White Noise","floor":17.0},{"not_picked":["Turbo","Coolheaded"],"picked":"Tempest","floor":17.0},{"not_picked":["Capacitor","Beam Cell"],"picked":"Ball Lightning","floor":17.0},{"not_picked":["Rainbow","Impulse"],"picked":"Glacier","floor":18.0},{"not_picked":["Rebound","Glacier"],"picked":"Rip and Tear","floor":21.0},{"not_picked":["Sweeping Beam","Glacier"],"picked":"Scrape","floor":22.0},{"not_picked":["Coolheaded","Stack"],"picked":"Go for the Eyes","floor":23.0},{"not_picked":["Go for the Eyes","Sunder"],"picked":"Force Field","floor":25.0},{"not_picked":["Seek","Echo Form"],"picked":"Biased Cognition","floor":33.0},{"not_picked":["Streamline","Sweeping Beam"],"picked":"Chaos","floor":35.0},{"not_picked":["Doom and Gloom","Ball Lightning"],"picked":"Static Discharge","floor":40},{"not_picked":["Aggregate","Melter"],"picked":"Go for the Eyes","floor":45}],"player_experience":50205,"potions_floor_usage":[41,50,50],"damage_taken":[{"damage":0.0,"enemies":"Cultist","floor":1.0,"turns":1.0},{"damage":0.0,"enemies":"3 Sentries","floor":6.0,"turns":2.0},{"damage":0.0,"enemies":"Jaw Worm","floor":7.0,"turns":1.0},{"damage":0.0,"enemies":"2 Louse","floor":10.0,"turns":2.0},{"damage":0.0,"enemies":"Large Slime","floor":11.0,"turns":6.0},{"damage":9.0,"enemies":"2 Fungi Beasts","floor":13.0,"turns":4.0},{"damage":6.0,"enemies":"Lots of Slimes","floor":14.0,"turns":5.0},{"damage":28.0,"enemies":"The Guardian","floor":16.0,"turns":10.0},{"damage":16.0,"enemies":"Chosen","floor":18.0,"turns":6.0},{"damage":7.0,"enemies":"Shell Parasite","floor":21.0,"turns":5.0},{"damage":27.0,"enemies":"Chosen and Byrds","floor":22.0,"turns":8.0},{"damage":35.0,"enemies":"Book of Stabbing","floor":23.0,"turns":6.0},{"damage":2.0,"enemies":"Cultist and Chosen","floor":25.0,"turns":6.0},{"damage":7.0,"enemies":"Centurion and Healer","floor":27.0,"turns":6.0},{"damage":15.0,"enemies":"Champ","floor":33.0,"turns":12.0},{"damage":30.0,"enemies":"Flame Bruiser 1 Orb","floor":35.0,"turns":7.0},{"damage":0,"enemies":"Orb Walker","floor":40,"turns":4},{"damage":8,"enemies":"Giant Head","floor":41,"turns":9},{"damage":29,"enemies":"Sphere and 2 Shapes","floor":45,"turns":4},{"damage":6,"enemies":"Maw","floor":47,"turns":7},{"damage":36,"enemies":"Time Eater","floor":50,"turns":7}],"event_choices":[{"event_name":"Scrap Ooze","player_choice":"success","floor":2.0,"damage_taken":18.0},{"event_name":"The Cleric","player_choice":"Healed","floor":4.0,"damage_taken":0.0},{"event_name":"World of Goop","player_choice":"Gather Gold","floor":5.0,"damage_taken":0.0},{"event_name":"Upgrade Shrine","player_choice":"Upgraded","floor":19.0,"damage_taken":0.0},{"event_name":"Addict","player_choice":"Obtained Relic","floor":29.0,"damage_taken":0.0},{"event_name":"Ghosts","player_choice":"Ignored","floor":31.0,"damage_taken":0.0},{"event_name":"Tomb of Lord Red Mask","player_choice":"Ignored","floor":36.0,"damage_taken":0.0},{"event_name":"Wheel of Change","player_choice":"Card Removal","floor":37,"damage_taken":0},{"event_name":"Winding Halls","player_choice":"Writhe","floor":38,"damage_taken":0},{"event_name":"Transmorgrifier","player_choice":"Transform","floor":42,"damage_taken":0}],"boss_relics":[],"potions_floor_spawned":[10,11,14,16,21,25,33,35,41,45,47],"seed_played":"6040348396448475231","ascension_level":1,"is_trial":false}