{"gold_per_floor":[119,20,20,40,40,40,40,54,54,54,54,72,97,24,24,127,127,145,95,109,120,120,120,148,148,202,217,16,16],"floor_reached":29,"playtime":1077,"items_purged":[],"score":281,"play_id":"e8628588-2595-4b20-91b5-2091c2ca1f0d","local_time":"20180807000203","is_ascension_mode":false,"campfire_choices":[{"data":"Bandage Up","floor":6,"key":"SMITH"},{"data":"Blur","floor":11,"key":"SMITH"},{"data":"Backflip","floor":15,"key":"SMITH"},{"data":"A Thousand Cuts","floor":23,"key":"SMITH"},{"floor":25,"key":"REST"}],"neow_cost":"NONE","seed_source_timestamp":1985136894968156,"circlet_count":0,"master_deck":["Survivor","Neutralize","Choke","Concentrate","Calculated Gamble","Dagger Throw","Poisoned Stab","Dagger Throw","Endless Agony","Dagger Throw","Bane","Terror+1","Bandage Up+1","Footwork","Blur+1","Backflip+1","Acrobatics","Noxious Fumes","A Thousand Cuts+1","Outmaneuver+1","Cloak And Dagger","Flying Knee","Endless Agony","Underhanded Strike+1","Secret Technique"],"relics":["Pandora\u0027s Box"],"potions_floor_usage":[21,27,27],"damage_taken":[{"damage":0,"enemies":"Cultist","floor":1,"turns":2},{"damage":5,"enemies":"2 Louse","floor":4,"turns":2},{"damage":8,"enemies":"Jaw Worm","floor":8,"turns":2},{"damage":10,"enemies":"Looter","floor":12,"turns":2},{"damage":5,"floor":13,"turns":4},{"damage":0,"enemies":"Slime Boss","floor":16,"turns":6},{"damage":16,"enemies":"Spheric Guardian","floor":18,"turns":4},{"damage":6,"enemies":"Shell Parasite","floor":20,"turns":3},{"damage":6,"enemies":"Cultist and Chosen","floor":21,"turns":5},{"damage":49,"enemies":"Book of Stabbing","floor":24,"turns":6},{"damage":18,"enemies":"Centurion and Healer","floor":27,"turns":6},{"damage":31,"enemies":"Slaver and Parasite","floor":29,"turns":2}],"seed_played":"9201632773779471996","potions_obtained":[{"floor":4,"key":"PowerPotion"},{"floor":13,"key":"EssenceOfSteel"},{"floor":16,"key":"Explosive Potion"}],"is_trial":false,"path_per_floor":["M","$","?","M","?","R","$","M","T","$","R","M","?","$","R","B",null,"M","$","M","M","?","R","E","R","T","M","$"],"character_chosen":"THE_SILENT","items_purchased":["Bandage Up","Noxious Fumes","Cloak And Dagger","Secret Technique"],"campfire_rested":1,"item_purchase_floors":[2,14,19,28],"current_hp_per_floor":[70,70,70,65,65,65,65,62,62,62,62,52,53,53,53,59,70,54,54,54,54,54,54,11,32,32,20,20,0],"gold":16,"neow_bonus":"BOSS_RELIC","is_prod":false,"is_daily":false,"chose_seed":false,"campfire_upgraded":4,"win_rate":0,"timestamp":1533621723,"path_taken":["M","$","?","M","?","R","$","M","T","?","R","M","?","$","R","BOSS","M","$","M","M","?","R","E","R","T","M","$","M"],"build_version":"2018-08-02","purchased_purges":0,"victory":false,"max_hp_per_floor":[70,70,70,70,70,70,70,70,70,70,70,70,70,70,70,70,70,70,70,70,70,70,70,70,70,70,70,70,70],"card_choices":[{"not_picked":["Sucker Punch","Backflip"],"picked":"Terror","floor":1},{"not_picked":["Prepared","Finisher"],"picked":"Footwork","floor":4},{"not_picked":["Blade Dance","Acrobatics"],"picked":"Blur","floor":8},{"not_picked":["Acrobatics","Underhanded Strike"],"picked":"Backflip","floor":12},{"not_picked":["A Thousand Cuts","Dagger Throw"],"picked":"Acrobatics","floor":13},{"not_picked":["Doppelganger","Grand Finale"],"picked":"A Thousand Cuts","floor":16},{"not_picked":["Poisoned Stab","Deadly Poison"],"picked":"Outmaneuver+1","floor":18},{"not_picked":["Prepared","Deadly Poison+1"],"picked":"Flying Knee","floor":20},{"not_picked":["Flechettes","A Thousand Cuts","Deadly Poison"],"picked":"SKIP","floor":21},{"not_picked":["Concentrate","Predator"],"picked":"Endless Agony","floor":24},{"not_picked":["Concentrate","Dagger Throw"],"picked":"Underhanded Strike+1","floor":27}],"player_experience":346564,"relics_obtained":[],"event_choices":[{"event_name":"Upgrade Shrine","player_choice":"Upgraded","floor":3,"damage_taken":0},{"event_name":"Golden Idol","player_choice":"Ignored","floor":5,"damage_taken":0},{"event_name":"Mushrooms","player_choice":"Fought Mushrooms","floor":13,"damage_taken":0},{"event_name":"Back to Basics","player_choice":"Elegance","floor":22,"damage_taken":0}],"is_beta":false,"boss_relics":[{"not_picked":["Coffee Dripper","Astrolabe","Snecko Eye"]}],"items_purged_floors":[],"is_endless":false,"potions_floor_spawned":[4,13,16,18,20],"killed_by":"Slaver and Parasite","ascension_level":0}