{"gold_per_floor":[111,124,124,137,148,148,168,168,168,143,63,97,97,109,109,214,214,232,75,75],"floor_reached":20,"playtime":614,"items_purged":["Strike_R"],"score":174,"play_id":"6df790fb-167a-4b37-b2d7-8f6e13811304","local_time":"20190315214933","is_ascension_mode":false,"campfire_choices":[{"data":"Bash","floor":6,"key":"SMITH"},{"data":"Rampage","floor":15,"key":"SMITH"}],"neow_cost":"NONE","seed_source_timestamp":20633014427801,"circlet_count":0,"master_deck":["Strike_R","Strike_R","Strike_R","Defend_R","Defend_R","Defend_R","Defend_R","Bash+1","Flex","Headbutt","Spot Weakness","Twin Strike","Rampage+1","Feel No Pain","Brutality","Spot Weakness","Bloodletting","Dark Embrace","Evolve","Shrug It Off","Sever Soul","Dropkick+1","Dual Wield","Corruption"],"relics":["Burning Blood","NeowsBlessing","Singing Bowl","Question Card","Prayer Wheel","Orrery"],"potions_floor_usage":[16,16,16],"damage_taken":[{"damage":0,"enemies":"2 Louse","floor":1,"turns":1},{"damage":0,"enemies":"Cultist","floor":2,"turns":1},{"damage":0,"enemies":"Jaw Worm","floor":4,"turns":1},{"damage":10,"enemies":"Looter","floor":5,"turns":2},{"damage":32,"enemies":"Exordium Thugs","floor":7,"turns":5},{"damage":6,"enemies":"Gremlin Nob","floor":12,"turns":3},{"damage":10,"enemies":"Large Slime","floor":14,"turns":4},{"damage":40,"enemies":"Hexaghost","floor":16,"turns":6},{"damage":31,"enemies":"Chosen","floor":18,"turns":5},{"damage":19,"enemies":"3 Byrds","floor":20,"turns":3}],"seed_played":"159478205574118789","potions_obtained":[{"floor":2,"key":"LiquidBronze"},{"floor":3,"key":"LiquidBronze"},{"floor":3,"key":"FearPotion"}],"is_trial":false,"path_per_floor":["M","M","?","M","M","R","M","T","T","$","$","E","?","M","R","B",null,"M","$","M"],"character_chosen":"IRONCLAD","items_purchased":["Twin Strike","Rampage","Corruption"],"campfire_rested":0,"item_purchase_floors":[10,11,19],"current_hp_per_floor":[80,80,80,80,76,76,50,50,50,50,50,50,50,46,46,12,84,59,59,40],"gold":75,"neow_bonus":"THREE_ENEMY_KILL","is_prod":false,"is_daily":false,"chose_seed":false,"campfire_upgraded":2,"win_rate":0,"timestamp":1552654173,"path_taken":["M","M","?","?","M","R","M","?","T","?","$","E","?","M","R","BOSS","M","$","M"],"build_version":"2019-01-23","purchased_purges":1,"victory":false,"max_hp_per_floor":[80,80,80,80,80,80,80,80,80,80,80,80,80,80,80,80,84,84,84,84],"card_choices":[{"not_picked":["Armaments","Havoc"],"picked":"Flex","floor":1},{"not_picked":["Feel No Pain","Inflame","Warcry"],"picked":"SKIP","floor":2},{"not_picked":["Heavy Blade","Second Wind","Cleave"],"picked":"SKIP","floor":4},{"not_picked":["Cleave","Blood for Blood"],"picked":"Headbutt","floor":5},{"not_picked":["Power Through","Searing Blow"],"picked":"Spot Weakness","floor":7},{"not_picked":["Flame Barrier","Perfected Strike","Burning Pact"],"picked":"Feel No Pain","floor":12},{"not_picked":["Twin Strike","Intimidate","Anger"],"picked":"Spot Weakness","floor":14},{"not_picked":["Reaper","Second Wind","Power Through"],"picked":"Bloodletting","floor":14},{"not_picked":["Brutality","Feed","Reaper"],"picked":"Dark Embrace","floor":16},{"not_picked":["Pommel Strike","Fire Breathing","Intimidate","Body Slam"],"picked":"Singing Bowl","floor":17},{"not_picked":["Flame Barrier","Anger","Armaments"],"picked":"Evolve","floor":17},{"not_picked":["Clash","Bloodletting","Intimidate"],"picked":"Shrug It Off","floor":17},{"not_picked":["True Grit","Clothesline","Cleave","Shockwave"],"picked":"Singing Bowl","floor":17},{"not_picked":["Spot Weakness","Thunderclap","Clothesline"],"picked":"Sever Soul","floor":17},{"not_picked":["Blood for Blood","Flex","Feed"],"picked":"Dropkick+1","floor":18},{"not_picked":["Second Wind","Sword Boomerang","Flex"],"picked":"Dual Wield","floor":18}],"player_experience":382990,"relics_obtained":[{"floor":8,"key":"Singing Bowl"},{"floor":9,"key":"Question Card"},{"floor":12,"key":"Prayer Wheel"}],"event_choices":[{"damage_healed":0,"gold_gain":0,"player_choice":"Got Potions","damage_taken":0,"max_hp_gain":0,"max_hp_loss":0,"event_name":"Lab","floor":3,"gold_loss":0},{"damage_healed":0,"gold_gain":0,"cards_transformed":["Strike_R"],"player_choice":"Transformed","damage_taken":0,"max_hp_gain":0,"max_hp_loss":0,"event_name":"Transmorgrifier","floor":13,"gold_loss":0,"cards_obtained":["Brutality"]}],"is_beta":false,"boss_relics":[{"not_picked":["Empty Cage","Busted Crown"],"picked":"Orrery"}],"items_purged_floors":[19],"is_endless":false,"potions_floor_spawned":[2,5,7,12,14],"killed_by":"3 Byrds","ascension_level":0}