{"gold_per_floor":[117,130,130,141,151,151,151,161,207,207,207,207,223,235,235,338,338,349,424,444,444,444,444,88,88,141,41,59,59,59,94,94,94],"floor_reached":33,"playtime":1313,"items_purged":["Strike_B","Strike_B"],"score":280,"play_id":"1570b5f9-f6da-489c-a87c-d6689087868e","local_time":"20180801012825","is_ascension_mode":false,"campfire_choices":[{"data":"Defragment","floor":6,"key":"SMITH"},{"data":"Fusion","floor":15,"key":"SMITH"},{"data":"Defragment","floor":23,"key":"SMITH"},{"data":"Madness","floor":25,"key":"SMITH"},{"data":"Buffer","floor":29,"key":"SMITH"},{"floor":32,"key":"REST"}],"neow_cost":"NONE","seed_source_timestamp":1471760162982159,"circlet_count":0,"master_deck":["Defend_B","Defend_B","Defend_B","Zap","Dualcast","Fusion+1","Rebound","Conserve Battery","Go for the Eyes","Streamline","Static Discharge","Sunder","Leap","Defragment+1","Capacitor","Leap","Buffer+1","Storm","Hello World","Ghostly","Ghostly","Ghostly","Ghostly","Ghostly","Defragment+1","Madness+1","Glacier","Loop","Cold Snap","Chill+1"],"relics":["Orrery"],"potions_floor_usage":[14,16,33],"damage_taken":[{"damage":0,"enemies":"2 Louse","floor":1,"turns":3},{"damage":0,"enemies":"Cultist","floor":2,"turns":4},{"damage":0,"enemies":"Small Slimes","floor":4,"turns":3},{"damage":18,"enemies":"Exordium Thugs","floor":5,"turns":5},{"damage":0,"enemies":"Blue Slaver","floor":8,"turns":4},{"damage":0,"enemies":"Large Slime","floor":13,"turns":4},{"damage":9,"enemies":"Lots of Slimes","floor":14,"turns":5},{"damage":17,"enemies":"Hexaghost","floor":16,"turns":11},{"damage":25,"enemies":"2 Thieves","floor":18,"turns":5},{"damage":10,"enemies":"Shell Parasite","floor":20,"turns":6},{"damage":12,"enemies":"Snecko","floor":28,"turns":5},{"damage":3,"enemies":"Book of Stabbing","floor":31,"turns":8},{"damage":36,"enemies":"Collector","floor":33,"turns":6}],"seed_played":"-7705904873502503596","potions_obtained":[{"floor":1,"key":"Dexterity Potion"},{"floor":8,"key":"Fire Potion"},{"floor":14,"key":"Weak Potion"},{"floor":28,"key":"FocusPotion"}],"is_trial":false,"path_per_floor":["M","M","?","M","M","R","?","M","T","?","T","?","M","M","R","B",null,"M","?","M","?","?","R","$","R","T","$","M","R","?","E","R"],"character_chosen":"DEFECT","items_purchased":["Madness","Glacier","Loop","Cold Snap"],"campfire_rested":1,"item_purchase_floors":[24,24,24,24],"current_hp_per_floor":[75,75,75,75,57,57,57,57,57,57,57,57,57,48,48,31,75,50,43,33,33,33,33,33,33,33,33,21,21,21,18,29,0],"gold":94,"neow_bonus":"BOSS_RELIC","is_prod":false,"is_daily":false,"chose_seed":false,"campfire_upgraded":5,"win_rate":0,"timestamp":1533108505,"path_taken":["M","M","?","M","M","R","?","M","T","?","?","?","?","M","R","BOSS","M","?","M","?","?","R","$","R","T","$","M","R","?","E","R","BOSS"],"build_version":"2018-07-26","purchased_purges":2,"victory":false,"max_hp_per_floor":[75,75,75,75,75,75,75,75,75,75,75,75,75,75,75,75,75,75,75,75,37,37,37,37,37,37,37,37,37,37,37,37,37],"card_choices":[{"not_picked":["Conserve Battery","Darkness"],"picked":"Fusion","floor":0},{"not_picked":["Recycle","Hologram"],"picked":"Rebound","floor":0},{"not_picked":["Skim","Melter"],"picked":"Conserve Battery","floor":0},{"not_picked":["Barrage","Compile Driver"],"picked":"Go for the Eyes","floor":0},{"not_picked":["Turbo","Redo"],"picked":"Streamline","floor":0},{"not_picked":["Undo","Stack"],"picked":"Static Discharge","floor":1},{"not_picked":["Tempest","Leap"],"picked":"Sunder","floor":2},{"not_picked":["Hologram","Lockon"],"picked":"Leap","floor":4},{"not_picked":["Doom and Gloom","Rebound"],"picked":"Defragment","floor":5},{"not_picked":["Defragment","Steam Power"],"picked":"Capacitor","floor":8},{"not_picked":["Reprogram","Barrage","Compile Driver"],"picked":"SKIP","floor":13},{"not_picked":["Streamline","Leap","Genetic Algorithm"],"picked":"SKIP","floor":14},{"not_picked":["All For One","Core Surge"],"picked":"Buffer","floor":16},{"not_picked":["FTL","Steam Power"],"picked":"Storm","floor":18},{"not_picked":["Leap+1","Skim"],"picked":"Hello World","floor":20},{"not_picked":["Steam","Lockon+1"],"picked":"Chill+1","floor":28},{"not_picked":["Compile Driver+1","Chaos","Streamline"],"picked":"SKIP","floor":31}],"player_experience":318207,"relics_obtained":[],"event_choices":[{"event_name":"WeMeetAgain","player_choice":"Attack","floor":3,"damage_taken":0},{"event_name":"Purifier","player_choice":"One Purge","floor":7,"damage_taken":0},{"event_name":"Transmorgrifier","player_choice":"Transform","floor":10,"damage_taken":0},{"event_name":"Accursed Blacksmith","player_choice":"Ignore","floor":12,"damage_taken":0},{"event_name":"FaceTrader","player_choice":"Touch","floor":19,"damage_taken":0},{"event_name":"Ghosts","player_choice":"Became a Ghost","floor":21,"damage_taken":0},{"event_name":"The Library","player_choice":"Read","floor":22,"damage_taken":0},{"event_name":"Purifier","player_choice":"One Purge","floor":30,"damage_taken":0}],"is_beta":false,"boss_relics":[{"not_picked":["Tiny House","Runic Pyramid","Lizard Tail"]}],"items_purged_floors":[24,27],"is_endless":false,"potions_floor_spawned":[1,8,14,28],"killed_by":"Collector","ascension_level":0}