{"gold_per_floor":[109,124,143,143,159,193,193,222,247,247,46,66,66,76,76,76],"floor_reached":16,"playtime":598,"items_purged":[],"score":146,"play_id":"2154c433-3a02-411d-b233-aba7f0ba6d9c","local_time":"20181102010539","is_ascension_mode":true,"campfire_choices":[{"data":"Adrenaline","floor":7,"key":"SMITH"},{"data":"Backstab","floor":10,"key":"SMITH"},{"data":"Catalyst","floor":15,"key":"SMITH"}],"neow_cost":"NONE","seed_source_timestamp":2512579559896664,"circlet_count":0,"master_deck":["Defend_G","Defend_G","Defend_G","Defend_G","Defend_G","Strike_G","Strike_G+1","Strike_G+1","Strike_G","Strike_G","Survivor","Neutralize","Cloak And Dagger","Adrenaline+1","Backstab+1","Dagger Spray","Catalyst+1","Adrenaline","Flying Knee","Poisoned Stab","Poisoned Stab"],"special_seed":0,"relics":["Ring of the Snake","Pocketwatch","Potion Belt","Paper Crane","Smiling Mask","Whetstone","Boot"],"potions_floor_usage":[6],"damage_taken":[{"damage":0.0,"enemies":"Cultist","floor":1.0,"turns":4.0},{"damage":0.0,"enemies":"2 Louse","floor":2.0,"turns":2.0},{"damage":0.0,"enemies":"Small Slimes","floor":3.0,"turns":4.0},{"damage":7.0,"enemies":"Gremlin Gang","floor":5.0,"turns":5.0},{"damage":13,"enemies":"Gremlin Nob","floor":6,"turns":4},{"damage":20,"enemies":"3 Sentries","floor":8,"turns":7},{"damage":0,"enemies":"3 Louse","floor":12,"turns":1},{"damage":0,"enemies":"Looter","floor":14,"turns":2},{"damage":34,"enemies":"The Guardian","floor":16,"turns":8}],"seed_played":"-8359428245441782466","potions_obtained":[{"floor":2.0,"key":"EssenceOfSteel"},{"floor":5.0,"key":"Dexterity Potion"},{"floor":8,"key":"FearPotion"},{"floor":14,"key":"SpeedPotion"}],"is_trial":false,"path_per_floor":["M","M","M","T","M","E","R","E","T","R","$","M","?","M","R","B"],"character_chosen":"THE_SILENT","items_purchased":["Whetstone","Flying Knee"],"campfire_rested":0,"item_purchase_floors":[11,11],"current_hp_per_floor":[70,70,70,70,63,50,50,30,30,30,30,30,30,30,30,0],"gold":76,"neow_bonus":"TEN_PERCENT_HP_BONUS","is_prod":false,"is_daily":false,"chose_seed":false,"campfire_upgraded":3,"win_rate":0,"timestamp":1541142339,"path_taken":["M","M","M","?","?","E","R","E","T","R","$","?","?","M","R","BOSS"],"build_version":"2018-11-01","purchased_purges":0,"victory":false,"max_hp_per_floor":[77,77,77,77,77,77,77,77,77,77,77,77,77,77,77,77],"card_choices":[{"not_picked":["Slice","Dagger Spray"],"picked":"Cloak And Dagger","floor":1.0},{"not_picked":["Backflip","Skewer"],"picked":"Adrenaline","floor":2.0},{"not_picked":["Slice","Riddle With Holes"],"picked":"Backstab","floor":3.0},{"not_picked":["Dodge and Roll","Underhanded Strike"],"picked":"Dagger Spray","floor":5.0},{"not_picked":["Deadly Poison","Masterful Stab"],"picked":"Catalyst","floor":6},{"not_picked":["Slice","Unload"],"picked":"Adrenaline","floor":8},{"not_picked":["Masterful Stab","Prepared"],"picked":"Poisoned Stab","floor":12},{"not_picked":["Caltrops","Choke"],"picked":"Poisoned Stab","floor":14}],"player_experience":535816,"relics_obtained":[{"floor":4.0,"key":"Pocketwatch"},{"floor":6,"key":"Potion Belt"},{"floor":8,"key":"Paper Crane"},{"floor":9,"key":"Smiling Mask"}],"event_choices":[{"damage_healed":0,"gold_gain":0,"player_choice":"Gave Potion","damage_taken":0,"relics_obtained":["Boot"],"max_hp_gain":0,"max_hp_loss":0,"event_name":"WeMeetAgain","floor":13,"gold_loss":0}],"is_beta":false,"boss_relics":[],"items_purged_floors":[],"is_endless":false,"potions_floor_spawned":[2,5,8,14],"killed_by":"The Guardian","ascension_level":6}