{"gold_per_floor":[117,135,210,210,137,165,165,180,203,219,101,120,149,161,161,256,256,268,268,279,379,390,390,422,422,422,440,458,458,484,499,499,597,647,666,248,263,280,120,120,134,234,261,261,278,278,278,278],"floor_reached":48,"playtime":5558,"items_purged":[],"score":564,"play_id":"1aaf2676-9df0-44e9-9471-a294b821d554","local_time":"20190201002042","is_ascension_mode":false,"campfire_choices":[{"floor":7,"key":"REST"},{"floor":15,"key":"REST"},{"floor":23,"key":"REST"},{"data":"Metallicize","floor":25,"key":"SMITH"},{"floor":29,"key":"REST"},{"data":"Perfected Strike","floor":32,"key":"SMITH"},{"data":"Bandage Up","floor":40,"key":"SMITH"},{"data":"Feed","floor":44,"key":"SMITH"},{"data":"Searing Blow","floor":46,"key":"SMITH"}],"neow_cost":"NONE","seed_source_timestamp":101642070031681,"circlet_count":0,"master_deck":["Strike_R","Strike_R","Strike_R+1","Strike_R+1","Strike_R","Defend_R","Defend_R","Defend_R","Defend_R","Bash","Clash","Rampage","Sever Soul","Clash","Dropkick","Clash","Iron Wave","Finesse","Perfected Strike+1","Clash","Body Slam","Reaper+1","Metallicize+1","Perfected Strike","Iron Wave+1","Clash","Clash","Iron Wave+1","Clash+1","Battle Trance+1","Feed+1","Metallicize","Flex+1","Flash of Steel","Searing Blow+1","Thinking Ahead","Warcry","Flex+1","Bandage Up+1","Metallicize","Anger+1","Reaper","Sever Soul+1"],"relics":["Burning Blood","Kunai","Bag of Marbles","Vajra","Whetstone","Eternal Feather","Happy Flower","Thread and Needle","Centennial Puzzle","Tiny House","Torii","Strawberry"],"potions_floor_usage":[16,20,22,33,33,42,42,48],"damage_taken":[{"damage":5,"enemies":"Cultist","floor":1,"turns":4},{"damage":11,"enemies":"Jaw Worm","floor":2,"turns":4},{"damage":33,"enemies":"Gremlin Nob","floor":6,"turns":5},{"damage":3,"enemies":"2 Louse","floor":8,"turns":2},{"damage":7,"enemies":"2 Fungi Beasts","floor":10,"turns":3},{"damage":0,"enemies":"Lots of Slimes","floor":12,"turns":3},{"damage":21,"enemies":"Lagavulin","floor":13,"turns":4},{"damage":7,"enemies":"Exordium Wildlife","floor":14,"turns":4},{"damage":60,"enemies":"The Guardian","floor":16,"turns":8},{"damage":15,"enemies":"Shell Parasite","floor":18,"turns":3},{"damage":25,"enemies":"2 Thieves","floor":20,"turns":4},{"damage":23,"enemies":"Centurion and Healer","floor":22,"turns":5},{"damage":23,"enemies":"Gremlin Leader","floor":24,"turns":6},{"damage":11,"enemies":"Snecko","floor":27,"turns":3},{"damage":23,"enemies":"Sentry and Sphere","floor":28,"turns":5},{"damage":7,"enemies":"Centurion and Healer","floor":31,"turns":4},{"damage":90,"enemies":"Champ","floor":33,"turns":10},{"damage":0,"enemies":"Orb Walker","floor":35,"turns":4},{"damage":6,"enemies":"3 Shapes","floor":37,"turns":3},{"damage":1,"enemies":"3 Darklings","floor":38,"turns":4},{"damage":0,"enemies":"Sphere and 2 Shapes","floor":41,"turns":4},{"damage":33,"enemies":"Mind Bloom Boss Battle","floor":42,"turns":7},{"damage":8,"enemies":"Jaw Worm Horde","floor":45,"turns":4},{"damage":138,"enemies":"Giant Head","floor":48,"turns":10}],"seed_played":"-3480007782574427422","potions_obtained":[{"floor":12,"key":"PowerPotion"},{"floor":14,"key":"Dexterity Potion"},{"floor":16,"key":"AttackPotion"},{"floor":20,"key":"Regen Potion"},{"floor":27,"key":"SteroidPotion"},{"floor":34,"key":"BloodPotion"},{"floor":35,"key":"Poison Potion"},{"floor":45,"key":"Block Potion"}],"is_trial":false,"path_per_floor":["M","M","?","T","$","E","R","M","T","M","$","M","E","M","R","B",null,"M","?","M","?","M","R","E","R","T","M","M","R","T","M","R","B",null,"M","$","M","M","$","R","M","?","T","R","M","R","?","E"],"character_chosen":"IRONCLAD","items_purchased":["Sever Soul","Iron Wave","Finesse","Metallicize","Flash of Steel","Searing Blow","Thinking Ahead","Bandage Up","Metallicize"],"campfire_rested":4,"item_purchase_floors":[5,11,11,36,36,36,36,39,39],"current_hp_per_floor":[88,83,72,72,72,45,71,74,74,73,73,79,64,63,88,34,88,79,79,65,65,53,88,71,86,86,86,69,88,88,87,88,14,93,93,93,93,93,93,93,93,81,88,100,100,100,100,0],"gold":278,"neow_bonus":"TEN_PERCENT_HP_BONUS","is_prod":false,"is_daily":false,"chose_seed":false,"campfire_upgraded":5,"win_rate":0.0,"timestamp":1549009242,"path_taken":["M","?","?","?","$","E","R","M","T","M","$","M","E","?","R","BOSS","M","?","M","?","M","R","E","R","T","M","?","R","?","?","R","BOSS","M","$","M","M","$","R","M","?","T","R","M","R","?","E"],"build_version":"2019-01-23","purchased_purges":0,"victory":false,"max_hp_per_floor":[88,88,88,88,88,88,88,88,88,88,88,88,88,88,88,88,88,88,88,88,88,88,88,88,88,88,88,88,88,88,88,88,88,93,93,93,93,93,93,93,93,93,100,100,100,100,100,100],"card_choices":[{"not_picked":["True Grit","Armaments"],"picked":"Clash","floor":1},{"not_picked":["Pummel","Juggernaut"],"picked":"Rampage","floor":2},{"not_picked":["Dropkick","Thunderclap"],"picked":"Clash","floor":6},{"not_picked":["Twin Strike","Sword Boomerang"],"picked":"Dropkick","floor":8},{"not_picked":["Shrug It Off","Hemokinesis"],"picked":"Clash","floor":10},{"not_picked":["Clothesline","Flame Barrier"],"picked":"Perfected Strike","floor":12},{"not_picked":["Pommel Strike","Twin Strike"],"picked":"Clash","floor":13},{"not_picked":["Armaments","Rupture"],"picked":"Body Slam","floor":14},{"not_picked":["Fiend Fire","Bludgeon"],"picked":"Reaper","floor":16},{"not_picked":["Warcry+1","True Grit"],"picked":"Metallicize","floor":18},{"not_picked":["Warcry","True Grit"],"picked":"Iron Wave+1","floor":20},{"not_picked":["Twin Strike","Seeing Red"],"picked":"Clash","floor":22},{"not_picked":["Power Through","Shrug It Off"],"picked":"Clash","floor":24},{"not_picked":["Hemokinesis","Flex"],"picked":"Iron Wave+1","floor":27},{"not_picked":["Anger","Dark Embrace"],"picked":"Clash+1","floor":28},{"not_picked":["Entrench","Thunderclap"],"picked":"Battle Trance+1","floor":31},{"not_picked":["Double Tap","Barricade"],"picked":"Feed","floor":33},{"not_picked":["Shockwave+1","Twin Strike"],"picked":"Metallicize","floor":34},{"not_picked":["Iron Wave","Seeing Red"],"picked":"Flex+1","floor":35},{"not_picked":["Sword Boomerang","Thunderclap"],"picked":"Warcry","floor":37},{"not_picked":["Armaments","Headbutt"],"picked":"Flex+1","floor":38},{"not_picked":["Sword Boomerang","Second Wind"],"picked":"Anger+1","floor":41},{"not_picked":["Dual Wield+1","True Grit"],"picked":"Reaper","floor":42},{"not_picked":["Headbutt","Second Wind+1"],"picked":"Sever Soul+1","floor":45}],"player_experience":0,"relics_obtained":[{"floor":4,"key":"Kunai"},{"floor":6,"key":"Bag of Marbles"},{"floor":9,"key":"Vajra"},{"floor":13,"key":"Whetstone"},{"floor":24,"key":"Happy Flower"},{"floor":26,"key":"Thread and Needle"},{"floor":30,"key":"Centennial Puzzle"},{"floor":42,"key":"Torii"},{"floor":43,"key":"Strawberry"}],"event_choices":[{"damage_healed":0,"gold_gain":75,"player_choice":"Gather Gold","damage_taken":11,"max_hp_gain":0,"max_hp_loss":0,"event_name":"World of Goop","floor":3,"gold_loss":0},{"damage_healed":0,"gold_gain":0,"player_choice":"Read","damage_taken":0,"max_hp_gain":0,"max_hp_loss":0,"event_name":"The Library","floor":19,"gold_loss":0,"cards_obtained":["Perfected Strike"]},{"damage_healed":0,"gold_gain":100,"player_choice":"Pray","damage_taken":0,"max_hp_gain":0,"max_hp_loss":0,"event_name":"Golden Shrine","floor":21,"gold_loss":0},{"damage_healed":0,"gold_gain":0,"player_choice":"Fight","damage_taken":0,"max_hp_gain":0,"max_hp_loss":0,"event_name":"MindBloom","floor":42,"gold_loss":0},{"cards_removed":["Metallicize"],"damage_healed":0,"gold_gain":0,"player_choice":"Removed Power","damage_taken":0,"max_hp_gain":0,"max_hp_loss":0,"event_name":"Falling","floor":47,"gold_loss":0}],"is_beta":false,"boss_relics":[{"not_picked":["Fusion Hammer","Runic Cube"],"picked":"Eternal Feather"},{"not_picked":["Cursed Key","Velvet Choker"],"picked":"Tiny House"}],"items_purged_floors":[],"is_endless":false,"potions_floor_spawned":[12,14,16,20,27,35,45],"killed_by":"Giant Head","ascension_level":0}