{"gold_per_floor":[113,113,127,147,171,171,5,5,5,48,72,85,85,129,129,258,258,277,302,323,37,57,101,101,101],"floor_reached":25,"playtime":1175,"items_purged":["Strike_G"],"score":282,"play_id":"9b1da47e-a926-4074-ba67-cb4a735ab325","local_time":"20181007013547","is_ascension_mode":true,"campfire_choices":[{"floor":6,"key":"REST"},{"data":"Corpse Explosion","floor":8,"key":"SMITH"},{"floor":13,"key":"REST"},{"floor":15,"key":"REST"},{"floor":24,"key":"REST"}],"neow_cost":"NONE","seed_source_timestamp":267709799226334,"circlet_count":0,"master_deck":["Defend_G","Defend_G","Defend_G","Defend_G","Defend_G","Strike_G","Strike_G","Strike_G","Strike_G","Survivor","Neutralize","Cloak And Dagger","Blade Dance","Corpse Explosion+1","Backflip","Panacea","Choke","Distraction","Footwork","Cloak And Dagger","Escape Plan","Malaise","Flying Knee+1","Dash+1","Heel Hook","A Thousand Cuts","Calculated Gamble","Cloak And Dagger+1","Unload"],"relics":["Ring of the Snake","Ancient Tea Set","Golden Idol","Turnip","Nunchaku","Blood Vial","Velvet Choker","Paper Crane"],"potions_floor_usage":[10,10,11,14,20,25,25],"damage_taken":[{"damage":0,"enemies":"2 Louse","floor":1,"turns":3},{"damage":2,"enemies":"Jaw Worm","floor":3,"turns":4},{"damage":9,"enemies":"Cultist","floor":4,"turns":5},{"damage":20,"enemies":"Exordium Thugs","floor":5,"turns":3},{"damage":16,"enemies":"Lagavulin","floor":10,"turns":5},{"damage":12,"enemies":"Gremlin Gang","floor":11,"turns":2},{"damage":4,"enemies":"Red Slaver","floor":12,"turns":3},{"damage":15,"enemies":"Gremlin Nob","floor":14,"turns":4},{"damage":7,"enemies":"The Guardian","floor":16,"turns":16},{"damage":0,"enemies":"3 Byrds","floor":18,"turns":3},{"damage":30,"enemies":"2 Thieves","floor":19,"turns":4},{"damage":2,"enemies":"Shelled Parasite and Fungi","floor":20,"turns":6},{"damage":13,"enemies":"Cultist and Chosen","floor":22,"turns":5},{"damage":10,"enemies":"Book of Stabbing","floor":23,"turns":9},{"damage":49,"enemies":"Slavers","floor":25,"turns":2}],"seed_played":"1089205276940884294","potions_obtained":[{"floor":5,"key":"EntropicBrew"},{"floor":10,"key":"Ancient Potion"},{"floor":11,"key":"Energy Potion"},{"floor":14,"key":"Explosive Potion"},{"floor":16,"key":"EssenceOfSteel"},{"floor":23,"key":"Regen Potion"}],"is_trial":false,"path_per_floor":["M","?","M","M","M","R","$","R","T","E","M","M","R","E","R","B",null,"M","M","M","$","M","E","R"],"character_chosen":"THE_SILENT","items_purchased":["Panacea","Choke","A Thousand Cuts","Calculated Gamble"],"campfire_rested":4,"item_purchase_floors":[7,7,21,21],"current_hp_per_floor":[70,53,51,42,22,43,43,43,43,27,15,11,32,17,38,33,70,70,40,40,40,29,21,42,0],"gold":101,"neow_bonus":"RANDOM_COMMON_RELIC","is_prod":false,"is_daily":false,"chose_seed":false,"campfire_upgraded":1,"win_rate":0,"timestamp":1538897747,"path_taken":["M","?","M","M","M","R","$","R","T","E","?","?","R","E","R","BOSS","M","?","M","$","M","E","R","E"],"build_version":"2018-10-04v2","purchased_purges":1,"victory":false,"max_hp_per_floor":[70,70,70,70,70,70,70,70,70,70,70,70,70,70,70,70,70,70,70,70,70,70,70,70,70],"card_choices":[{"not_picked":["Quick Slash","Deflect"],"picked":"Cloak And Dagger","floor":1},{"not_picked":["Underhanded Strike","Dodge and Roll"],"picked":"Blade Dance","floor":3},{"not_picked":["Skewer","Sucker Punch"],"picked":"Corpse Explosion","floor":4},{"not_picked":["Blade Dance","Cloak And Dagger"],"picked":"Backflip","floor":5},{"not_picked":["Choke","Acrobatics"],"picked":"Distraction","floor":10},{"not_picked":["All Out Attack","Noxious Fumes"],"picked":"Footwork","floor":11},{"not_picked":["Crippling Poison","Heel Hook"],"picked":"Cloak And Dagger","floor":12},{"not_picked":["Sucker Punch","Flying Knee"],"picked":"Escape Plan","floor":14},{"not_picked":["Die Die Die","Phantasmal Killer"],"picked":"Malaise","floor":16},{"not_picked":["Bane","Deadly Poison"],"picked":"Flying Knee+1","floor":18},{"not_picked":["Outmaneuver","Leg Sweep"],"picked":"Dash+1","floor":19},{"not_picked":["Dagger Throw","Bane+1"],"picked":"Heel Hook","floor":20},{"not_picked":["Deadly Poison+1","Expertise"],"picked":"Cloak And Dagger+1","floor":22},{"not_picked":["Riddle With Holes","Prepared"],"picked":"Unload","floor":23}],"player_experience":500656,"relics_obtained":[{"floor":9,"key":"Turnip"},{"floor":10,"key":"Nunchaku"},{"floor":14,"key":"Blood Vial"},{"floor":23,"key":"Paper Crane"}],"event_choices":[{"event_name":"Golden Idol","player_choice":"Take Damage","floor":2,"damage_taken":0}],"is_beta":false,"boss_relics":[{"not_picked":["Calling Bell","Tiny House"],"picked":"Velvet Choker"}],"items_purged_floors":[21],"is_endless":false,"potions_floor_spawned":[5,10,11,14,16,18,23],"killed_by":"Slavers","ascension_level":4}