{"gold_per_floor":[117,135,154,1,13,13,30,30,84,136,155,182,199,217,217,316,316,332,230,245,260,270,270],"floor_reached":23,"playtime":2522,"items_purged":["Defend_G"],"score":219,"play_id":"abb81728-d1d1-4662-bdb1-2ccc1854ad69","local_time":"20190305233608","is_ascension_mode":true,"campfire_choices":[{"floor":6,"key":"RECALL"},{"floor":15,"key":"REST"}],"neow_cost":"NONE","seed_source_timestamp":0,"circlet_count":0,"master_deck":["Defend_G","Defend_G","Defend_G","Defend_G","Strike_G","Strike_G","Strike_G","Strike_G","Strike_G","Survivor","Neutralize","Escape Plan","Leg Sweep","Burst","Noxious Fumes","Malaise","Leg Sweep","Deadly Poison","Footwork+1"],"special_seed":0,"relics":["Fusion Hammer","Bag of Marbles","Kunai","Blood Vial","Vajra","Black Star"],"potions_floor_usage":[11,12,13,21,23,23,23],"damage_taken":[{"damage":2,"enemies":"Cultist","floor":1,"turns":5},{"damage":4,"enemies":"Jaw Worm","floor":2,"turns":4},{"damage":0,"enemies":"Small Slimes","floor":3,"turns":4},{"damage":18,"enemies":"Exordium Thugs","floor":5,"turns":5},{"damage":2,"enemies":"2 Fungi Beasts","floor":7,"turns":5},{"damage":0,"enemies":"Exordium Wildlife","floor":11,"turns":6},{"damage":36,"enemies":"Gremlin Nob","floor":12,"turns":6},{"damage":0,"enemies":"3 Louse","floor":13,"turns":2},{"damage":0,"enemies":"Looter","floor":14,"turns":3},{"damage":26,"enemies":"Hexaghost","floor":16,"turns":16},{"damage":33,"enemies":"Spheric Guardian","floor":18,"turns":9},{"damage":3,"enemies":"Chosen","floor":20,"turns":7},{"damage":24,"enemies":"Centurion and Healer","floor":21,"turns":8},{"damage":27,"enemies":"Sentry and Sphere","floor":22,"turns":6},{"damage":8,"enemies":"Slavers","floor":23,"turns":4}],"seed_played":"5268922481039547205","potions_obtained":[{"floor":1,"key":"Regen Potion"},{"floor":3,"key":"LiquidBronze"},{"floor":5,"key":"Explosive Potion"},{"floor":13,"key":"GhostInAJar"},{"floor":14,"key":"SteroidPotion"},{"floor":18,"key":"Poison Potion"},{"floor":20,"key":"Regen Potion"},{"floor":22,"key":"LiquidBronze"}],"is_trial":false,"path_per_floor":["M","M","M","$","M","R","M","?","T","T","M","E","M","M","R","B",null,"M","$","M","M","M","E"],"character_chosen":"THE_SILENT","items_purchased":["Bag of Marbles","Deadly Poison"],"campfire_rested":1,"item_purchase_floors":[4,19],"current_hp_per_floor":[68,64,64,64,46,46,44,41,41,41,57,23,25,27,48,24,70,37,37,36,29,4,0],"gold":270,"neow_bonus":"BOSS_RELIC","is_prod":false,"is_daily":false,"chose_seed":false,"campfire_upgraded":0,"win_rate":0,"timestamp":1551857768,"path_taken":["M","M","M","$","M","R","M","?","T","?","M","E","M","?","R","BOSS","M","$","M","M","M","E"],"build_version":"2019-01-23","purchased_purges":1,"victory":false,"max_hp_per_floor":[70,70,70,70,70,70,70,70,70,70,70,70,70,70,70,70,70,70,70,70,70,70,70],"card_choices":[{"not_picked":["Infinite Blades","Deflect","Blade Dance"],"picked":"SKIP","floor":1},{"not_picked":["Flechettes","Infinite Blades"],"picked":"Escape Plan","floor":2},{"not_picked":["Distraction","Prepared","Heel Hook"],"picked":"SKIP","floor":3},{"not_picked":["Slice","Riddle With Holes","Flying Knee"],"picked":"SKIP","floor":5},{"not_picked":["Blur","Backflip"],"picked":"Leg Sweep","floor":7},{"not_picked":["Slice","Blade Dance","Poisoned Stab"],"picked":"SKIP","floor":11},{"not_picked":["Backstab","Dagger Throw"],"picked":"Burst","floor":12},{"not_picked":["Flying Knee","Crippling Poison"],"picked":"Noxious Fumes","floor":13},{"not_picked":["All Out Attack","Skewer","Deflect"],"picked":"SKIP","floor":14},{"not_picked":["A Thousand Cuts","After Image"],"picked":"Malaise","floor":16},{"not_picked":["Riddle With Holes","Dagger Spray"],"picked":"Leg Sweep","floor":18},{"not_picked":["Flying Knee","Acrobatics+1","Calculated Gamble"],"picked":"SKIP","floor":20},{"not_picked":["Flying Knee","Flechettes"],"picked":"Footwork+1","floor":21},{"not_picked":["Riddle With Holes","Calculated Gamble","Backstab"],"picked":"SKIP","floor":22}],"player_experience":84481,"relics_obtained":[{"floor":10,"key":"Blood Vial"},{"floor":12,"key":"Vajra"}],"event_choices":[{"damage_healed":0,"gold_gain":0,"player_choice":"Success","damage_taken":3,"relics_obtained":["Kunai"],"max_hp_gain":0,"max_hp_loss":0,"event_name":"Scrap Ooze","floor":8,"gold_loss":0}],"is_beta":false,"boss_relics":[{"not_picked":["Coffee Dripper","Busted Crown"],"picked":"Black Star"}],"items_purged_floors":[19],"is_endless":false,"potions_floor_spawned":[1,3,5,13,14,18,20,22],"killed_by":"Slavers","ascension_level":2}