{"gold_per_floor":[117,129,148,148,164,192,208,242,242,262,272,272,284,83,83,83],"floor_reached":16,"playtime":763,"items_purged":["Strike_R"],"score":128,"play_id":"3106cf7c-620e-4800-9647-13dc8261cbcf","local_time":"20180718013431","is_ascension_mode":true,"campfire_choices":[{"data":"Spot Weakness","floor":12,"key":"SMITH"},{"floor":15,"key":"REST"}],"neow_cost":"TEN_PERCENT_HP_LOSS","seed_source_timestamp":263232156034608,"circlet_count":0,"master_deck":["Strike_R+1","Strike_R","Strike_R+1","Strike_R","Defend_R","Defend_R","Defend_R","Defend_R","Bash","Iron Wave","Dropkick","Searing Blow","Armaments","Spot Weakness+1","Whirlwind","Shrug It Off","Sword Boomerang","Flex"],"relics":["Burning Blood","Gambling Chip","Regal Pillow","Smiling Mask","Pear","Blood Vial"],"potions_floor_usage":[5,8,16,16],"damage_taken":[{"damage":1,"enemies":"Cultist","floor":1,"turns":4},{"damage":2,"enemies":"2 Louse","floor":2,"turns":3},{"damage":0,"enemies":"Small Slimes","floor":3,"turns":3},{"damage":16,"enemies":"Exordium Thugs","floor":5,"turns":6},{"damage":33,"enemies":"Lagavulin","floor":6,"turns":8},{"damage":10,"enemies":"2 Fungi Beasts","floor":7,"turns":5},{"damage":9,"enemies":"Gremlin Nob","floor":8,"turns":3},{"damage":11,"enemies":"Looter","floor":10,"turns":4},{"damage":3,"enemies":"Blue Slaver","floor":11,"turns":4},{"damage":14,"enemies":"3 Louse","floor":13,"turns":3},{"damage":63,"enemies":"Slime Boss","floor":16,"turns":7}],"seed_played":"2260578198558734051","potions_obtained":[{"floor":3,"key":"Poison Potion"},{"floor":6,"key":"LiquidBronze"},{"floor":7,"key":"Fire Potion"},{"floor":11,"key":"Swift Potion"}],"is_trial":false,"path_per_floor":["M","M","M","?","M","E","M","E","T","M","M","R","M","$","R"],"character_chosen":"IRONCLAD","items_purchased":["Blood Vial"],"campfire_rested":1,"item_purchase_floors":[14],"current_hp_per_floor":[72,72,72,58,48,21,17,14,24,19,22,22,14,14,53,0],"gold":83,"neow_bonus":"ONE_RARE_RELIC","is_prod":false,"is_daily":false,"chose_seed":false,"campfire_upgraded":1,"win_rate":0,"timestamp":1531899271,"path_taken":["M","M","M","?","M","E","M","E","T","?","M","R","M","$","R","BOSS"],"build_version":"2018-07-12","purchased_purges":1,"victory":false,"max_hp_per_floor":[72,72,72,72,72,72,72,72,82,82,82,82,82,82,82,82],"card_choices":[{"not_picked":["Warcry","Shockwave"],"picked":"Iron Wave","floor":1},{"not_picked":["Heavy Blade","Twin Strike"],"picked":"Dropkick","floor":2},{"not_picked":["Perfected Strike","Battle Trance"],"picked":"Searing Blow","floor":3},{"not_picked":["Twin Strike","Havoc"],"picked":"Armaments","floor":5},{"not_picked":["Perfected Strike","Evolve","Bludgeon"],"picked":"SKIP","floor":6},{"not_picked":["Sword Boomerang","Pommel Strike"],"picked":"Spot Weakness","floor":7},{"not_picked":["Iron Wave","Dropkick"],"picked":"Whirlwind","floor":8},{"not_picked":["Headbutt","Armaments"],"picked":"Shrug It Off","floor":10},{"not_picked":["Dropkick","Infernal Blade"],"picked":"Sword Boomerang","floor":11},{"not_picked":["Headbutt","Pommel Strike"],"picked":"Flex","floor":13}],"player_experience":229080,"relics_obtained":[{"floor":6,"key":"Regal Pillow"},{"floor":8,"key":"Smiling Mask"},{"floor":9,"key":"Pear"}],"event_choices":[{"event_name":"Shining Light","player_choice":"Entered Light","floor":4,"damage_taken":0}],"boss_relics":[],"items_purged_floors":[14],"is_endless":false,"potions_floor_spawned":[3,6,7,11],"killed_by":"Slime Boss","ascension_level":2}