{"gold_per_floor":[109,109,121,133,149,180,198,123,148,148,165,185,202,218,218,321,321,340,355,367,267,282,282,74,90,90,90,90,116,129,129,129,224,224,239,123,136,11,25,25,51,51,128,0,0,26,45,64,64,64,64,64,14,49,49],"floor_reached":56,"playtime":4849,"items_purged":["Strike_G","Defend_G","Strike_G+1"],"score":1416,"play_id":"44f3dd95-d383-4737-a0d6-7224292f927f","local_time":"20190311012657","is_ascension_mode":true,"campfire_choices":[{"floor":15,"key":"REST"},{"data":"Catalyst","floor":23,"key":"SMITH"},{"floor":28,"key":"REST"},{"floor":32,"key":"REST"},{"floor":40,"key":"RECALL"},{"data":"Dash","floor":42,"key":"SMITH"},{"data":"Backstab","floor":45,"key":"SMITH"},{"data":"Footwork","floor":49,"key":"SMITH"},{"data":"Neutralize","floor":52,"key":"SMITH"}],"neow_cost":"NONE","seed_source_timestamp":16639599113397,"circlet_count":0,"master_deck":["Defend_G","Defend_G+1","Survivor","Neutralize+1","Catalyst+1","Backstab+1","Blur+1","Deadly Poison+1","Dash+1","Cloak And Dagger+1","Burst+1","Flying Knee+1","After Image+1","Tools of the Trade+1","Catalyst+1","Adrenaline+1","Cloak And Dagger+1","Bouncing Flask+1","Noxious Fumes","Footwork+1"],"relics":["Ring of the Snake","Toxic Egg 2","Darkstone Periapt","Astrolabe","TwistedFunnel","Thread and Needle","Enchiridion","Bronze Scales","Empty Cage","Bag of Preparation","Bottled Lightning","Red Mask","Dream Catcher","Letter Opener"],"potions_floor_usage":[6,16,16,20,20,22,22,46,47,50,54,54,55],"damage_taken":[{"damage":7,"enemies":"Small Slimes","floor":1,"turns":6},{"damage":3,"enemies":"Jaw Worm","floor":3,"turns":5},{"damage":2,"enemies":"2 Louse","floor":4,"turns":4},{"damage":1,"enemies":"Looter","floor":5,"turns":4},{"damage":46,"enemies":"Gremlin Nob","floor":6,"turns":5},{"damage":0,"enemies":"3 Louse","floor":7,"turns":4},{"damage":0,"enemies":"Blue Slaver","floor":11,"turns":5},{"damage":0,"enemies":"Looter","floor":12,"turns":3},{"damage":0,"enemies":"2 Fungi Beasts","floor":13,"turns":3},{"damage":0,"enemies":"Blue Slaver","floor":14,"turns":3},{"damage":0,"enemies":"Hexaghost","floor":16,"turns":11},{"damage":1,"enemies":"Shell Parasite","floor":18,"turns":7},{"damage":6,"enemies":"Spheric Guardian","floor":19,"turns":6},{"damage":15,"enemies":"Snake Plant","floor":20,"turns":3},{"damage":0,"enemies":"3 Cultists","floor":22,"turns":6},{"damage":0,"enemies":"Snecko","floor":25,"turns":5},{"damage":0,"enemies":"Book of Stabbing","floor":29,"turns":6},{"damage":0,"enemies":"Cultist and Chosen","floor":30,"turns":3},{"damage":18,"enemies":"Collector","floor":33,"turns":5},{"damage":0,"enemies":"3 Darklings","floor":35,"turns":3},{"damage":0,"enemies":"Orb Walker","floor":37,"turns":3},{"damage":10,"enemies":"3 Darklings","floor":39,"turns":4},{"damage":0,"enemies":"Nemesis","floor":41,"turns":5},{"damage":0,"enemies":"Giant Head","floor":46,"turns":2},{"damage":2,"enemies":"4 Shapes","floor":47,"turns":3},{"damage":0,"enemies":"Jaw Worm Horde","floor":48,"turns":3},{"damage":35,"enemies":"Awakened One","floor":50,"turns":12},{"damage":6,"enemies":"Shield and Spear","floor":54,"turns":6},{"damage":42,"enemies":"The Heart","floor":55,"turns":7}],"seed_played":"2260676781316034773","potions_obtained":[{"floor":1,"key":"Weak Potion"},{"floor":4,"key":"SteroidPotion"},{"floor":6,"key":"Regen Potion"},{"floor":12,"key":"Strength Potion"},{"floor":16,"key":"LiquidBronze"},{"floor":18,"key":"Weak Potion"},{"floor":20,"key":"GhostInAJar"},{"floor":22,"key":"Fire Potion"},{"floor":35,"key":"SkillPotion"},{"floor":41,"key":"SkillPotion"},{"floor":46,"key":"GhostInAJar"},{"floor":48,"key":"Fire Potion"}],"is_trial":false,"path_per_floor":["M","?","M","M","M","E","M","$","T","T","M","M","M","M","R","B",null,"M","M","M","$","M","R","$","M","T","?","R","E","M","?","R","B",null,"M","$","M","$","M","R","E","R","T","?","R","E","M","M","R","B",null,"R","$","E","B",null],"character_chosen":"THE_SILENT","items_purchased":["TwistedFunnel","Bouncing Flask+1","Noxious Fumes","Dexterity Potion"],"campfire_rested":3,"item_purchase_floors":[24,36,36,53],"current_hp_per_floor":[70,55,52,50,49,3,3,3,3,3,3,3,3,3,26,41,77,76,70,55,55,55,55,55,55,55,39,62,62,62,48,72,54,82,82,82,82,82,72,72,72,72,72,72,72,72,70,70,70,35,82,82,82,76,34],"gold":49,"neow_bonus":"TEN_PERCENT_HP_BONUS","is_prod":false,"is_daily":false,"chose_seed":false,"campfire_upgraded":5,"win_rate":0,"timestamp":1552292817,"path_taken":["M","?","M","M","M","E","M","$","T","?","M","M","M","M","R","BOSS","M","M","M","$","M","R","$","M","T","?","R","E","M","?","R","BOSS","M","$","M","$","M","R","E","R","T","?","R","E","M","M","R","BOSS","R","$","E","BOSS"],"build_version":"2019-01-23","purchased_purges":3,"victory":true,"max_hp_per_floor":[77,77,77,77,77,77,77,77,77,77,77,77,77,77,77,77,77,77,77,77,77,77,77,77,77,77,77,77,77,77,82,82,82,82,82,82,82,82,82,82,82,82,82,82,82,82,82,82,82,82,82,82,82,82,82],"card_choices":[{"not_picked":["Poisoned Stab","Setup"],"picked":"Catalyst","floor":1},{"not_picked":["Poisoned Stab","Predator","Dagger Spray"],"picked":"SKIP","floor":3},{"not_picked":["Accuracy","Dodge and Roll","Tactician"],"picked":"SKIP","floor":4},{"not_picked":["Quick Slash","Eviscerate","Poisoned Stab"],"picked":"SKIP","floor":5},{"not_picked":["Eviscerate","Dagger Spray"],"picked":"Backstab","floor":6},{"not_picked":["Terror+1","Reflex+1"],"picked":"Blur+1","floor":7},{"not_picked":["Footwork","Skewer"],"picked":"Deadly Poison+1","floor":11},{"not_picked":["Poisoned Stab","Endless Agony"],"picked":"Dash","floor":12},{"not_picked":["Masterful Stab","Deflect+1"],"picked":"Cloak And Dagger+1","floor":13},{"not_picked":["Poisoned Stab","Blur+1","PiercingWail+1"],"picked":"SKIP","floor":14},{"not_picked":["Bullet Time+1","A Thousand Cuts"],"picked":"Burst+1","floor":16},{"not_picked":["Finisher","Backflip+1","Dodge and Roll+1"],"picked":"SKIP","floor":18},{"not_picked":["Quick Slash+1","PiercingWail+1","Eviscerate+1"],"picked":"SKIP","floor":19},{"not_picked":["Poisoned Stab","Dagger Throw","Outmaneuver+1"],"picked":"SKIP","floor":20},{"not_picked":["Choke","Masterful Stab","Quick Slash"],"picked":"SKIP","floor":22},{"not_picked":["Backflip+1","Acrobatics+1","Dodge and Roll+1"],"picked":"SKIP","floor":25},{"not_picked":["Quick Slash+1","Skewer"],"picked":"Catalyst+1","floor":29},{"not_picked":["Glass Knife","Outmaneuver+1","Acrobatics+1"],"picked":"SKIP","floor":30},{"not_picked":["Malaise+1","Envenom"],"picked":"Adrenaline+1","floor":33},{"not_picked":["Flying Knee+1","Skewer"],"picked":"Cloak And Dagger+1","floor":35},{"not_picked":["Poisoned Stab+1","Setup+1","Dagger Spray"],"picked":"SKIP","floor":37},{"not_picked":["Poisoned Stab","Eviscerate","Riddle With Holes+1"],"picked":"SKIP","floor":39},{"not_picked":["Flechettes","Dagger Throw","Setup+1"],"picked":"SKIP","floor":41},{"not_picked":["Outmaneuver+1","Bane+1","Poisoned Stab"],"picked":"SKIP","floor":46},{"not_picked":["Caltrops+1","Dagger Throw+1"],"picked":"Footwork","floor":47},{"not_picked":["Quick Slash","Acrobatics+1","Deflect+1"],"picked":"SKIP","floor":48},{"not_picked":["Corpse Explosion+1","Slice+1","Distraction+1"],"picked":"SKIP","floor":54}],"player_experience":104674,"relics_obtained":[{"floor":6,"key":"Toxic Egg 2"},{"floor":10,"key":"Darkstone Periapt"},{"floor":26,"key":"Thread and Needle"},{"floor":27,"key":"Enchiridion"},{"floor":29,"key":"Bronze Scales"},{"floor":41,"key":"Bag of Preparation"},{"floor":43,"key":"Bottled Lightning"},{"floor":46,"key":"Dream Catcher"},{"floor":54,"key":"Letter Opener"}],"event_choices":[{"damage_healed":0,"gold_gain":0,"player_choice":"Entered Light","damage_taken":15,"max_hp_gain":0,"max_hp_loss":0,"event_name":"Shining Light","floor":2,"gold_loss":0,"cards_upgraded":["Defend_G","Strike_G"]},{"damage_healed":0,"gold_gain":0,"player_choice":"Obtained Book","damage_taken":16,"max_hp_gain":0,"max_hp_loss":0,"event_name":"Cursed Tome","floor":27,"gold_loss":0},{"damage_healed":0,"gold_gain":0,"player_choice":"Shed Blood","damage_taken":19,"max_hp_gain":5,"max_hp_loss":0,"event_name":"Forgotten Altar","floor":31,"gold_loss":0},{"damage_healed":0,"gold_gain":0,"player_choice":"Paid","damage_taken":0,"relics_obtained":["Red Mask"],"max_hp_gain":0,"max_hp_loss":0,"event_name":"Tomb of Lord Red Mask","floor":44,"gold_loss":128}],"is_beta":false,"boss_relics":[{"not_picked":["Busted Crown","Black Star"],"picked":"Astrolabe"},{"not_picked":["Calling Bell","Pandora\u0027s Box"],"picked":"Empty Cage"}],"items_purged_floors":[8,21,38],"is_endless":false,"potions_floor_spawned":[1,4,6,12,16,18,20,22,35,41,46,48],"ascension_level":2}