{"gold_per_floor":[119,44,54,10,10,35,35,35,81,81,81,97,115,65,65,196,196,216,232,26,39,39],"floor_reached":22,"playtime":852,"items_purged":["Strike_R","Strike_R"],"score":230,"play_id":"827b53d1-a536-4ee8-a2c6-8b54662a0a74","local_time":"20190209025229","is_ascension_mode":true,"campfire_choices":[{"floor":8.0,"key":"REST"},{"data":"Inflame","floor":10.0,"key":"SMITH"},{"data":"Armaments","floor":15.0,"key":"SMITH"}],"neow_cost":"NONE","seed_source_timestamp":126423111648000,"circlet_count":0,"master_deck":["Strike_R","Strike_R","Strike_R","Defend_R","Defend_R","Defend_R","Defend_R","Bash","Bludgeon","Inflame+1","Iron Wave","Rupture","Armaments+1","Offering","Iron Wave","Shrug It Off","Limit Break","Iron Wave"],"special_seed":0,"relics":["Burning Blood","Vajra","Golden Idol","Smiling Mask","Ice Cream","Orrery","Brimstone"],"potions_floor_usage":[22],"damage_taken":[{"damage":6.0,"enemies":"Cultist","floor":1.0,"turns":3.0},{"damage":13.0,"enemies":"2 Louse","floor":3.0,"turns":4.0},{"damage":30.0,"enemies":"Lagavulin","floor":6.0,"turns":7.0},{"damage":0.0,"enemies":"Small Slimes","floor":12.0,"turns":2.0},{"damage":7.0,"enemies":"Looter","floor":13.0,"turns":3.0},{"damage":36.0,"enemies":"The Guardian","floor":16.0,"turns":14.0},{"damage":6.0,"enemies":"Chosen","floor":18.0,"turns":4.0},{"damage":36.0,"enemies":"Spheric Guardian","floor":19.0,"turns":8.0},{"damage":12,"enemies":"Cultist and Chosen","floor":21,"turns":5},{"damage":40,"enemies":"Snake Plant","floor":22,"turns":3}],"seed_played":"4292082930335693864","potions_obtained":[{"floor":6.0,"key":"Fire Potion"},{"floor":12.0,"key":"AttackPotion"},{"floor":18.0,"key":"Fire Potion"}],"is_trial":false,"path_per_floor":["?","?","?","T","$","M","M"],"character_chosen":"IRONCLAD","items_purchased":["Brimstone"],"campfire_rested":1,"item_purchase_floors":[20],"current_hp_per_floor":[80,80,73,73,73,49,49,71,71,71,71,74,73,73,73,43,66,66,36,36,30,0],"gold":39,"neow_bonus":"ONE_RANDOM_RARE_CARD","is_prod":false,"is_daily":false,"chose_seed":false,"campfire_upgraded":2,"win_rate":0,"timestamp":1549677149,"path_taken":["M","$","M","?","?","E","?","R","T","R","?","M","M","?","R","BOSS","M","?","$","M","?"],"build_version":"2019-01-23","purchased_purges":2,"victory":false,"max_hp_per_floor":[80,80,80,80,80,80,74,74,74,74,74,74,74,74,74,74,74,74,74,74,74,74],"card_choices":[{"not_picked":["Wild Strike","Headbutt","Reckless Charge"],"picked":"SKIP","floor":1.0},{"not_picked":["Power Through","Evolve"],"picked":"Inflame","floor":3.0},{"not_picked":["Anger","Rampage"],"picked":"Iron Wave","floor":6.0},{"not_picked":["Havoc","Whirlwind"],"picked":"Rupture","floor":12.0},{"not_picked":["Warcry","Clothesline"],"picked":"Armaments","floor":13.0},{"not_picked":["Juggernaut","Dark Embrace"],"picked":"Offering","floor":16.0},{"not_picked":["Seeing Red","Armaments"],"picked":"Iron Wave","floor":17.0},{"not_picked":["Anger","Second Wind"],"picked":"Shrug It Off","floor":17.0},{"not_picked":["Warcry","Feel No Pain"],"picked":"Limit Break","floor":18.0},{"not_picked":["Thunderclap","Twin Strike+1"],"picked":"Iron Wave","floor":19.0},{"not_picked":["Seeing Red","Havoc","Cleave+1"],"picked":"SKIP","floor":21}],"player_experience":137326,"relics_obtained":[{"floor":6.0,"key":"Vajra"},{"floor":9.0,"key":"Smiling Mask"},{"floor":11.0,"key":"Ice Cream"}],"event_choices":[{"damage_healed":0.0,"max_hp_gain":0.0,"max_hp_loss":0.0,"gold_gain":0.0,"event_name":"World of Goop","player_choice":"Left Gold","floor":4.0,"gold_loss":44.0,"damage_taken":0.0},{"damage_healed":0.0,"max_hp_gain":0.0,"max_hp_loss":0.0,"gold_gain":0.0,"event_name":"Shining Light","player_choice":"Ignored","floor":5.0,"gold_loss":0.0,"damage_taken":0.0},{"damage_healed":0.0,"max_hp_gain":0.0,"max_hp_loss":6.0,"gold_gain":0.0,"event_name":"Golden Idol","player_choice":"Lose Max HP","floor":7.0,"gold_loss":0.0,"damage_taken":0.0,"relics_obtained":["Golden Idol"]}],"is_beta":false,"boss_relics":[{"not_picked":["Astrolabe","Ectoplasm"],"picked":"Orrery"}],"items_purged_floors":[2,14],"is_endless":false,"potions_floor_spawned":[6,12,18],"killed_by":"Snake Plant","ascension_level":5}