{"gold_per_floor":[117,117,42,42,59,74,74,94,94,94,111,111,141,158,158,256,256,275,288,116,116,116,143,143,168,240,254,268,268,278,298,298,298],"floor_reached":33,"playtime":1401,"items_purged":["Strike_B","Defend_B"],"score":289,"play_id":"17e68670-3717-468b-825e-7bcfb6c62342","local_time":"20180709124801","is_ascension_mode":false,"campfire_choices":[{"data":"Rip and Tear","floor":7,"key":"SMITH"},{"data":"Glacier","floor":15,"key":"SMITH"},{"data":"Defragment","floor":24,"key":"SMITH"},{"floor":32,"key":"REST"}],"neow_cost":"NONE","seed_source_timestamp":670377954103406,"circlet_count":0,"master_deck":["Strike_B","Defend_B","Defend_B","Zap+1","Dualcast","Beam Cell","Rip and Tear+1","Ball Lightning","Glacier+1","Defragment+1","Gash"],"relics":["Cracked Core","Letter Opener","Ancient Tea Set","Nuclear Battery","Turnip","Lantern","Kunai","Nilry\u0027s Codex"],"potions_floor_usage":[23,27,30,30,33],"damage_taken":[{"damage":0,"enemies":"2 Louse","floor":1,"turns":3},{"damage":0,"enemies":"Cultist","floor":5,"turns":3},{"damage":5,"enemies":"Small Slimes","floor":6,"turns":3},{"damage":3,"enemies":"3 Louse","floor":8,"turns":2},{"damage":9,"enemies":"Gremlin Gang","floor":11,"turns":2},{"damage":14,"enemies":"3 Sentries","floor":13,"turns":4},{"damage":0,"enemies":"Looter","floor":14,"turns":2},{"damage":13,"enemies":"The Guardian","floor":16,"turns":10},{"damage":5,"enemies":"Shell Parasite","floor":18,"turns":4},{"damage":0,"enemies":"Spheric Guardian","floor":19,"turns":3},{"damage":32,"enemies":"Slavers","floor":23,"turns":5},{"damage":9,"enemies":"Book of Stabbing","floor":25,"turns":6},{"damage":2,"enemies":"Centurion and Healer","floor":27,"turns":4},{"damage":5,"enemies":"Chosen and Byrds","floor":28,"turns":4},{"damage":0,"enemies":"Cultist and Chosen","floor":30,"turns":6},{"damage":0,"enemies":"Centurion and Healer","floor":31,"turns":4},{"damage":47,"enemies":"Champ","floor":33,"turns":16}],"seed_played":"1345547128135279970","potions_obtained":[{"floor":5,"key":"AttackPotion"},{"floor":8,"key":"Fire Potion"},{"floor":11,"key":"Strength Potion"},{"floor":27,"key":"AttackPotion"},{"floor":28,"key":"GamblersBrew"}],"is_trial":false,"path_per_floor":["M","?","$","?","M","M","R","M","T","?","M","?","E","M","R","B",null,"M","M","$","?","$","E","R","E","T","M","M","?","M","M","R"],"character_chosen":"DEFECT","items_purchased":["Defragment"],"campfire_rested":1,"item_purchase_floors":[20],"current_hp_per_floor":[75,75,75,75,75,70,70,67,67,67,58,58,44,44,44,31,75,70,70,70,70,70,38,38,29,29,27,22,6,13,13,35,0],"gold":298,"neow_bonus":"REMOVE_CARD","is_prod":false,"is_daily":false,"chose_seed":false,"campfire_upgraded":3,"win_rate":0,"timestamp":1531162081,"path_taken":["M","?","$","?","M","M","R","M","T","?","?","?","E","M","R","BOSS","M","M","$","?","$","E","R","E","T","?","M","?","M","M","R","BOSS"],"build_version":"2018-07-05","purchased_purges":2,"victory":false,"max_hp_per_floor":[75,75,75,75,75,75,75,75,75,75,75,75,75,75,75,75,75,75,75,75,75,75,75,75,75,75,75,75,75,75,75,75,75],"card_choices":[{"not_picked":["Sweeping Beam","Hologram"],"picked":"Beam Cell","floor":1},{"not_picked":["Hologram","Double Energy"],"picked":"Rip and Tear","floor":5},{"not_picked":["Skim","Darkness"],"picked":"Ball Lightning","floor":6},{"not_picked":["Turbo","Lockon","Steam Power"],"picked":"SKIP","floor":8},{"not_picked":["Darkness","Beam Cell","Cold Snap"],"picked":"SKIP","floor":11},{"not_picked":["Barrage","Machine Learning","Hologram"],"picked":"SKIP","floor":13},{"not_picked":["Go for the Eyes","Rebound"],"picked":"Glacier","floor":14},{"not_picked":["Coolheaded","Cold Snap","Reinforced Body"],"picked":"SKIP","floor":18},{"not_picked":["Stack","Steam","Compile Driver"],"picked":"SKIP","floor":19},{"not_picked":["Turbo","Rebound","Compile Driver+1"],"picked":"SKIP","floor":23},{"not_picked":["Steam Power+1","Beam Cell","Capacitor"],"picked":"SKIP","floor":25},{"not_picked":["Consume","Turbo","White Noise+1"],"picked":"SKIP","floor":27},{"not_picked":["Hello World","Chaos"],"picked":"Gash","floor":28},{"not_picked":["Stack+1","Amplify","Ball Lightning"],"picked":"SKIP","floor":30},{"not_picked":["Consume+1","Fusion","Beam Cell"],"picked":"SKIP","floor":31}],"player_experience":170685,"relics_obtained":[{"floor":9,"key":"Letter Opener"},{"floor":13,"key":"Ancient Tea Set"},{"floor":23,"key":"Turnip"},{"floor":25,"key":"Lantern"},{"floor":26,"key":"Kunai"},{"floor":29,"key":"Nilry\u0027s Codex"}],"event_choices":[{"event_name":"Wheel of Change","player_choice":"Card Removal","floor":2,"damage_taken":0},{"event_name":"Upgrade Shrine","player_choice":"Upgraded","floor":4,"damage_taken":0},{"event_name":"Living Wall","player_choice":"Forget","floor":10,"damage_taken":0},{"event_name":"Liars Game","player_choice":"disagreed","floor":12,"damage_taken":0},{"event_name":"The Woman in Blue","player_choice":"Bought 0 Potions","floor":21,"damage_taken":0},{"event_name":"Cursed Tome","player_choice":"Obtained Book","floor":29,"damage_taken":0}],"boss_relics":[{"not_picked":["Pandora\u0027s Box","Runic Dome"],"picked":"Nuclear Battery"}],"items_purged_floors":[3,20],"is_endless":false,"potions_floor_spawned":[5,8,11,14,18,27,28],"killed_by":"Champ","ascension_level":0}