{"gold_per_floor":[99,99,99,99,99,99,99,99,99,99,99,99,24,24,24,24,24,0,0,0,0,0,0],"floor_reached":23,"playtime":775,"items_purged":["Strike_G"],"score":199,"play_id":"903b0016-0b78-4713-bf09-351d252f99eb","local_time":"20190307134614","is_ascension_mode":false,"campfire_choices":[{"floor":6,"key":"REST"},{"data":"Bouncing Flask","floor":8,"key":"SMITH"},{"floor":15,"key":"REST"}],"neow_cost":"NONE","seed_source_timestamp":171043230392888,"circlet_count":0,"master_deck":["Defend_G","Defend_G","Defend_G","Defend_G","Defend_G","Strike_G","Strike_G","Strike_G","Survivor","Neutralize","Poisoned Stab","Bouncing Flask+1","Bouncing Flask","Bane","Flying Knee","Crippling Poison+1","Expertise+1"],"relics":["Ectoplasm","Gremlin Horn","Toxic Egg 2","Bronze Scales","Black Star"],"potions_floor_usage":[23,23],"damage_taken":[{"damage":0,"enemies":"Cultist","floor":1,"turns":4},{"damage":0,"enemies":"Small Slimes","floor":2,"turns":4},{"damage":0,"enemies":"2 Louse","floor":3,"turns":3},{"damage":8,"enemies":"Lagavulin","floor":7,"turns":4},{"damage":5,"enemies":"2 Fungi Beasts","floor":10,"turns":3},{"damage":13,"enemies":"Gremlin Nob","floor":11,"turns":4},{"damage":31,"enemies":"Hexaghost","floor":16,"turns":6},{"damage":25,"enemies":"2 Thieves","floor":18,"turns":4},{"damage":7,"enemies":"Spheric Guardian","floor":21,"turns":3},{"damage":17,"enemies":"Centurion and Healer","floor":22,"turns":6},{"damage":13,"enemies":"Gremlin Leader","floor":23,"turns":3}],"seed_played":"-1844585856636684816","potions_obtained":[{"floor":2,"key":"Dexterity Potion"},{"floor":10,"key":"LiquidBronze"},{"floor":16,"key":"Weak Potion"},{"floor":22,"key":"Block Potion"}],"is_trial":false,"path_per_floor":["M","?","?","?","$","?","?","?","M"],"character_chosen":"THE_SILENT","items_purchased":[],"campfire_rested":2,"item_purchase_floors":[],"current_hp_per_floor":[70,70,70,59,47,68,60,60,60,55,42,42,42,42,63,32,70,45,32,32,25,8,0],"gold":0,"neow_bonus":"BOSS_RELIC","is_prod":false,"is_daily":false,"chose_seed":false,"campfire_upgraded":1,"win_rate":0,"timestamp":1551962774,"path_taken":["M","?","M","?","?","R","E","R","T","M","E","?","?","?","R","BOSS","M","?","?","?","M","E"],"build_version":"2019-01-23","purchased_purges":1,"victory":false,"max_hp_per_floor":[70,70,70,70,70,70,70,70,70,70,70,70,70,70,70,70,70,70,75,75,75,75,75],"card_choices":[{"not_picked":["Masterful Stab","Skewer"],"picked":"Poisoned Stab","floor":1},{"not_picked":["Dagger Throw","Slice"],"picked":"Bouncing Flask","floor":2},{"not_picked":["Blade Dance","Well Laid Plans"],"picked":"Bouncing Flask","floor":3},{"not_picked":["Crippling Poison","Expertise"],"picked":"Bane","floor":7},{"not_picked":["Riddle With Holes","Reflex+1","Caltrops"],"picked":"SKIP","floor":10},{"not_picked":["Dash","Glass Knife"],"picked":"Flying Knee","floor":11},{"not_picked":["Blur+1","Slice+1"],"picked":"Crippling Poison+1","floor":18},{"not_picked":["Sucker Punch","Reflex+1","Leg Sweep+1"],"picked":"SKIP","floor":21},{"not_picked":["Reflex+1","Terror+1","Calculated Gamble+1"],"picked":"SKIP","floor":22}],"player_experience":163257,"relics_obtained":[{"floor":7,"key":"Toxic Egg 2"},{"floor":11,"key":"Bronze Scales"}],"event_choices":[{"damage_healed":0,"gold_gain":75,"player_choice":"Gather Gold","damage_taken":11,"max_hp_gain":0,"max_hp_loss":0,"event_name":"World of Goop","floor":4,"gold_loss":0},{"damage_healed":0,"gold_gain":0,"player_choice":"Success","damage_taken":12,"relics_obtained":["Gremlin Horn"],"max_hp_gain":0,"max_hp_loss":0,"event_name":"Scrap Ooze","floor":5,"gold_loss":0},{"damage_healed":0,"gold_gain":0,"player_choice":"Ignored","damage_taken":0,"max_hp_gain":0,"max_hp_loss":0,"event_name":"Liars Game","floor":12,"gold_loss":0},{"damage_healed":0,"gold_gain":0,"player_choice":"Leave","damage_taken":0,"max_hp_gain":0,"max_hp_loss":0,"event_name":"The Cleric","floor":14,"gold_loss":0},{"damage_healed":0,"gold_gain":0,"player_choice":"Shed Blood","damage_taken":18,"max_hp_gain":5,"max_hp_loss":0,"event_name":"Forgotten Altar","floor":19,"gold_loss":0},{"damage_healed":0,"gold_gain":0,"cards_transformed":["Strike_G"],"player_choice":"Transformed","damage_taken":0,"max_hp_gain":0,"max_hp_loss":0,"event_name":"Transmorgrifier","floor":20,"gold_loss":0,"cards_obtained":["Expertise"]}],"is_beta":false,"boss_relics":[{"not_picked":["Coffee Dripper","Lizard Tail"],"picked":"Black Star"}],"items_purged_floors":[13],"is_endless":false,"potions_floor_spawned":[2,10,16,22],"killed_by":"Gremlin Leader","ascension_level":0}