{"gold_per_floor":[219,236,236,250,260,285,285,318,318,337,213,240,240,224,224,322,322,333,344,344,18,0,0,28,28,28,28,38,52,52,69,69,174,174,189,200,200,215,215,245,257,10,10,26,60,60,79,79,79,79],"floor_reached":51,"playtime":2001,"items_purged":["Strike_R","Strike_R"],"score":991,"play_id":"2615bfa6-355e-4f86-9a87-4b0f6d12b5c8","local_time":"20190318170946","is_ascension_mode":true,"campfire_choices":[{"floor":7.0,"key":"REST"},{"floor":13.0,"key":"REST"},{"data":"Flex","floor":15.0,"key":"SMITH"},{"floor":23.0,"key":"REST"},{"floor":27.0,"key":"REST"},{"floor":30.0,"key":"REST"},{"floor":32.0,"key":"REST"},{"floor":41,"key":"REST"},{"floor":46,"key":"REST"},{"floor":49,"key":"REST"}],"neow_cost":"NONE","seed_source_timestamp":0,"circlet_count":0,"master_deck":["Strike_R+1","Strike_R","Strike_R","Defend_R+1","Defend_R","Defend_R","Defend_R","Bash","Ghostly Armor+1","Armaments+1","Flex+1","Pummel+1","Heavy Blade","Bludgeon","Cleave","Shrug It Off","Disarm","Clash","Reaper","Pommel Strike","J.A.X.","Inflame","Flame Barrier+1","Necronomicurse","Flex","Disarm+1","Sword Boomerang","Reaper","Armaments+1","Flex+1","Sword Boomerang+1","Heavy Blade+1"],"special_seed":0,"relics":["Burning Blood","Incense Burner","Darkstone Periapt","Ornamental Fan","Whetstone","Fusion Hammer","Red Skull","War Paint","Necronomicon","Self Forming Clay","Runic Pyramid","Pocketwatch","MawBank","Pear","Ginger","Bag of Preparation"],"potions_floor_usage":[40,45,47,50,50],"damage_taken":[{"damage":3.0,"enemies":"Small Slimes","floor":1.0,"turns":5.0},{"damage":5.0,"enemies":"Cultist","floor":2.0,"turns":4.0},{"damage":1.0,"enemies":"Jaw Worm","floor":4.0,"turns":8.0},{"damage":0.0,"enemies":"Blue Slaver","floor":5.0,"turns":6.0},{"damage":39.0,"enemies":"Gremlin Nob","floor":6.0,"turns":5.0},{"damage":17.0,"enemies":"Lagavulin","floor":8.0,"turns":7.0},{"damage":9.0,"enemies":"3 Louse","floor":10.0,"turns":4.0},{"damage":24.0,"enemies":"Gremlin Nob","floor":12.0,"turns":4.0},{"damage":0.0,"enemies":"Exordium Thugs","floor":14.0,"turns":4.0},{"damage":41.0,"enemies":"Hexaghost","floor":16.0,"turns":12.0},{"damage":44.0,"enemies":"2 Thieves","floor":18.0,"turns":5.0},{"damage":20.0,"enemies":"Spheric Guardian","floor":19.0,"turns":4.0},{"damage":54.0,"enemies":"Slavers","floor":24.0,"turns":7.0},{"damage":1.0,"enemies":"3 Cultists","floor":28.0,"turns":4.0},{"damage":10.0,"enemies":"Centurion and Healer","floor":29.0,"turns":5.0},{"damage":19.0,"enemies":"Snake Plant","floor":31.0,"turns":3.0},{"damage":74.0,"enemies":"Champ","floor":33.0,"turns":9.0},{"damage":8.0,"enemies":"3 Shapes","floor":35.0,"turns":4.0},{"damage":8.0,"enemies":"Orb Walker","floor":36.0,"turns":3.0},{"damage":10,"enemies":"4 Shapes","floor":38,"turns":5},{"damage":63,"enemies":"Giant Head","floor":40,"turns":7},{"damage":3,"enemies":"Spire Growth","floor":44,"turns":4},{"damage":39,"enemies":"Reptomancer","floor":45,"turns":5},{"damage":27,"enemies":"3 Darklings","floor":47,"turns":3},{"damage":79,"enemies":"Awakened One","floor":50,"turns":11}],"seed_played":"-1016216388420270991","potions_obtained":[{"floor":2.0,"key":"SpeedPotion"},{"floor":8.0,"key":"FearPotion"},{"floor":10.0,"key":"SteroidPotion"},{"floor":29.0,"key":"Block Potion"},{"floor":40,"key":"Block Potion"},{"floor":45,"key":"Explosive Potion"},{"floor":47,"key":"Poison Potion"}],"is_trial":false,"path_per_floor":["?","M","?","?","?","M","?","T","M","?"],"character_chosen":"IRONCLAD","items_purchased":["Shrug It Off","Inflame","Red Skull","Pear"],"campfire_rested":9,"item_purchase_floors":[11,21,21,42],"current_hp_per_floor":[75,76,76,80,80,47,71,60,60,57,57,39,63,69,69,34,69,43,29,29,29,29,53,26,16,16,41,46,82,86,73,86,18,69,82,80,80,82,82,45,69,79,79,92,59,86,65,65,92,39],"gold":79,"neow_bonus":"HUNDRED_GOLD","is_prod":false,"is_daily":false,"chose_seed":false,"campfire_upgraded":1,"win_rate":0,"timestamp":1552925386,"path_taken":["M","M","?","M","M","E","R","E","T","M","$","E","R","?","R","BOSS","M","M","?","$","?","R","E","?","T","R","?","M","R","M","R","BOSS","M","M","?","M","?","E","R","$","T","M","E","R","?","?","R","BOSS"],"build_version":"2019-01-23","purchased_purges":2,"victory":true,"max_hp_per_floor":[80,80,80,80,80,80,80,80,80,80,80,80,80,80,80,80,80,80,80,80,80,80,80,80,86,86,86,86,86,86,86,86,86,86,86,86,82,82,82,82,82,92,92,92,92,92,92,92,92,92],"card_choices":[{"not_picked":["Iron Wave","Sword Boomerang"],"picked":"Ghostly Armor","floor":1.0},{"not_picked":["Wild Strike","Iron Wave"],"picked":"Armaments","floor":2.0},{"not_picked":["Body Slam","Iron Wave"],"picked":"Flex","floor":4.0},{"not_picked":["Searing Blow","Clash"],"picked":"Pummel","floor":5.0},{"not_picked":["Headbutt","Immolate"],"picked":"Heavy Blade","floor":6.0},{"not_picked":["Body Slam","Headbutt"],"picked":"Bludgeon","floor":8.0},{"not_picked":["Armaments","Headbutt"],"picked":"Cleave","floor":10.0},{"not_picked":["Entrench","Immolate"],"picked":"Disarm","floor":12.0},{"not_picked":["Thunderclap","Sword Boomerang"],"picked":"Clash","floor":14.0},{"not_picked":["Fiend Fire","Bludgeon"],"picked":"Reaper","floor":16.0},{"not_picked":["Power Through+1","Corruption+1","Clothesline"],"picked":"SKIP","floor":18.0},{"not_picked":["Havoc","Blood for Blood"],"picked":"Pommel Strike","floor":19.0},{"not_picked":["Battle Trance+1","Havoc"],"picked":"Flame Barrier+1","floor":24.0},{"not_picked":["Reckless Charge","Seeing Red+1"],"picked":"Flex","floor":28.0},{"not_picked":["Warcry","Iron Wave"],"picked":"Disarm+1","floor":29.0},{"not_picked":["Seeing Red+1","Fire Breathing"],"picked":"Sword Boomerang","floor":31.0},{"not_picked":["Exhume","Double Tap"],"picked":"Reaper","floor":33.0},{"not_picked":["Carnage","Seeing Red","Thunderclap+1"],"picked":"SKIP","floor":35.0},{"not_picked":["Headbutt+1","True Grit"],"picked":"Armaments+1","floor":36},{"not_picked":["True Grit+1","Dropkick+1","Warcry+1"],"picked":"SKIP","floor":38},{"not_picked":["Seeing Red+1","Iron Wave+1","Twin Strike+1"],"picked":"SKIP","floor":40},{"not_picked":["Havoc+1","Body Slam+1"],"picked":"Flex+1","floor":44},{"not_picked":["Combust+1","Wild Strike"],"picked":"Sword Boomerang+1","floor":45},{"not_picked":["Dual Wield","Evolve+1"],"picked":"Heavy Blade+1","floor":47}],"player_experience":386991,"relics_obtained":[{"floor":6.0,"key":"Incense Burner"},{"floor":8.0,"key":"Darkstone Periapt"},{"floor":9.0,"key":"Ornamental Fan"},{"floor":12.0,"key":"Whetstone"},{"floor":24.0,"key":"War Paint"},{"floor":25.0,"key":"Necronomicon"},{"floor":26.0,"key":"Self Forming Clay"},{"floor":39,"key":"Pocketwatch"},{"floor":40,"key":"MawBank"},{"floor":43,"key":"Ginger"},{"floor":45,"key":"Bag of Preparation"}],"event_choices":[{"damage_healed":0.0,"max_hp_gain":0.0,"max_hp_loss":0.0,"gold_gain":0.0,"event_name":"Upgrade Shrine","player_choice":"Upgraded","floor":3.0,"gold_loss":0.0,"damage_taken":0.0,"cards_upgraded":["Armaments"]},{"damage_healed":0.0,"max_hp_gain":0.0,"max_hp_loss":0.0,"gold_gain":0.0,"event_name":"Drug Dealer","player_choice":"Obtain J.A.X.","floor":20.0,"gold_loss":0.0,"damage_taken":0.0,"cards_obtained":["J.A.X."]},{"damage_healed":0.0,"max_hp_gain":0.0,"max_hp_loss":0.0,"gold_gain":0.0,"event_name":"Masked Bandits","player_choice":"Paid Fearfully","floor":22.0,"gold_loss":18.0,"damage_taken":0.0},{"damage_healed":0.0,"max_hp_gain":0.0,"max_hp_loss":0.0,"gold_gain":0.0,"event_name":"Cursed Tome","player_choice":"Obtained Book","floor":25.0,"gold_loss":0.0,"damage_taken":16.0},{"damage_healed":0,"gold_gain":0,"player_choice":"Max HP","damage_taken":0,"max_hp_gain":0,"max_hp_loss":4,"event_name":"Winding Halls","floor":37,"gold_loss":0},{"damage_healed":0,"gold_gain":0,"player_choice":"Ignored","damage_taken":0,"max_hp_gain":0,"max_hp_loss":0,"event_name":"Mysterious Sphere","floor":48,"gold_loss":0}],"is_beta":false,"boss_relics":[{"not_picked":["Orrery","Tiny House"],"picked":"Fusion Hammer"},{"not_picked":["Sozu","Runic Cube"],"picked":"Runic Pyramid"}],"items_purged_floors":[11,21],"is_endless":false,"potions_floor_spawned":[2,8,10,19,28,29,35,40,45,47],"ascension_level":7}