{"gold_per_floor":[114,131,150,150,165,165,199,199,247,247,247],"floor_reached":11,"playtime":338,"items_purged":[],"score":84,"play_id":"a8c32f48-569f-47cb-bd39-49e5aef63888","local_time":"20180727141328","is_ascension_mode":true,"campfire_choices":[{"data":"Pommel Strike","floor":6,"key":"SMITH"},{"data":"Berserk","floor":8,"key":"SMITH"},{"data":"Anger","floor":10,"key":"SMITH"}],"neow_cost":"","seed_source_timestamp":1086690422462382,"circlet_count":0,"master_deck":["Strike_R","Strike_R","Strike_R","Strike_R","Strike_R","Defend_R","Defend_R","Defend_R","Defend_R","Bash","Flex+1","Anger+1","Pommel Strike+1","Sentinel","Berserk+1"],"relics":["Burning Blood","Smiling Mask","Art of War"],"potions_floor_usage":[5,11],"damage_taken":[{"damage":7,"enemies":"2 Louse","floor":1,"turns":3},{"damage":11,"enemies":"Jaw Worm","floor":2,"turns":5},{"damage":0,"enemies":"Small Slimes","floor":3,"turns":3},{"damage":15,"enemies":"Exordium Wildlife","floor":5,"turns":3},{"damage":33,"enemies":"Gremlin Nob","floor":7,"turns":4},{"damage":51,"enemies":"Lagavulin","floor":11,"turns":5}],"seed_played":"-8934400548777525687","potions_obtained":[{"floor":2,"key":"Energy Potion"},{"floor":3,"key":"Swift Potion"},{"floor":5,"key":"LiquidBronze"},{"floor":7,"key":"SteroidPotion"}],"is_trial":false,"path_per_floor":["M","M","M","?","M","R","E","R","T","R"],"character_chosen":"IRONCLAD","items_purchased":[],"campfire_rested":0,"item_purchase_floors":[],"current_hp_per_floor":[79,74,80,80,71,71,44,44,44,44,0],"gold":247,"neow_bonus":"","is_prod":false,"is_daily":false,"chose_seed":false,"campfire_upgraded":3,"win_rate":0,"timestamp":1532722408,"path_taken":["M","M","M","?","M","R","E","R","T","R","E"],"build_version":"2018-07-26","purchased_purges":0,"victory":false,"max_hp_per_floor":[80,80,80,80,80,80,80,80,80,80,80],"card_choices":[{"not_picked":["Armaments","Twin Strike"],"picked":"Flex","floor":1},{"not_picked":["Cleave","Havoc"],"picked":"Anger","floor":2},{"not_picked":["Armaments","Warcry"],"picked":"Pommel Strike","floor":3},{"not_picked":["Pommel Strike","Uppercut"],"picked":"Sentinel","floor":5},{"not_picked":["Power Through","Anger"],"picked":"Berserk","floor":7}],"player_experience":280445,"relics_obtained":[{"floor":7,"key":"Smiling Mask"},{"floor":9,"key":"Art of War"}],"event_choices":[{"event_name":"Living Wall","player_choice":"Grow","floor":4,"damage_taken":0}],"is_beta":false,"boss_relics":[],"items_purged_floors":[],"is_endless":false,"potions_floor_spawned":[2,3,5,7],"killed_by":"Lagavulin","ascension_level":3}