{"gold_per_floor":[116,116,135,135,8,46,46,62,88,103,32,50,50,50,50,174,174,195,195,214,60,74,74,88,88,88,88,88,88,13,37,37,37],"floor_reached":33,"playtime":4254,"items_purged":["Strike_R"],"score":270,"play_id":"d843ec7d-17c8-4ab9-a641-0458b29edd7c","local_time":"20190204111541","is_ascension_mode":true,"campfire_choices":[{"floor":13.0,"key":"REST"},{"floor":15.0,"key":"REST"},{"floor":23.0,"key":"REST"},{"floor":25.0,"key":"REST"},{"floor":27,"key":"REST"},{"floor":32,"key":"REST"}],"neow_cost":"NONE","seed_source_timestamp":0,"circlet_count":0,"master_deck":["Strike_R","Strike_R","Defend_R","Defend_R","Defend_R","Defend_R","Bash","Cleave","Warcry","Shockwave","Heavy Blade","Warcry","Exhume","Forethought","Pommel Strike","Demon Form","Infernal Blade","Reaper","Blood for Blood","Whirlwind","Spot Weakness","Intimidate","Clash","Feel No Pain","Spot Weakness","Pommel Strike","Flex"],"special_seed":0,"relics":["Burning Blood","Red Skull","Golden Idol","Calipers","Potion Belt","Orrery","Juzu Bracelet","Mercury Hourglass","MutagenicStrength"],"potions_floor_usage":[33,33],"damage_taken":[{"damage":1.0,"enemies":"Cultist","floor":1.0,"turns":3.0},{"damage":6.0,"enemies":"2 Louse","floor":3.0,"turns":2.0},{"damage":37.0,"enemies":"Gremlin Nob","floor":6.0,"turns":5.0},{"damage":0.0,"enemies":"Small Slimes","floor":8.0,"turns":3.0},{"damage":16.0,"enemies":"Exordium Thugs","floor":10.0,"turns":5.0},{"damage":8.0,"enemies":"3 Louse","floor":12.0,"turns":3.0},{"damage":24.0,"enemies":"Slime Boss","floor":16.0,"turns":9.0},{"damage":53.0,"enemies":"Spheric Guardian","floor":18.0,"turns":6.0},{"damage":4.0,"enemies":"3 Byrds","floor":20.0,"turns":4.0},{"damage":57.0,"enemies":"Centurion and Healer","floor":22.0,"turns":8.0},{"damage":44.0,"enemies":"Shelled Parasite and Fungi","floor":24.0,"turns":4.0},{"damage":36,"enemies":"Sentry and Sphere","floor":31,"turns":5},{"damage":101,"enemies":"Champ","floor":33,"turns":10}],"seed_played":"2293833800671729631","potions_obtained":[{"floor":3.0,"key":"Weak Potion"},{"floor":8.0,"key":"Dexterity Potion"},{"floor":10.0,"key":"Regen Potion"},{"floor":16.0,"key":"EssenceOfSteel"},{"floor":18.0,"key":"AttackPotion"},{"floor":24.0,"key":"Swift Potion"}],"is_trial":false,"path_per_floor":["?","?","?","M","$","?","?","M","?","?"],"character_chosen":"IRONCLAD","items_purchased":["Heavy Blade","Demon Form","Juzu Bracelet"],"campfire_rested":6,"item_purchase_floors":[5,11,21],"current_hp_per_floor":[80,77,77,57,57,26,26,32,32,22,22,20,44,49,74,56,85,38,38,61,61,25,50,12,37,37,62,62,62,62,32,57,0],"gold":37,"neow_bonus":"THREE_CARDS","is_prod":false,"is_daily":false,"chose_seed":false,"campfire_upgraded":0,"win_rate":0,"timestamp":1549275341,"path_taken":["M","?","M","?","$","E","?","?","T","M","?","M","R","?","R","BOSS","M","?","?","$","M","R","M","R","T","R","$","?","?","M","R","BOSS"],"build_version":"2019-01-23","purchased_purges":1,"victory":false,"max_hp_per_floor":[80,80,80,80,80,80,80,80,80,80,80,80,80,85,85,85,85,85,85,85,85,85,85,85,85,85,85,85,85,85,85,85,85],"card_choices":[{"not_picked":["Sword Boomerang","Sever Soul"],"picked":"Cleave","floor":0.0},{"not_picked":["Pommel Strike","Reckless Charge"],"picked":"Warcry","floor":1.0},{"not_picked":["Havoc","Disarm"],"picked":"Shockwave","floor":3.0},{"not_picked":["Pommel Strike","Iron Wave"],"picked":"Warcry","floor":6.0},{"not_picked":["Feel No Pain","Combust"],"picked":"Pommel Strike","floor":8.0},{"not_picked":["Searing Blow","Clash","Sever Soul"],"picked":"SKIP","floor":10.0},{"not_picked":["Armaments","Clash"],"picked":"Infernal Blade","floor":12.0},{"not_picked":["Dark Embrace","Berserk"],"picked":"Reaper","floor":16.0},{"not_picked":["Perfected Strike","Shrug It Off"],"picked":"Blood for Blood","floor":17.0},{"not_picked":["Shrug It Off","Clothesline"],"picked":"Whirlwind","floor":17.0},{"not_picked":["Twin Strike","Shrug It Off"],"picked":"Spot Weakness","floor":17.0},{"not_picked":["Clothesline","Dropkick"],"picked":"Intimidate","floor":17.0},{"not_picked":["Clothesline","Anger"],"picked":"Clash","floor":18.0},{"not_picked":["Thunderclap","Sever Soul","True Grit+1"],"picked":"SKIP","floor":20.0},{"not_picked":["Heavy Blade+1","Bludgeon"],"picked":"Spot Weakness","floor":22.0},{"not_picked":["Warcry","Iron Wave"],"picked":"Pommel Strike","floor":24.0},{"not_picked":["Spot Weakness","Battle Trance"],"picked":"Flex","floor":31}],"player_experience":78591,"relics_obtained":[{"floor":6.0,"key":"Calipers"},{"floor":9.0,"key":"Potion Belt"},{"floor":26,"key":"Mercury Hourglass"}],"event_choices":[{"damage_healed":0.0,"max_hp_gain":0.0,"max_hp_loss":0.0,"gold_gain":0.0,"event_name":"Scrap Ooze","player_choice":"Success","floor":2.0,"gold_loss":0.0,"damage_taken":3.0,"relics_obtained":["Red Skull"]},{"damage_healed":0.0,"max_hp_gain":0.0,"max_hp_loss":0.0,"gold_gain":0.0,"event_name":"Golden Idol","player_choice":"Take Damage","floor":4.0,"gold_loss":0.0,"damage_taken":20.0,"relics_obtained":["Golden Idol"]},{"damage_healed":0.0,"max_hp_gain":0.0,"max_hp_loss":0.0,"gold_gain":0.0,"event_name":"Match and Keep!","player_choice":"2 cards matched","floor":7.0,"gold_loss":0.0,"damage_taken":0.0,"cards_obtained":["Exhume","Forethought"]},{"damage_healed":0.0,"max_hp_gain":5.0,"max_hp_loss":0.0,"gold_gain":0.0,"event_name":"Big Fish","player_choice":"Donut","floor":14.0,"gold_loss":0.0,"damage_taken":0.0},{"damage_healed":0.0,"max_hp_gain":0.0,"max_hp_loss":0.0,"gold_gain":0.0,"cards_transformed":["Strike_R"],"event_name":"Transmorgrifier","player_choice":"Transformed","floor":19.0,"gold_loss":0.0,"damage_taken":0.0,"cards_obtained":["Feel No Pain"]},{"damage_healed":0,"gold_gain":0,"player_choice":"Inject Mutagens","damage_taken":0,"relics_obtained":["MutagenicStrength"],"max_hp_gain":0,"max_hp_loss":0,"event_name":"Drug Dealer","floor":29,"gold_loss":0},{"cards_removed":["Strike_R"],"damage_healed":0,"gold_gain":0,"player_choice":"Gave Gold","damage_taken":0,"max_hp_gain":0,"max_hp_loss":0,"event_name":"Beggar","floor":30,"gold_loss":75}],"is_beta":false,"boss_relics":[{"not_picked":["Fusion Hammer","Tiny House"],"picked":"Orrery"}],"items_purged_floors":[5],"is_endless":false,"potions_floor_spawned":[3,8,10,16,18,24],"killed_by":"Champ","ascension_level":2}