{"gold_per_floor":[110,285,285,296,186,186,186,220,291,366,366,386,386,400,400,530,530,546,71,71,84,84,84,124,124,124,138,53,53,78,117,117,241,241,266,284,284,347,347,347,367,272,272,315,315,4,4,27,27,27],"floor_reached":51,"playtime":2891,"items_purged":["Pain","Doubt","Strike_G"],"score":1144,"play_id":"9bdf92ee-a522-4de3-818f-70a46ad02cf6","local_time":"20181209224419","is_ascension_mode":true,"campfire_choices":[{"data":"Cloak And Dagger","floor":6.0,"key":"SMITH"},{"floor":11.0,"key":"REST"},{"data":"Madness","floor":13.0,"key":"SMITH"},{"data":"Survivor","floor":15.0,"key":"SMITH"},{"floor":23.0,"key":"REST"},{"data":"Neutralize","floor":25.0,"key":"SMITH"},{"floor":32.0,"key":"REST"},{"floor":40.0,"key":"REST"},{"data":"Terror","floor":45.0,"key":"SMITH"},{"floor":47.0,"key":"REST"},{"floor":49,"key":"REST"}],"neow_cost":"NONE","seed_source_timestamp":831920927327,"circlet_count":0,"master_deck":["AscendersBane","Defend_G","Defend_G","Defend_G","Defend_G","Defend_G","Strike_G","Strike_G","Survivor+1","Neutralize+1","Madness+1","Quick Slash","Cloak And Dagger+1","Leg Sweep","Sucker Punch","Blur","After Image","Terror+1","Slice","Swift Strike","Blade Dance","Backflip","Footwork+1","Blade Dance","Deflect","Envenom+1","Slice","Noxious Fumes+1","Swift Strike","Dodge and Roll+1","Tools of the Trade+1","Dodge and Roll+1"],"special_seed":0,"relics":["Ring of the Serpent","WarpedTongs","Golden Idol","Ice Cream","Darkstone Periapt","WristBlade","Shuriken","Nilry\u0027s Codex","Frozen Egg 2","Ancient Tea Set","Bronze Scales","Happy Flower","Bird Faced Urn","Strawberry","Du-Vu Doll"],"potions_floor_usage":[50,50],"damage_taken":[{"damage":0.0,"enemies":"2 Louse","floor":1.0,"turns":3.0},{"damage":4.0,"enemies":"Cultist","floor":4.0,"turns":6.0},{"damage":20.0,"enemies":"3 Sentries","floor":8.0,"turns":10.0},{"damage":0.0,"enemies":"Jaw Worm","floor":12.0,"turns":5.0},{"damage":4.0,"enemies":"Blue Slaver","floor":14.0,"turns":5.0},{"damage":5.0,"enemies":"Hexaghost","floor":16.0,"turns":16.0},{"damage":0.0,"enemies":"Shell Parasite","floor":18.0,"turns":7.0},{"damage":9.0,"enemies":"Spheric Guardian","floor":21.0,"turns":4.0},{"damage":17.0,"enemies":"Slavers","floor":24.0,"turns":6.0},{"damage":0.0,"enemies":"Centurion and Healer","floor":27.0,"turns":6.0},{"damage":0.0,"enemies":"Shelled Parasite and Fungi","floor":30.0,"turns":5.0},{"damage":0.0,"enemies":"Gremlin Leader","floor":31.0,"turns":6.0},{"damage":44.0,"enemies":"Collector","floor":33.0,"turns":11.0},{"damage":4.0,"enemies":"3 Shapes","floor":35.0,"turns":5.0},{"damage":7.0,"enemies":"Orb Walker","floor":36.0,"turns":3.0},{"damage":26.0,"enemies":"2 Orb Walkers","floor":38.0,"turns":6.0},{"damage":5.0,"enemies":"Transient","floor":41.0,"turns":5.0},{"damage":7.0,"enemies":"Nemesis","floor":44.0,"turns":9.0},{"damage":17,"enemies":"Writhing Mass","floor":48,"turns":6},{"damage":50,"enemies":"Awakened One","floor":50,"turns":8}],"seed_played":"-6432923611899326129","potions_obtained":[{"floor":1.0,"key":"LiquidBronze"},{"floor":12.0,"key":"Dexterity Potion"},{"floor":24.0,"key":"Swift Potion"},{"floor":27.0,"key":"GhostInAJar"},{"floor":33.0,"key":"GhostInAJar"},{"floor":36.0,"key":"EssenceOfSteel"},{"floor":38.0,"key":"SteroidPotion"},{"floor":41.0,"key":"Fire Potion"},{"floor":48,"key":"PowerPotion"}],"is_trial":false,"path_per_floor":["M","?","?","M","$","R","?","E","T","?","R","M","R","M","R","B",null,"M","$","?","M","?","R","E","R","T","M","?","$","M","E","R","B",null,"M","M","?","?","?","R","M","$","T","E","R","$","R","M","R","B",null],"character_chosen":"THE_SILENT","items_purchased":["Leg Sweep","Shuriken","Slice","Swift Strike","Swift Strike","Tools of the Trade+1","SkillPotion"],"campfire_rested":6,"item_purchase_floors":[5,19,19,19,42,46,46],"current_hp_per_floor":[63,63,63,59,59,59,42,22,22,11,32,32,32,28,28,23,58,58,58,42,33,33,54,37,37,37,37,37,37,37,37,58,14,56,52,45,45,19,19,40,43,43,50,51,51,51,74,67,77,34],"gold":27,"neow_bonus":"RANDOM_COLORLESS","is_prod":false,"is_daily":false,"chose_seed":false,"campfire_upgraded":5,"win_rate":0,"timestamp":1544424259,"path_taken":["M","?","?","?","$","R","?","E","T","?","R","M","R","M","R","BOSS","M","$","?","M","?","R","E","R","T","M","?","?","M","E","R","BOSS","M","M","?","?","?","R","M","$","T","E","R","$","R","?","R","BOSS"],"build_version":"2018-12-06","purchased_purges":3,"victory":true,"max_hp_per_floor":[70,70,70,70,70,70,70,70,70,70,70,70,70,70,70,70,70,70,70,70,70,70,70,70,70,70,70,70,70,70,70,70,70,70,70,70,70,70,70,70,70,70,77,77,77,77,77,77,77,77],"card_choices":[{"not_picked":["Dagger Spray","Blade Dance"],"picked":"Quick Slash","floor":1.0},{"not_picked":["Poisoned Stab","Outmaneuver"],"picked":"Cloak And Dagger","floor":4.0},{"not_picked":["Acrobatics","Deadly Poison"],"picked":"Sucker Punch","floor":8.0},{"not_picked":["Sucker Punch","Heel Hook"],"picked":"Blur","floor":12.0},{"not_picked":["All Out Attack","Blur"],"picked":"Slice","floor":14.0},{"not_picked":["Tools of the Trade","Glass Knife"],"picked":"After Image","floor":16.0},{"not_picked":["Calculated Gamble","Prepared"],"picked":"Terror","floor":18.0},{"not_picked":["Eviscerate","Poisoned Stab","Dagger Spray"],"picked":"SKIP","floor":21.0},{"not_picked":["Reflex+1","Terror"],"picked":"Footwork","floor":24.0},{"not_picked":["PiercingWail","Skewer"],"picked":"Blade Dance","floor":27.0},{"not_picked":["Dodge and Roll","Outmaneuver","Poisoned Stab"],"picked":"SKIP","floor":30.0},{"not_picked":["Dodge and Roll","Outmaneuver","Poisoned Stab"],"picked":"SKIP","floor":30.0},{"not_picked":["Crippling Poison","Prepared+1"],"picked":"Deflect","floor":31.0},{"not_picked":["Night Terror","Die Die Die"],"picked":"Envenom+1","floor":33.0},{"not_picked":["Underhanded Strike","Flying Knee"],"picked":"Slice","floor":35.0},{"not_picked":["Dagger Throw+1","Prepared+1","Bane"],"picked":"SKIP","floor":36.0},{"not_picked":["Crippling Poison+1","Prepared"],"picked":"Noxious Fumes+1","floor":38.0},{"not_picked":["Deadly Poison","Quick Slash","Underhanded Strike+1"],"picked":"SKIP","floor":41.0},{"not_picked":["Flying Knee","Predator"],"picked":"Dodge and Roll+1","floor":44.0},{"not_picked":["Prepared","Skewer+1"],"picked":"Dodge and Roll+1","floor":48}],"player_experience":636964,"relics_obtained":[{"floor":8.0,"key":"Ice Cream"},{"floor":9.0,"key":"Darkstone Periapt"},{"floor":20.0,"key":"Nilry\u0027s Codex"},{"floor":24.0,"key":"Frozen Egg 2"},{"floor":26.0,"key":"Ancient Tea Set"},{"floor":31.0,"key":"Happy Flower"},{"floor":38.0,"key":"Bird Faced Urn"},{"floor":43.0,"key":"Strawberry"},{"floor":44.0,"key":"Du-Vu Doll"}],"event_choices":[{"damage_healed":0.0,"max_hp_gain":0.0,"max_hp_loss":0.0,"gold_gain":175.0,"event_name":"Liars Game","player_choice":"AGREE","floor":2.0,"gold_loss":0.0,"damage_taken":0.0,"cards_obtained":["Doubt"]},{"damage_healed":0.0,"max_hp_gain":0.0,"max_hp_loss":0.0,"gold_gain":0.0,"event_name":"Accursed Blacksmith","player_choice":"Rummage","floor":3.0,"gold_loss":0.0,"damage_taken":0.0,"relics_obtained":["WarpedTongs"],"cards_obtained":["Pain"]},{"damage_healed":0.0,"max_hp_gain":0.0,"max_hp_loss":0.0,"gold_gain":0.0,"event_name":"Golden Idol","player_choice":"Take Damage","floor":7.0,"gold_loss":0.0,"damage_taken":17.0,"relics_obtained":["Golden Idol"]},{"damage_healed":0.0,"max_hp_gain":0.0,"max_hp_loss":0.0,"gold_gain":75.0,"event_name":"World of Goop","player_choice":"Gather Gold","floor":10.0,"gold_loss":0.0,"damage_taken":11.0},{"damage_healed":0.0,"max_hp_gain":0.0,"max_hp_loss":0.0,"gold_gain":0.0,"event_name":"Cursed Tome","player_choice":"Obtained Book","floor":20.0,"gold_loss":0.0,"damage_taken":16.0},{"damage_healed":0.0,"max_hp_gain":0.0,"max_hp_loss":0.0,"gold_gain":0.0,"cards_transformed":["Strike_G","Strike_G"],"event_name":"Drug Dealer","player_choice":"Became Test Subject","floor":22.0,"gold_loss":0.0,"damage_taken":0.0,"cards_obtained":["Blade Dance","Backflip"]},{"damage_healed":0.0,"max_hp_gain":0.0,"max_hp_loss":0.0,"gold_gain":0.0,"event_name":"Addict","player_choice":"Obtained Relic","floor":28.0,"gold_loss":85.0,"damage_taken":0.0,"relics_obtained":["Bronze Scales"]},{"cards_removed":["Slice"],"damage_healed":0.0,"max_hp_gain":0.0,"max_hp_loss":0.0,"gold_gain":0.0,"event_name":"Falling","player_choice":"Removed Attack","floor":37.0,"gold_loss":0.0,"damage_taken":0.0},{"damage_healed":0.0,"max_hp_gain":0.0,"max_hp_loss":0.0,"gold_gain":0.0,"event_name":"Mysterious Sphere","player_choice":"Fight","floor":38.0,"gold_loss":0.0,"damage_taken":0.0},{"damage_healed":0.0,"max_hp_gain":0.0,"max_hp_loss":0.0,"gold_gain":0.0,"event_name":"Tomb of Lord Red Mask","player_choice":"Ignored","floor":39.0,"gold_loss":0.0,"damage_taken":0.0}],"is_beta":false,"boss_relics":[{"not_picked":["Orrery","HoveringKite"],"picked":"WristBlade"},{"not_picked":["White Beast Statue","Fusion Hammer"],"picked":"Ring of the Serpent"}],"items_purged_floors":[5,19,46],"is_endless":false,"potions_floor_spawned":[1,12,24,27,33,36,38,41,48],"ascension_level":12}