{"gold_per_floor":[112,128,145,160,177,177,177,187,233,244,262,272,201,217,217,321,321,331,350,369,380,334,334],"floor_reached":23,"playtime":2060,"items_purged":[],"score":193,"play_id":"810be311-345f-4bf6-87c9-0720a6ed4ce5","local_time":"20190213011853","is_ascension_mode":false,"campfire_choices":[{"data":"Bouncing Flask","floor":6,"key":"SMITH"},{"data":"Noxious Fumes","floor":15,"key":"SMITH"}],"neow_cost":"NONE","seed_source_timestamp":1145467033188734,"circlet_count":0,"master_deck":["Defend_G","Defend_G","Defend_G","Defend_G","Strike_G","Strike_G","Strike_G","Strike_G","Strike_G","Survivor","Neutralize","PiercingWail","Bouncing Flask+1","PiercingWail","Noxious Fumes+1","Well Laid Plans","Deadly Poison","Deadly Poison","Prepared"],"relics":["Ring of the Snake","Ancient Tea Set","Runic Pyramid"],"potions_floor_usage":[11],"damage_taken":[{"damage":2,"enemies":"Small Slimes","floor":1,"turns":6},{"damage":7,"enemies":"2 Louse","floor":2,"turns":3},{"damage":0,"enemies":"Cultist","floor":3,"turns":5},{"damage":19,"enemies":"Exordium Thugs","floor":4,"turns":8},{"damage":1,"enemies":"2 Fungi Beasts","floor":5,"turns":4},{"damage":3,"enemies":"Red Slaver","floor":8,"turns":5},{"damage":2,"enemies":"Looter","floor":10,"turns":3},{"damage":11,"enemies":"Exordium Wildlife","floor":11,"turns":7},{"damage":2,"enemies":"Blue Slaver","floor":12,"turns":3},{"damage":0,"enemies":"Gremlin Gang","floor":14,"turns":4},{"damage":8,"enemies":"Hexaghost","floor":16,"turns":8},{"damage":8,"enemies":"Shell Parasite","floor":18,"turns":6},{"damage":0,"enemies":"Spheric Guardian","floor":19,"turns":3},{"damage":12,"enemies":"Shelled Parasite and Fungi","floor":20,"turns":7},{"damage":10,"enemies":"Cultist and Chosen","floor":21,"turns":6},{"damage":49,"enemies":"Book of Stabbing","floor":23,"turns":5}],"seed_played":"-5638432864150209429","potions_obtained":[{"floor":1,"key":"SpeedPotion"},{"floor":4,"key":"Regen Potion"},{"floor":5,"key":"Swift Potion"},{"floor":10,"key":"Weak Potion"},{"floor":19,"key":"GamblersBrew"}],"is_trial":false,"path_per_floor":["M","M","M","M","M","R","?","M","T","M","M","M","$","M","R","B",null,"M","M","M","M","$","E"],"character_chosen":"THE_SILENT","items_purchased":["Noxious Fumes","Prepared"],"campfire_rested":0,"item_purchase_floors":[13,22],"current_hp_per_floor":[75,68,68,49,48,48,48,45,45,43,47,45,45,45,45,37,77,69,69,57,47,47,0],"gold":334,"neow_bonus":"TEN_PERCENT_HP_BONUS","is_prod":false,"is_daily":false,"chose_seed":false,"campfire_upgraded":2,"win_rate":0.0,"timestamp":1550049533,"path_taken":["M","M","M","M","M","R","?","M","T","M","M","M","$","M","R","BOSS","M","M","M","M","$","E"],"build_version":"2019-01-23","purchased_purges":0,"victory":false,"max_hp_per_floor":[77,77,77,77,77,77,77,77,77,77,77,77,77,77,77,77,77,77,77,77,77,77,77],"card_choices":[{"not_picked":["Dagger Throw","Underhanded Strike"],"picked":"PiercingWail","floor":1},{"not_picked":["Quick Slash","Expertise","Caltrops"],"picked":"SKIP","floor":2},{"not_picked":["Masterful Stab","Heel Hook","Infinite Blades"],"picked":"SKIP","floor":3},{"not_picked":["Poisoned Stab","Escape Plan"],"picked":"Bouncing Flask","floor":4},{"not_picked":["Flying Knee","Reflex","Cloak And Dagger"],"picked":"SKIP","floor":5},{"not_picked":["Blade Dance","Bane","Dodge and Roll"],"picked":"SKIP","floor":8},{"not_picked":["Underhanded Strike","Dodge and Roll"],"picked":"PiercingWail","floor":10},{"not_picked":["Poisoned Stab","PiercingWail","Infinite Blades"],"picked":"SKIP","floor":11},{"not_picked":["Underhanded Strike","Slice","Backflip"],"picked":"SKIP","floor":12},{"not_picked":["Calculated Gamble","Tactician"],"picked":"Well Laid Plans","floor":14},{"not_picked":["Outmaneuver","Prepared"],"picked":"Deadly Poison","floor":18},{"not_picked":["Sucker Punch","Acrobatics","Cloak And Dagger"],"picked":"SKIP","floor":19},{"not_picked":["All Out Attack+1","Flying Knee","PiercingWail"],"picked":"SKIP","floor":20},{"not_picked":["Slice+1","Outmaneuver"],"picked":"Deadly Poison","floor":21}],"player_experience":36893,"relics_obtained":[{"floor":9,"key":"Ancient Tea Set"}],"event_choices":[{"cards_removed":["Defend_G"],"damage_healed":0,"gold_gain":0,"player_choice":"Forget","damage_taken":0,"max_hp_gain":0,"max_hp_loss":0,"event_name":"Living Wall","floor":7,"gold_loss":0}],"is_beta":false,"boss_relics":[{"not_picked":["Cursed Key","Ring of the Serpent"],"picked":"Runic Pyramid"}],"items_purged_floors":[],"is_endless":false,"potions_floor_spawned":[1,4,5,10,19],"killed_by":"Book of Stabbing","ascension_level":0}