{"gold_per_floor":[113,129,147,147,157,186,186,217,272,301,315,315,334,346,346,451,451,467,477,497,64,84,117,117,117,143,143,162,261,296,296,296,296],"floor_reached":33,"playtime":2036,"items_purged":[],"score":365,"play_id":"b335f421-3196-40cd-b45d-32067aa21a18","local_time":"20180720113708","is_ascension_mode":true,"campfire_choices":[{"data":"Body Slam","floor":7,"key":"SMITH"},{"data":"Armaments","floor":12,"key":"SMITH"},{"floor":15,"key":"REST"},{"data":"Body Slam","floor":24,"key":"SMITH"},{"data":"Flex","floor":27,"key":"SMITH"},{"data":"Body Slam","floor":32,"key":"SMITH"}],"neow_cost":"","seed_source_timestamp":470888458581523,"circlet_count":0,"master_deck":["Strike_R","Strike_R","Strike_R","Strike_R","Defend_R","Defend_R","Defend_R","Defend_R","Bash","Armaments+1","Flex+1","Thunderclap","Body Slam+1","Pommel Strike","Impervious+1","Spot Weakness+1","Inflame+1","Disarm+1","Offering+1","Seeing Red+1","Anger+1","Shrug It Off+1","Juggernaut+1","Body Slam+1","Metallicize+1","Body Slam+1","Writhe"],"relics":["Burning Blood","Frozen Egg 2","Toxic Egg 2","Boot","Bag of Preparation","Coffee Dripper","Bottled Lightning","Juzu Bracelet","Smiling Mask","Vajra","Pear","Orichalcum"],"potions_floor_usage":[8,8,10,28,30,30],"damage_taken":[{"damage":14,"enemies":"Small Slimes","floor":1,"turns":5},{"damage":2,"enemies":"2 Louse","floor":2,"turns":4},{"damage":10,"enemies":"Jaw Worm","floor":3,"turns":6},{"damage":11,"enemies":"Looter","floor":5,"turns":4},{"damage":20,"enemies":"3 Sentries","floor":6,"turns":10},{"damage":27,"enemies":"Lagavulin","floor":8,"turns":8},{"damage":15,"enemies":"3 Sentries","floor":10,"turns":8},{"damage":8,"enemies":"Red Slaver","floor":11,"turns":4},{"damage":10,"enemies":"Lots of Slimes","floor":13,"turns":3},{"damage":0,"enemies":"3 Louse","floor":14,"turns":3},{"damage":10,"enemies":"Hexaghost","floor":16,"turns":13},{"damage":11,"enemies":"Chosen","floor":18,"turns":5},{"damage":5,"enemies":"Shell Parasite","floor":19,"turns":2},{"damage":24,"enemies":"Snake Plant","floor":20,"turns":4},{"damage":32,"enemies":"3 Cultists","floor":22,"turns":6},{"damage":9,"enemies":"Slavers","floor":23,"turns":6},{"damage":2,"enemies":"Snecko","floor":28,"turns":3},{"damage":20,"enemies":"Book of Stabbing","floor":30,"turns":4},{"damage":34,"enemies":"Champ","floor":33,"turns":8}],"seed_played":"8999170290261746279","potions_obtained":[{"floor":1,"key":"Weak Potion"},{"floor":5,"key":"Swift Potion"},{"floor":6,"key":"SkillPotion"},{"floor":16,"key":"Energy Potion"},{"floor":18,"key":"Poison Potion"},{"floor":20,"key":"Swift Potion"},{"floor":28,"key":"LiquidBronze"},{"floor":30,"key":"Fire Potion"}],"is_trial":false,"path_per_floor":["M","M","M","?","M","E","R","E","T","E","M","R","M","M","R","B",null,"M","M","M","$","M","E","R","?","T","R","M","?","E","?","R"],"character_chosen":"IRONCLAD","items_purchased":["Bottled Lightning","Juzu Bracelet","Shrug It Off+1"],"campfire_rested":1,"item_purchase_floors":[21,21,21],"current_hp_per_floor":[72,76,72,77,72,58,58,37,37,28,26,26,22,28,53,49,85,80,81,63,63,37,34,34,34,34,34,38,38,34,34,34,0],"gold":296,"neow_bonus":"","is_prod":false,"is_daily":false,"chose_seed":false,"campfire_upgraded":5,"win_rate":0,"timestamp":1532108228,"path_taken":["M","M","M","?","M","E","R","E","T","E","M","R","M","M","R","BOSS","M","M","M","$","M","E","R","?","T","R","M","?","E","?","R","BOSS"],"build_version":"2018-07-19v2","purchased_purges":0,"victory":false,"max_hp_per_floor":[80,80,80,85,85,85,85,85,85,85,85,85,85,85,85,85,85,85,85,85,85,85,85,85,85,85,85,85,85,95,95,95,95],"card_choices":[{"not_picked":["True Grit","Havoc"],"picked":"Armaments","floor":1},{"not_picked":["Iron Wave","Perfected Strike"],"picked":"Flex","floor":2},{"not_picked":["Reckless Charge","Pummel"],"picked":"Thunderclap","floor":3},{"not_picked":["Whirlwind","Cleave"],"picked":"Body Slam","floor":5},{"not_picked":["Combust","Clothesline"],"picked":"Pommel Strike","floor":6},{"not_picked":["Clothesline","Twin Strike"],"picked":"Impervious","floor":8},{"not_picked":["Evolve+1","Flame Barrier+1","Anger"],"picked":"SKIP","floor":10},{"not_picked":["Cleave","Searing Blow"],"picked":"Spot Weakness+1","floor":11},{"not_picked":["Havoc+1","Wild Strike"],"picked":"Inflame+1","floor":13},{"not_picked":["Warcry+1","Combust+1"],"picked":"Disarm+1","floor":14},{"not_picked":["Juggernaut+1","Dark Embrace+1"],"picked":"Offering+1","floor":16},{"not_picked":["Body Slam","Wild Strike"],"picked":"Seeing Red+1","floor":18},{"not_picked":["Clash","Cleave"],"picked":"Anger+1","floor":19},{"not_picked":["Blood for Blood","Thunderclap","Rampage"],"picked":"SKIP","floor":20},{"not_picked":["Headbutt","Wild Strike"],"picked":"Juggernaut+1","floor":22},{"not_picked":["Perfected Strike","Cleave"],"picked":"Body Slam","floor":23},{"not_picked":["Offering+1","Flex+1"],"picked":"Metallicize+1","floor":28},{"not_picked":["Cleave+1","True Grit+1"],"picked":"Body Slam","floor":30}],"player_experience":239217,"relics_obtained":[{"floor":6,"key":"Frozen Egg 2"},{"floor":8,"key":"Toxic Egg 2"},{"floor":9,"key":"Boot"},{"floor":10,"key":"Bag of Preparation"},{"floor":23,"key":"Smiling Mask"},{"floor":26,"key":"Vajra"},{"floor":30,"key":"Pear"}],"event_choices":[{"event_name":"Big Fish","player_choice":"Donut","floor":4,"damage_taken":0},{"event_name":"Bonfire Elementals","player_choice":"BASIC","floor":25,"damage_taken":0},{"event_name":"Nest","player_choice":"Stole From Cult","floor":29,"damage_taken":0},{"event_name":"The Mausoleum","player_choice":"Yes","floor":31,"damage_taken":0}],"is_beta":false,"boss_relics":[{"not_picked":["White Beast Statue","Busted Crown"],"picked":"Coffee Dripper"}],"items_purged_floors":[],"is_endless":false,"potions_floor_spawned":[1,5,6,16,18,20,28,30],"killed_by":"Champ","ascension_level":2}