{"gold_per_floor":[114,64,16,16,16,45,57,57,57,73,73,73,73,73,73,73],"floor_reached":16,"playtime":517,"items_purged":[],"score":120,"play_id":"5ae6f9b3-2225-4c3c-8255-14b7a7efbb2f","local_time":"20190312195422","is_ascension_mode":true,"campfire_choices":[{"floor":8,"key":"REST"},{"data":"Flame Barrier","floor":11,"key":"SMITH"},{"floor":15,"key":"REST"}],"neow_cost":"NONE","seed_source_timestamp":41696613206494,"circlet_count":0,"master_deck":["Strike_R","Strike_R","Strike_R","Defend_R","Defend_R","Defend_R","Defend_R","Bash","Feel No Pain","Armaments","Flame Barrier+1","Burning Pact"],"relics":["Burning Blood","Strawberry","Calipers","Omamori"],"potions_floor_usage":[6,16],"damage_taken":[{"damage":3,"enemies":"Jaw Worm","floor":1,"turns":6},{"damage":60,"enemies":"Lagavulin","floor":6,"turns":13},{"damage":4,"enemies":"Small Slimes","floor":7,"turns":4},{"damage":0,"enemies":"2 Louse","floor":10,"turns":3},{"damage":95,"enemies":"Slime Boss","floor":16,"turns":16}],"seed_played":"4694348839452355362","potions_obtained":[{"floor":1,"key":"SkillPotion"},{"floor":10,"key":"GamblersBrew"},{"floor":14,"key":"Strength Potion"},{"floor":14,"key":"SpeedPotion"}],"is_trial":false,"path_per_floor":["?","?","$","M","?","?","?"],"character_chosen":"IRONCLAD","items_purchased":["Armaments"],"campfire_rested":2,"item_purchase_floors":[3],"current_hp_per_floor":[80,80,80,85,85,38,40,67,67,73,73,73,73,73,92,0],"gold":73,"neow_bonus":"REMOVE_CARD","is_prod":false,"is_daily":false,"chose_seed":false,"campfire_upgraded":1,"win_rate":0,"timestamp":1552416862,"path_taken":["M","?","$","?","?","E","M","R","T","?","R","?","?","?","R","BOSS"],"build_version":"2019-01-23","purchased_purges":0,"victory":false,"max_hp_per_floor":[80,80,80,85,85,92,92,92,92,92,92,92,92,92,92,92],"card_choices":[{"not_picked":["Clothesline","Warcry"],"picked":"Feel No Pain","floor":1},{"not_picked":["Blood for Blood","Dropkick"],"picked":"Flame Barrier","floor":6},{"not_picked":["Bloodletting","Wild Strike","Rage"],"picked":"SKIP","floor":7},{"not_picked":["Combust","Wild Strike"],"picked":"Burning Pact","floor":10}],"player_experience":243535,"relics_obtained":[{"floor":6,"key":"Strawberry"},{"floor":9,"key":"Calipers"}],"event_choices":[{"cards_removed":["Strike_R"],"damage_healed":0,"gold_gain":0,"player_choice":"Card Removal","damage_taken":0,"max_hp_gain":0,"max_hp_loss":0,"event_name":"The Cleric","floor":2,"gold_loss":50},{"damage_healed":0,"gold_gain":0,"player_choice":"Donut","damage_taken":0,"max_hp_gain":5,"max_hp_loss":0,"event_name":"Big Fish","floor":4,"gold_loss":0},{"damage_healed":0,"gold_gain":0,"player_choice":"Ignored","damage_taken":0,"max_hp_gain":0,"max_hp_loss":0,"event_name":"Shining Light","floor":12,"gold_loss":0},{"damage_healed":0,"gold_gain":0,"player_choice":"Searched \u00271\u0027 times","damage_taken":0,"relics_obtained":["Omamori"],"max_hp_gain":0,"max_hp_loss":0,"event_name":"Dead Adventurer","floor":13,"gold_loss":0},{"damage_healed":0,"gold_gain":0,"player_choice":"Got Potions","damage_taken":0,"max_hp_gain":0,"max_hp_loss":0,"event_name":"Lab","floor":14,"gold_loss":0}],"is_beta":false,"boss_relics":[],"items_purged_floors":[],"is_endless":false,"potions_floor_spawned":[1,10],"killed_by":"Slime Boss","ascension_level":5}