{"gold_per_floor":[111,25,39,139,150,182,200,200,200,200,232,245,245,245,245,340,340,356,31,31,49,66,66,96,96],"floor_reached":25,"playtime":1319,"items_purged":["Defend_B"],"score":231,"play_id":"7adf271a-5cbc-4e6d-a0a1-ea6e78e16700","local_time":"20180825211112","is_ascension_mode":false,"campfire_choices":[{"floor":8,"key":"REST"},{"floor":10,"key":"REST"},{"floor":15,"key":"REST"},{"floor":23,"key":"REST"}],"neow_cost":"NONE","seed_source_timestamp":43848785063762,"circlet_count":0,"master_deck":["Strike_B","Strike_B","Strike_B","Strike_B","Defend_B","Defend_B","Defend_B","Zap","Dualcast","Beam Cell","Loop","Electrodynamics","Lockon","Doom and Gloom+1","BootSequence","Amplify","Redo","Parasite","Reboot","Regret","Pain","Writhe","Ball Lightning+1","Conserve Battery","Apotheosis","Beam Cell","Cold Snap","Redo+1","Capacitor+1","Echo Form"],"relics":["Cracked Core","Ancient Tea Set","Happy Flower","Pantograph","Unceasing Top","Calling Bell","Oddly Smooth Stone","Dodecahedron","Gambling Chip","Girya"],"potions_floor_usage":[22],"damage_taken":[{"damage":8,"enemies":"Jaw Worm","floor":1,"turns":3},{"damage":6,"enemies":"Cultist","floor":3,"turns":3},{"damage":5,"enemies":"Small Slimes","floor":5,"turns":3},{"damage":27,"enemies":"3 Sentries","floor":6,"turns":4},{"damage":15,"enemies":"Looter","floor":7,"turns":3},{"damage":24,"enemies":"Gremlin Nob","floor":11,"turns":4},{"damage":9,"enemies":"Exordium Wildlife","floor":12,"turns":2},{"damage":14,"enemies":"Slime Boss","floor":16,"turns":7},{"damage":25,"enemies":"Chosen","floor":18,"turns":5},{"damage":0,"enemies":"3 Byrds","floor":21,"turns":2},{"damage":15,"enemies":"3 Cultists","floor":22,"turns":3},{"damage":55,"enemies":"Book of Stabbing","floor":24,"turns":5},{"damage":3,"enemies":"Snake Plant","floor":25,"turns":1}],"seed_played":"-8514355020763094112","potions_obtained":[{"floor":3,"key":"Energy Potion"},{"floor":5,"key":"Dexterity Potion"},{"floor":21,"key":"LiquidBronze"},{"floor":22,"key":"Explosive Potion"}],"is_trial":false,"path_per_floor":["M","$","M","?","M","E","M","R","T","R","E","M","?","?","R","B",null,"M","$","?","M","M","R","E"],"character_chosen":"DEFECT","items_purchased":["Loop","FearPotion","Conserve Battery","Apotheosis","Beam Cell"],"campfire_rested":4,"item_purchase_floors":[2,2,19,19,19],"current_hp_per_floor":[67,67,61,61,56,29,14,36,36,58,34,25,25,43,65,61,75,50,50,50,50,35,57,2,0],"gold":96,"neow_bonus":"RANDOM_COMMON_RELIC","is_prod":false,"is_daily":false,"chose_seed":false,"campfire_upgraded":0,"win_rate":0.0,"timestamp":1535245872,"path_taken":["M","$","M","?","M","E","M","R","T","R","E","M","?","?","R","BOSS","M","?","?","M","?","R","E","M"],"build_version":"2018-08-23v2","purchased_purges":1,"victory":false,"max_hp_per_floor":[75,75,75,75,75,75,75,75,75,75,75,75,75,75,75,75,75,75,75,75,75,75,75,75,75],"card_choices":[{"not_picked":["Conserve Battery","Stack"],"picked":"Beam Cell","floor":1},{"not_picked":["Conserve Battery","Undo"],"picked":"Electrodynamics","floor":3},{"not_picked":["Gash","Go for the Eyes"],"picked":"Lockon","floor":5},{"not_picked":["Double Energy","FTL"],"picked":"Doom and Gloom","floor":6},{"not_picked":["Stack","Heatsinks"],"picked":"BootSequence","floor":7},{"not_picked":["BootSequence","Aggregate"],"picked":"Amplify","floor":11},{"not_picked":["Sweeping Beam","Cold Snap"],"picked":"Redo","floor":12},{"not_picked":["Electrodynamics","Buffer"],"picked":"Reboot","floor":16},{"not_picked":["Undo+1","Chill"],"picked":"Ball Lightning+1","floor":18},{"not_picked":["Storm+1","Heatsinks"],"picked":"Redo+1","floor":21},{"not_picked":["Barrage","Stack+1"],"picked":"Capacitor+1","floor":22},{"not_picked":["Compile Driver","Glacier"],"picked":"Echo Form","floor":24}],"player_experience":43521,"relics_obtained":[{"floor":6,"key":"Happy Flower"},{"floor":9,"key":"Pantograph"},{"floor":11,"key":"Unceasing Top"},{"floor":17,"key":"Oddly Smooth Stone"},{"floor":17,"key":"Dodecahedron"},{"floor":17,"key":"Gambling Chip"},{"floor":24,"key":"Girya"}],"event_choices":[{"event_name":"Golden Shrine","player_choice":"Pray","floor":4,"damage_taken":0},{"event_name":"Living Wall","player_choice":"Grow","floor":13,"damage_taken":0},{"event_name":"Mushrooms","player_choice":"Healed and dodged fight","floor":14,"damage_taken":0},{"event_name":"The Library","player_choice":"Read","floor":20,"damage_taken":0}],"is_beta":false,"boss_relics":[{"not_picked":["Sozu","Busted Crown"],"picked":"Calling Bell"}],"items_purged_floors":[19],"is_endless":false,"potions_floor_spawned":[3,5,7,11,21,22],"killed_by":"Snake Plant","ascension_level":0}