{"path_per_floor":["M","?","$","M","M","E","?","$","T","R","M","?","T","M","R","B",null,"M","?","M","$","?","R","M","R","T","R","M","R","?","E","R","B",null,"M","?","M","?","$","E","M","R","T","?","M","?","T","M","R","B"],"character_chosen":"DEFECT","items_purchased":["Rip and Tear","Capacitor","Capacitor","Double Energy","Energy Potion"],"gold_per_floor":[111,111,73,83,93,127,127,73,73,73,83,83,107,127,127,228,228,246,171,190,137,0,0,12,12,12,12,29,29,29,62,62,162,162,176,176,195,195,3,38,50,50,50,150,168,220,220,233,233,233],"floor_reached":51,"campfire_rested":6,"playtime":2122,"current_hp_per_floor":[80,80,80,73,73,47,40,40,40,40,31,31,31,28,52,14,65,28,28,9,9,9,33,9,33,33,57,57,57,57,33,57,37,71,61,61,49,70,70,78,71,71,71,71,65,52,52,22,46,16],"items_purged":["Writhe"],"gold":233,"score":854,"play_id":"4cb1ba97-e94a-45cd-ade2-ecd2b6085a5c","local_time":"20180512164748","is_prod":false,"is_daily":false,"chose_seed":false,"is_ascension_mode":true,"campfire_upgraded":3,"timestamp":1526161668,"path_taken":["M","?","$","?","M","E","?","$","T","R","M","?","?","M","R","BOSS","M","?","M","$","?","R","M","R","T","R","M","R","?","E","R","BOSS","M","?","M","?","$","E","M","R","T","?","M","?","?","M","R","BOSS"],"build_version":"2018-05-12","seed_source_timestamp":320552908201865,"purchased_purges":1,"victory":true,"master_deck":["Strike_B","Defend_B","Defend_B","Zap","Dualcast","Gash+1","Rip and Tear+1","Beam Cell","Genetic Algorithm","Defragment+1","Capacitor+1","Force Field","Melter","Biased Cognition+1","Coolheaded+1","Chaos+1","Undo+1","Streamline+1","Capacitor+1","Ball Lightning","Tempest","Electrodynamics+1","Loop+1","Self Repair+1","Storm+1","Steam Power+1","Steam+1","Secret Weapon","Double Energy+1","Double Energy+1","Static Discharge+1","Go for the Eyes+1","BootSequence+1"],"max_hp_per_floor":[82,82,82,82,82,82,82,82,82,82,82,82,82,82,82,82,82,82,82,82,82,82,82,82,82,82,82,82,82,82,82,82,82,82,82,82,82,82,82,82,82,82,82,82,82,82,82,82,82,82],"relics":["Cracked Core","Emotion Chip","Frozen Egg 2","Centennial Puzzle","Juzu Bracelet","Astrolabe","Bag of Preparation","Potion Belt","Orrery","Ancient Tea Set","Bottled Lightning","Ginger","Turnip"],"card_choices":[{"not_picked":["Cold Snap","Sunder"],"picked":"Gash","floor":1.0},{"not_picked":["Redo","Rebound"],"picked":"Beam Cell","floor":4.0},{"not_picked":["Axe Kick","Steam"],"picked":"Genetic Algorithm","floor":5.0},{"not_picked":["Leap","Hologram"],"picked":"Defragment","floor":6.0},{"not_picked":["Stack","Leap"],"picked":"Force Field","floor":11.0},{"not_picked":["Blizzard","Tempest"],"picked":"Melter","floor":14.0},{"not_picked":["Amplify","All For One"],"picked":"Biased Cognition+1","floor":16.0},{"not_picked":["Sunder","Reinforced Body","Melter+1"],"picked":"SKIP","floor":18.0},{"not_picked":["Scrape","Hologram"],"picked":"Streamline+1","floor":20.0},{"not_picked":["Beam Cell","Streamline","Leap"],"picked":"SKIP","floor":24.0},{"not_picked":["Skim","Sweeping Beam"],"picked":"Ball Lightning","floor":28.0},{"not_picked":["Hyperbeam","Scrape"],"picked":"Tempest","floor":31.0},{"not_picked":["Reboot","Meteor Strike"],"picked":"Electrodynamics+1","floor":33.0},{"not_picked":["Darkness","Turbo+1"],"picked":"Loop+1","floor":34.0},{"not_picked":["Skim","Leap"],"picked":"Self Repair+1","floor":34.0},{"not_picked":["Ball Lightning","Gash"],"picked":"Storm+1","floor":34.0},{"not_picked":["Steam","Streamline"],"picked":"Steam Power+1","floor":34.0},{"not_picked":["Rebound","Streamline"],"picked":"Steam+1","floor":35.0},{"not_picked":["Madness","Apotheosis"],"picked":"Secret Weapon","floor":36.0},{"not_picked":["Hologram+1","Coolheaded","Go for the Eyes"],"picked":"SKIP","floor":37.0},{"not_picked":["Hologram","Steam Power"],"picked":"Double Energy+1","floor":40.0},{"not_picked":["Go for the Eyes","Coolheaded"],"picked":"Static Discharge+1","floor":41.0},{"not_picked":["Turbo+1","Rebound"],"picked":"Go for the Eyes+1","floor":45.0},{"not_picked":["Cold Snap","Streamline"],"picked":"BootSequence+1","floor":46},{"not_picked":["Recycle","Auto Shields","Scrape"],"picked":"SKIP","floor":48}],"player_experience":106270,"potions_floor_usage":[48,50],"damage_taken":[{"damage":2.0,"enemies":"2 Louse","floor":1.0,"turns":3.0},{"damage":7.0,"enemies":"Jaw Worm","floor":4.0,"turns":2.0},{"damage":0.0,"enemies":"Cultist","floor":5.0,"turns":2.0},{"damage":26.0,"enemies":"Lagavulin","floor":6.0,"turns":6.0},{"damage":9.0,"enemies":"Red Slaver","floor":11.0,"turns":2.0},{"damage":3.0,"enemies":"Blue Slaver","floor":14.0,"turns":2.0},{"damage":38.0,"enemies":"Hexaghost","floor":16.0,"turns":8.0},{"damage":37.0,"enemies":"2 Thieves","floor":18.0,"turns":3.0},{"damage":27.0,"enemies":"3 Byrds","floor":20.0,"turns":4.0},{"damage":37.0,"enemies":"Snake Plant","floor":24.0,"turns":4.0},{"damage":14.0,"enemies":"Centurion and Healer","floor":28.0,"turns":7.0},{"damage":24.0,"enemies":"Book of Stabbing","floor":31.0,"turns":5.0},{"damage":47.0,"enemies":"Champ","floor":33.0,"turns":10.0},{"damage":20.0,"enemies":"3 Shapes","floor":35.0,"turns":3.0},{"damage":22.0,"enemies":"Flame Bruiser 1 Orb","floor":37.0,"turns":4.0},{"damage":2.0,"enemies":"Giant Head","floor":40.0,"turns":5.0},{"damage":17.0,"enemies":"Maw","floor":41.0,"turns":5.0},{"damage":6.0,"enemies":"Spire Growth","floor":45.0,"turns":3.0},{"damage":23,"enemies":"Mysterious Sphere","floor":46,"turns":4},{"damage":30,"enemies":"3 Darklings","floor":48,"turns":4},{"damage":37,"enemies":"Donu and Deca","floor":50,"turns":4}],"event_choices":[{"event_name":"Living Wall","player_choice":"Grow","floor":2.0,"damage_taken":0.0},{"event_name":"Scrap Ooze","player_choice":"success","floor":7.0,"damage_taken":7.0},{"event_name":"Purifier","player_choice":"One Purge","floor":12.0,"damage_taken":0.0},{"event_name":"Beggar","player_choice":"Gave Gold","floor":19.0,"damage_taken":0.0},{"event_name":"Masked Bandits","player_choice":"Paid Bandits 137 gold","floor":22.0,"damage_taken":0.0},{"event_name":"Addict","player_choice":"Ignored","floor":30.0,"damage_taken":0.0},{"event_name":"SensoryStone","player_choice":"Memory 1","floor":36.0,"damage_taken":0.0},{"event_name":"Winding Halls","player_choice":"Writhe","floor":38.0,"damage_taken":0.0},{"event_name":"Golden Shrine","player_choice":"Pray","floor":44.0,"damage_taken":0.0},{"event_name":"Mysterious Sphere","player_choice":"Fight","floor":46,"damage_taken":0}],"boss_relics":[],"potions_floor_spawned":[1,5,11,14,20,28,33,41,45,46,48],"seed_played":"-6903173155798598657","ascension_level":5,"is_trial":false}