{"gold_per_floor":[114,114,114,39,51,51,84,84,84,115,171,12,40,55,55,159,159,171,27,43,143,157,187,198,198,228,243,243,258,275,287,287,384,384,399,413,20,20,37,71,71,86,86,119,134,34,48,73,73,73],"floor_reached":51,"playtime":2467,"items_purged":["Normality","Strike_R"],"score":1075,"play_id":"38016c1e-e9db-41ac-9943-4f60b75ee30d","local_time":"20180815151649","is_ascension_mode":true,"campfire_choices":[{"data":"Bash","floor":6,"key":"SMITH"},{"data":"Infernal Blade","floor":8,"key":"SMITH"},{"data":"Whirlwind","floor":15,"key":"SMITH"},{"data":"Defend_R","floor":28,"key":"SMITH"},{"data":"Defend_R","floor":32,"key":"SMITH"},{"data":"Panache","floor":41,"key":"SMITH"},{"data":"Dark Embrace","floor":49,"key":"SMITH"}],"neow_cost":"NONE","seed_source_timestamp":2729721957961646,"circlet_count":0,"master_deck":["Strike_R","Strike_R","Strike_R","Strike_R","Defend_R+1","Defend_R+1","Defend_R+1","Defend_R+1","Bash+1","Clash","Cleave","Headbutt","Infernal Blade+1","Armaments+1","Armaments+1","Madness+1","Rage+1","Whirlwind+1","Shrug It Off+1","Reaper","Body Slam+1","Burning Pact+1","Warcry+1","Corruption+1","Seeing Red+1","Reaper","Flex+1","Spot Weakness+1","Dark Embrace+1","Panache+1","Apotheosis+1","Transmutation+1","Dramatic Entrance"],"relics":["Burning Blood","Matryoshka","Potion Belt","Toxic Egg 2","Anchor","Paper Frog","Art of War","Red Skull","Coffee Dripper","Oddly Smooth Stone","Bronze Scales","Enchiridion","Boot","Tiny Chest","Busted Crown","Medical Kit","Orichalcum","Happy Flower","Bottled Lightning","War Paint"],"potions_floor_usage":[7,7,11,11,13,16,29,29,31,42,45,47,50,50,50,50,50,50,50,50],"damage_taken":[{"damage":0,"enemies":"2 Louse","floor":1,"turns":2},{"damage":6,"enemies":"Cultist","floor":5,"turns":3},{"damage":35,"enemies":"Lagavulin","floor":7,"turns":4},{"damage":5,"enemies":"3 Sentries","floor":10,"turns":4},{"damage":16,"enemies":"Lagavulin Event","floor":11,"turns":4},{"damage":8,"enemies":"Gremlin Nob","floor":13,"turns":4},{"damage":0,"enemies":"Small Slimes","floor":14,"turns":1},{"damage":31,"enemies":"Hexaghost","floor":16,"turns":8},{"damage":17,"enemies":"Shell Parasite","floor":18,"turns":5},{"damage":6,"enemies":"2 Thieves","floor":20,"turns":4},{"damage":17,"enemies":"Snake Plant","floor":22,"turns":4},{"damage":29,"enemies":"Book of Stabbing","floor":23,"turns":5},{"damage":30,"enemies":"Snecko","floor":24,"turns":5},{"damage":0,"enemies":"Chosen and Byrds","floor":27,"turns":5},{"damage":0,"enemies":"Centurion and Healer","floor":29,"turns":3},{"damage":0,"enemies":"Snecko","floor":30,"turns":4},{"damage":28,"enemies":"Sentry and Sphere","floor":31,"turns":4},{"damage":12,"enemies":"Champ","floor":33,"turns":5},{"damage":19,"enemies":"Flame Bruiser 1 Orb","floor":35,"turns":5},{"damage":6,"enemies":"3 Shapes","floor":36,"turns":4},{"damage":34,"enemies":"Maw","floor":39,"turns":7},{"damage":0,"enemies":"Giant Head","floor":40,"turns":4},{"damage":13,"enemies":"Transient","floor":42,"turns":5},{"damage":0,"enemies":"2 Orb Walkers","floor":44,"turns":1},{"damage":0,"enemies":"3 Darklings","floor":45,"turns":1},{"damage":19,"enemies":"Sphere and 2 Shapes","floor":47,"turns":4},{"damage":2,"enemies":"Nemesis","floor":48,"turns":3},{"damage":121,"enemies":"Time Eater","floor":50,"turns":9}],"seed_played":"-4324000669625250774","potions_obtained":[{"floor":3,"key":"SmokeBomb"},{"floor":3,"key":"Strength Potion"},{"floor":3,"key":"FearPotion"},{"floor":5,"key":"Fire Potion"},{"floor":7,"key":"LiquidBronze"},{"floor":10,"key":"Block Potion"},{"floor":11,"key":"Block Potion"},{"floor":20,"key":"Block Potion"},{"floor":23,"key":"SkillPotion"},{"floor":24,"key":"SteroidPotion"},{"floor":29,"key":"Weak Potion"},{"floor":31,"key":"SteroidPotion"},{"floor":35,"key":"GamblersBrew"},{"floor":40,"key":"Poison Potion"},{"floor":42,"key":"EntropicBrew"},{"floor":44,"key":"BloodPotion"}],"is_trial":false,"path_per_floor":["M","?","?","$","M","R","E","R","T","E","?","$","E","M","R","B",null,"M","$","M","?","M","E","M","?","T","M","R","M","M","M","R","B",null,"M","M","$","?","M","E","R","M","T","E","M","$","M","E","R","B"],"character_chosen":"IRONCLAD","items_purchased":["Madness+1","Rage+1","Oddly Smooth Stone","Panache","Medical Kit"],"campfire_rested":0,"item_purchase_floors":[12,12,19,37,37],"current_hp_per_floor":[80,80,80,80,80,80,51,51,51,52,42,42,40,46,46,21,80,69,69,77,77,66,43,31,15,15,29,29,53,64,42,42,64,80,70,80,80,70,56,80,80,73,73,79,80,80,75,80,80,12],"gold":73,"neow_bonus":"THREE_CARDS","is_prod":false,"is_daily":false,"chose_seed":false,"campfire_upgraded":7,"win_rate":0,"timestamp":1534367809,"path_taken":["M","?","?","$","M","R","E","R","T","E","?","$","E","?","R","BOSS","M","$","M","?","M","E","M","?","T","?","R","M","M","M","R","BOSS","M","M","$","?","M","E","R","M","T","E","M","$","M","E","R","BOSS"],"build_version":"2018-08-09","purchased_purges":2,"victory":true,"max_hp_per_floor":[80,80,80,80,80,80,80,80,80,80,80,80,80,80,80,80,80,80,80,80,80,80,80,80,80,80,80,80,80,80,80,80,80,80,80,80,80,80,80,80,80,80,80,80,80,80,80,80,80,80],"card_choices":[{"not_picked":["Warcry","Pommel Strike"],"picked":"Clash","floor":0},{"not_picked":["Warcry","True Grit"],"picked":"Cleave","floor":1},{"not_picked":["Reckless Charge","Sword Boomerang"],"picked":"Headbutt","floor":5},{"not_picked":["Body Slam","Twin Strike"],"picked":"Infernal Blade","floor":7},{"not_picked":["Power Through+1","Rage+1"],"picked":"Armaments+1","floor":10},{"not_picked":["Rage+1","Twin Strike"],"picked":"Armaments+1","floor":11},{"not_picked":["Warcry+1","Disarm+1"],"picked":"Whirlwind","floor":13},{"not_picked":["Headbutt","Warcry+1"],"picked":"Shrug It Off+1","floor":14},{"not_picked":["Immolate","Brutality"],"picked":"Reaper","floor":16},{"not_picked":["Shrug It Off+1","Twin Strike+1"],"picked":"Body Slam+1","floor":18},{"not_picked":["Blood for Blood+1","Fire Breathing"],"picked":"Burning Pact+1","floor":20},{"not_picked":["Sever Soul","Sword Boomerang"],"picked":"Warcry+1","floor":22},{"not_picked":["Wild Strike","Body Slam"],"picked":"Corruption+1","floor":23},{"not_picked":["Perfected Strike","Metallicize"],"picked":"Seeing Red+1","floor":24},{"not_picked":["Heavy Blade","Headbutt+1"],"picked":"Reaper","floor":27},{"not_picked":["Clothesline","Perfected Strike+1"],"picked":"Flex+1","floor":29},{"not_picked":["Heavy Blade","Headbutt","True Grit+1"],"picked":"SKIP","floor":30},{"not_picked":["True Grit+1","Body Slam"],"picked":"Spot Weakness+1","floor":31},{"not_picked":["Feed","Exhume+1"],"picked":"Dark Embrace","floor":33},{"not_picked":["Warcry+1"],"picked":"SKIP","floor":35},{"not_picked":["Hemokinesis"],"picked":"SKIP","floor":36},{"not_picked":[],"picked":"Apotheosis+1","floor":38},{"not_picked":[],"picked":"Transmutation+1","floor":38},{"not_picked":[],"picked":"Dramatic Entrance","floor":38},{"not_picked":["Clash"],"picked":"SKIP","floor":39},{"not_picked":["Iron Wave"],"picked":"SKIP","floor":40},{"not_picked":["Headbutt"],"picked":"SKIP","floor":42},{"not_picked":["Headbutt"],"picked":"SKIP","floor":44},{"not_picked":["Clash"],"picked":"SKIP","floor":45},{"not_picked":["Flame Barrier+1"],"picked":"SKIP","floor":47},{"not_picked":["Shrug It Off+1"],"picked":"SKIP","floor":48}],"player_experience":391316,"relics_obtained":[{"floor":7,"key":"Potion Belt"},{"floor":9,"key":"Toxic Egg 2"},{"floor":9,"key":"Anchor"},{"floor":10,"key":"Paper Frog"},{"floor":11,"key":"Art of War"},{"floor":13,"key":"Red Skull"},{"floor":23,"key":"Bronze Scales"},{"floor":25,"key":"Enchiridion"},{"floor":26,"key":"Boot"},{"floor":26,"key":"Tiny Chest"},{"floor":40,"key":"Orichalcum"},{"floor":43,"key":"Happy Flower"},{"floor":44,"key":"Bottled Lightning"},{"floor":48,"key":"War Paint"}],"event_choices":[{"event_name":"Accursed Blacksmith","player_choice":"Rummage","floor":2,"damage_taken":0},{"event_name":"The Lab","player_choice":"Got Potions","floor":3,"damage_taken":0},{"event_name":"Dead Adventurer","player_choice":"Searched \u00272\u0027 times","floor":11,"damage_taken":0},{"event_name":"Golden Shrine","player_choice":"Pray","floor":21,"damage_taken":0},{"event_name":"Cursed Tome","player_choice":"Obtained Book","floor":25,"damage_taken":0},{"event_name":"SensoryStone","player_choice":"Memory 3","floor":38,"damage_taken":0}],"is_beta":false,"boss_relics":[{"not_picked":["Orrery","Fusion Hammer"],"picked":"Coffee Dripper"},{"not_picked":["Snecko Eye","Black Blood"],"picked":"Busted Crown"}],"items_purged_floors":[4,46],"is_endless":false,"potions_floor_spawned":[5,7,10,11,20,23,24,29,31,35,40,42,44],"ascension_level":4}