{"gold_per_floor":[113,288,303,228,228,260,260,288,315,330,344,309,309,26,26,121,121,137,150,65,65,65,89,101,113,176,200,212,224,265,295,307,419,431,456,483,1494,1522,1534,1546,1208,1232,1258,1272,1272],"floor_reached":45,"playtime":1872,"items_purged":["Doubt"],"score":811,"play_id":"a9bb0e95-e2b1-40e2-af4d-fdda314e3f0c","local_time":"20190316223808","is_ascension_mode":true,"campfire_choices":[{"data":"Zap","floor":7.0,"key":"SMITH"},{"data":"Defragment","floor":13.0,"key":"SMITH"},{"data":"Tempest","floor":15.0,"key":"SMITH"},{"data":"White Noise","floor":24.0,"key":"SMITH"},{"floor":32.0,"key":"REST"},{"data":"Rainbow","floor":40.0,"key":"SMITH"}],"neow_cost":"NONE","seed_source_timestamp":44578930259227,"circlet_count":0,"master_deck":["Strike_B+1","Strike_B+1","Strike_B+1","Defend_B+1","Defend_B+1","Defend_B+1","Defend_B+1","Zap+1","Dualcast","Conserve Battery","Defragment+1","Darkness","Tempest+1","Blind","Rainbow+1","Doubt","Doubt","Shame","White Noise+1","Auto Shields","Reprogram","Sweeping Beam+1","Seek","Barrage","Consume","Barrage+1","All For One","Rip and Tear+1","Heatsinks+1","Normality","Normality","Conserve Battery+1","Thinking Ahead","Mind Blast","Storm","Chaos+1"],"special_seed":0,"relics":["Cracked Core","NeowsBlessing","Blue Candle","Whetstone","Odd Mushroom","Dream Catcher","Runic Capacitor","Calling Bell","War Paint","Mummified Hand","Emotion Chip","Mercury Hourglass","MawBank","Oddly Smooth Stone","Torii","Nuclear Battery","Orichalcum","Smiling Mask"],"potions_floor_usage":[45],"damage_taken":[{"damage":0.0,"enemies":"Cultist","floor":1.0,"turns":1.0},{"damage":0.0,"enemies":"Jaw Worm","floor":3.0,"turns":1.0},{"damage":0.0,"enemies":"3 Sentries","floor":6.0,"turns":1.0},{"damage":10.0,"enemies":"The Mushroom Lair","floor":8.0,"turns":4.0},{"damage":0.0,"enemies":"Small Slimes","floor":10.0,"turns":3.0},{"damage":5.0,"enemies":"Blue Slaver","floor":11.0,"turns":3.0},{"damage":25.0,"enemies":"The Guardian","floor":16.0,"turns":8.0},{"damage":4.0,"enemies":"Spheric Guardian","floor":18.0,"turns":3.0},{"damage":10.0,"enemies":"Shell Parasite","floor":19.0,"turns":6.0},{"damage":2.0,"enemies":"Snecko","floor":27.0,"turns":4.0},{"damage":11.0,"enemies":"Gremlin Leader","floor":30.0,"turns":5.0},{"damage":9.0,"enemies":"Centurion and Healer","floor":31.0,"turns":5.0},{"damage":57.0,"enemies":"Collector","floor":33.0,"turns":9.0},{"damage":0.0,"enemies":"Orb Walker","floor":35.0,"turns":3.0},{"damage":28.0,"enemies":"3 Darklings","floor":36.0,"turns":4.0},{"damage":2.0,"enemies":"4 Shapes","floor":38.0,"turns":5.0},{"damage":15,"enemies":"Transient","floor":44,"turns":5},{"damage":11,"enemies":"Nemesis","floor":45,"turns":3}],"seed_played":"4208521651422170981","potions_obtained":[{"floor":3.0,"key":"Dexterity Potion"},{"floor":6.0,"key":"Dexterity Potion"},{"floor":11.0,"key":"Weak Potion"},{"floor":19.0,"key":"Regen Potion"},{"floor":33.0,"key":"Poison Potion"},{"floor":35.0,"key":"AttackPotion"},{"floor":36.0,"key":"PowerPotion"}],"is_trial":false,"path_per_floor":["M","?","M","$","?","E","R","?","T","M","M","?","R","$","R","B",null,"M","M","?","?","?","T","R","$","T","M","$","?","E","M","R","B",null,"M","M","?","M","?","R","$","T","T","M","E"],"character_chosen":"DEFECT","items_purchased":["Runic Capacitor","Blind","Thinking Ahead","Mind Blast","Storm"],"campfire_rested":1,"item_purchase_floors":[14,14,41,41,41],"current_hp_per_floor":[68,68,68,68,61,61,61,51,51,51,46,64,64,64,64,39,66,62,52,52,52,52,52,52,52,52,62,62,62,51,42,64,7,58,58,30,30,28,28,28,28,28,28,13,2],"gold":1272,"neow_bonus":"THREE_ENEMY_KILL","is_prod":false,"is_daily":false,"chose_seed":false,"campfire_upgraded":5,"win_rate":0,"timestamp":1552793888,"path_taken":["M","?","M","$","?","E","R","?","T","?","M","?","R","$","R","BOSS","M","M","?","?","?","?","R","$","T","M","$","?","E","M","R","BOSS","M","M","?","M","?","R","$","?","T","M","E"],"build_version":"2019-01-23","purchased_purges":1,"victory":false,"max_hp_per_floor":[75,75,75,75,75,75,75,75,75,75,75,75,75,75,75,75,75,75,75,75,75,75,75,75,75,75,75,75,75,75,75,75,75,75,75,75,75,75,75,75,75,75,75,75,75],"card_choices":[{"not_picked":["Compile Driver","Leap"],"picked":"Conserve Battery","floor":1.0},{"not_picked":["Barrage","Fusion"],"picked":"Go for the Eyes","floor":3.0},{"not_picked":["Gash","Rebound"],"picked":"Beam Cell","floor":6.0},{"not_picked":["Steam","Stack"],"picked":"Defragment","floor":8.0},{"not_picked":["Machine Learning","Go for the Eyes"],"picked":"Darkness","floor":10.0},{"not_picked":["Beam Cell","Skim"],"picked":"Tempest","floor":11.0},{"not_picked":["Machine Learning","Meteor Strike"],"picked":"Rainbow","floor":16.0},{"not_picked":["Gash+1","Steam","Scrape+1"],"picked":"SKIP","floor":18.0},{"not_picked":["Sweeping Beam","Skim"],"picked":"White Noise","floor":19.0},{"not_picked":["Compile Driver+1","Stack"],"picked":"Sweeping Beam+1","floor":27.0},{"not_picked":["Ball Lightning+1","Machine Learning"],"picked":"Barrage","floor":30.0},{"not_picked":["Conserve Battery+1","Compile Driver"],"picked":"Consume","floor":31.0},{"not_picked":["Sweeping Beam","Ball Lightning"],"picked":"Barrage+1","floor":32.0},{"not_picked":["Meteor Strike","Rainbow"],"picked":"All For One","floor":33.0},{"not_picked":["Tempest+1","Stack"],"picked":"Rip and Tear+1","floor":35.0},{"not_picked":["Reprogram+1","Steam+1"],"picked":"Heatsinks+1","floor":36.0},{"not_picked":["Stack","Sweeping Beam+1"],"picked":"Conserve Battery+1","floor":38.0},{"not_picked":["Stack","Fusion+1"],"picked":"Chaos+1","floor":44}],"player_experience":552430,"relics_obtained":[{"floor":6.0,"key":"Whetstone"},{"floor":8.0,"key":"Odd Mushroom"},{"floor":9.0,"key":"Dream Catcher"},{"floor":17.0,"key":"War Paint"},{"floor":17.0,"key":"Mummified Hand"},{"floor":17.0,"key":"Emotion Chip"},{"floor":23.0,"key":"MawBank"},{"floor":26.0,"key":"Oddly Smooth Stone"},{"floor":30.0,"key":"Torii"},{"floor":42.0,"key":"Orichalcum"},{"floor":43.0,"key":"Smiling Mask"}],"event_choices":[{"damage_healed":0.0,"max_hp_gain":0.0,"max_hp_loss":0.0,"gold_gain":175.0,"event_name":"Liars Game","player_choice":"AGREE","floor":2.0,"gold_loss":0.0,"damage_taken":0.0,"cards_obtained":["Doubt"]},{"damage_healed":0.0,"max_hp_gain":0.0,"max_hp_loss":0.0,"gold_gain":0.0,"event_name":"Scrap Ooze","player_choice":"Success","floor":5.0,"gold_loss":0.0,"damage_taken":7.0,"relics_obtained":["Blue Candle"]},{"damage_healed":0.0,"max_hp_gain":0.0,"max_hp_loss":0.0,"gold_gain":0.0,"event_name":"Mushrooms","player_choice":"Fought Mushrooms","floor":8.0,"gold_loss":0.0,"damage_taken":0.0},{"damage_healed":18.0,"max_hp_gain":0.0,"max_hp_loss":0.0,"gold_gain":0.0,"event_name":"The Cleric","player_choice":"Healed","floor":12.0,"gold_loss":35.0,"damage_taken":0.0},{"damage_healed":0.0,"max_hp_gain":0.0,"max_hp_loss":0.0,"gold_gain":0.0,"event_name":"Addict","player_choice":"Obtained Relic","floor":20.0,"gold_loss":85.0,"damage_taken":0.0,"relics_obtained":["Mercury Hourglass"]},{"damage_healed":0.0,"max_hp_gain":0.0,"max_hp_loss":0.0,"gold_gain":0.0,"event_name":"Back to Basics","player_choice":"Simplicity","floor":21.0,"gold_loss":0.0,"damage_taken":0.0,"cards_upgraded":["Strike_B","Strike_B","Defend_B","Defend_B"]},{"damage_healed":0.0,"max_hp_gain":0.0,"max_hp_loss":0.0,"gold_gain":0.0,"cards_transformed":["Beam Cell","Go for the Eyes"],"event_name":"Drug Dealer","player_choice":"Became Test Subject","floor":22.0,"gold_loss":0.0,"damage_taken":0.0,"cards_obtained":["Auto Shields","Reprogram"]},{"damage_healed":0.0,"max_hp_gain":0.0,"max_hp_loss":0.0,"gold_gain":0.0,"event_name":"The Library","player_choice":"Read","floor":29.0,"gold_loss":0.0,"damage_taken":0.0,"cards_obtained":["Seek"]},{"damage_healed":0.0,"max_hp_gain":0.0,"max_hp_loss":0.0,"gold_gain":999.0,"event_name":"MindBloom","player_choice":"Gold","floor":37.0,"gold_loss":0.0,"damage_taken":0.0,"cards_obtained":["Normality","Normality"]},{"cards_removed":["Strike_B"],"damage_healed":0.0,"max_hp_gain":0.0,"max_hp_loss":0.0,"gold_gain":0.0,"event_name":"Falling","player_choice":"Removed Attack","floor":39.0,"gold_loss":0.0,"damage_taken":0.0}],"is_beta":false,"boss_relics":[{"not_picked":["Orrery","Astrolabe"],"picked":"Calling Bell"},{"not_picked":["Sozu","Tiny House"],"picked":"Nuclear Battery"}],"items_purged_floors":[4],"is_endless":false,"potions_floor_spawned":[3,6,11,19,33,35,36],"killed_by":"Nemesis","ascension_level":8}