{"gold_per_floor":[111,125,145,145,170,211,223,235,247,283,318,355,386,34,34,154,154,175,198,198,198,213,213,213,213,213,290,313,28,28,53,53,184,184,199,217,342,342,368,368,1,44,98,98,117,117,173,173],"floor_reached":48,"playtime":3895,"items_purged":[],"score":562,"play_id":"aff1aff5-b3be-4dd0-a9b4-dd939010b3e1","local_time":"20190130133243","is_ascension_mode":false,"campfire_choices":[{"floor":8.0,"key":"REST"},{"floor":15.0,"key":"REST"},{"floor":23.0,"key":"REST"},{"floor":30.0,"key":"REST"},{"floor":32.0,"key":"REST"},{"floor":40,"key":"REST"},{"floor":44,"key":"REST"}],"neow_cost":"NONE","seed_source_timestamp":0,"circlet_count":0,"master_deck":["Strike_B","Strike_B","Strike_B","Defend_B","Defend_B","Defend_B","Defend_B","Zap","Dualcast","Defragment","Coolheaded","Redo","Hello World","Reprogram","Ball Lightning","Electrodynamics","Coolheaded","Storm","Multi-Cast","Sweeping Beam+1","Gash","Beam Cell+1","Loop","Redo+1","Stack","Thunder Strike","Redo+1","Echo Form","Fusion+1","Swift Strike","Lockon","Auto Shields","Barrage","Go for the Eyes+1","Fusion","Scrape","Lockon+1"],"special_seed":0,"relics":["Cracked Core","NeowsBlessing","Golden Idol","MawBank","Centennial Puzzle","Regal Pillow","Medical Kit","Sozu","MutagenicStrength","Unceasing Top","Mango","Kunai","StoneCalendar","Nuclear Battery","Peace Pipe","Juzu Bracelet","Membership Card","Orichalcum","Dodecahedron","Bag of Preparation","Thread and Needle"],"potions_floor_usage":[],"damage_taken":[{"damage":0.0,"enemies":"2 Louse","floor":1.0,"turns":1.0},{"damage":0.0,"enemies":"Jaw Worm","floor":2.0,"turns":1.0},{"damage":0.0,"enemies":"Cultist","floor":3.0,"turns":1.0},{"damage":25.0,"enemies":"Gremlin Gang","floor":5.0,"turns":5.0},{"damage":25.0,"enemies":"Gremlin Nob","floor":6.0,"turns":4.0},{"damage":21.0,"enemies":"Lots of Slimes","floor":10.0,"turns":3.0},{"damage":10.0,"enemies":"3 Louse","floor":11.0,"turns":3.0},{"damage":4.0,"enemies":"Looter","floor":12.0,"turns":3.0},{"damage":5.0,"enemies":"Blue Slaver","floor":13.0,"turns":3.0},{"damage":37.0,"enemies":"Hexaghost","floor":16.0,"turns":10.0},{"damage":10.0,"enemies":"Chosen","floor":18.0,"turns":4.0},{"damage":7.0,"enemies":"3 Byrds","floor":19.0,"turns":2.0},{"damage":32.0,"enemies":"Centurion and Healer","floor":22.0,"turns":3.0},{"damage":31.0,"enemies":"Chosen and Byrds","floor":28.0,"turns":6.0},{"damage":32.0,"enemies":"Snake Plant","floor":31.0,"turns":3.0},{"damage":59,"enemies":"Champ","floor":33,"turns":11},{"damage":14,"enemies":"3 Darklings","floor":35,"turns":2},{"damage":37,"enemies":"3 Shapes","floor":36,"turns":2},{"damage":6,"enemies":"Mind Bloom Boss Battle","floor":37,"turns":6},{"damage":41,"enemies":"Nemesis","floor":42,"turns":5},{"damage":22,"enemies":"Jaw Worm Horde","floor":45,"turns":3},{"damage":40,"enemies":"2 Orb Walkers","floor":47,"turns":5},{"damage":20,"enemies":"Maw","floor":48,"turns":4}],"seed_played":"7423610504060520391","potions_obtained":[{"floor":3.0,"key":"AttackPotion"},{"floor":5.0,"key":"Energy Potion"},{"floor":6.0,"key":"GamblersBrew"},{"floor":10.0,"key":"Fruit Juice"},{"floor":11.0,"key":"Weak Potion"},{"floor":13.0,"key":"EssenceOfSteel"}],"is_trial":false,"path_per_floor":["?","$","?","?","T","?","T","M","M","M","?","?","T","?","?"],"character_chosen":"DEFECT","items_purchased":["Regal Pillow","Medical Kit","StoneCalendar","Membership Card","Orichalcum","Lockon","Auto Shields","Barrage"],"campfire_rested":7,"item_purchase_floors":[14,14,29,41,41,41,41,41],"current_hp_per_floor":[75,75,75,69,44,19,19,39,39,18,13,9,4,4,41,4,74,64,57,57,57,25,62,62,62,76,76,45,45,86,54,88,29,88,74,37,31,31,31,72,72,31,31,72,50,50,10,0],"gold":173,"neow_bonus":"THREE_ENEMY_KILL","is_prod":false,"is_daily":false,"chose_seed":false,"campfire_upgraded":0,"win_rate":0.0,"timestamp":1548851563,"path_taken":["M","M","M","?","M","E","$","R","T","M","M","M","M","?","R","BOSS","M","M","?","?","M","R","?","?","T","?","?","$","R","?","R","BOSS","M","?","?","?","?","R","$","E","T","R","M","?","?","M"],"build_version":"2019-01-23","purchased_purges":0,"victory":false,"max_hp_per_floor":[75,75,75,69,69,69,69,69,69,69,74,74,74,74,74,74,74,74,74,74,74,74,74,74,74,88,88,88,88,88,88,88,88,88,88,88,88,88,88,88,88,88,88,88,88,88,88,88],"card_choices":[{"not_picked":["Coolheaded","Steam"],"picked":"Defragment","floor":1.0},{"not_picked":["Scrape","Steam"],"picked":"Coolheaded","floor":2.0},{"not_picked":["Amplify","Turbo"],"picked":"Redo","floor":3.0},{"not_picked":["Force Field","Consume"],"picked":"Hello World","floor":5.0},{"not_picked":["Defragment","Tempest"],"picked":"Reprogram","floor":6.0},{"not_picked":["Leap","Heatsinks"],"picked":"Ball Lightning","floor":10.0},{"not_picked":["Defragment","Compile Driver"],"picked":"Electrodynamics","floor":11.0},{"not_picked":["Storm","Heatsinks"],"picked":"Coolheaded","floor":12.0},{"not_picked":["Hologram","Barrage"],"picked":"Storm","floor":13.0},{"not_picked":["Reboot","Rainbow"],"picked":"Multi-Cast","floor":16.0},{"not_picked":["Force Field+1","Barrage"],"picked":"Sweeping Beam+1","floor":18.0},{"not_picked":["Stack","Hologram"],"picked":"Gash","floor":19.0},{"not_picked":["Streamline+1","Glacier"],"picked":"Beam Cell+1","floor":22.0},{"not_picked":["Stack","Chaos"],"picked":"Redo+1","floor":28.0},{"not_picked":["Compile Driver+1","Darkness+1"],"picked":"Stack","floor":31.0},{"not_picked":["Reboot","All For One"],"picked":"Thunder Strike","floor":33},{"not_picked":["Skim","Gash"],"picked":"Redo+1","floor":35},{"not_picked":["Steam+1","Skim"],"picked":"Echo Form","floor":36},{"not_picked":["Beam Cell","Ball Lightning+1"],"picked":"Fusion+1","floor":37},{"not_picked":["Secret Weapon","HandOfGreed"],"picked":"Swift Strike","floor":38},{"not_picked":["Scrape+1","Coolheaded"],"picked":"Go for the Eyes+1","floor":42},{"not_picked":["Turbo","Compile Driver"],"picked":"Fusion","floor":45},{"not_picked":["Ball Lightning+1","Cold Snap"],"picked":"Lockon+1","floor":47}],"player_experience":36731,"relics_obtained":[{"floor":6.0,"key":"MawBank"},{"floor":9.0,"key":"Centennial Puzzle"},{"floor":24.0,"key":"Unceasing Top"},{"floor":26.0,"key":"Mango"},{"floor":27.0,"key":"Kunai"},{"floor":37,"key":"Peace Pipe"},{"floor":39,"key":"Juzu Bracelet"},{"floor":42,"key":"Dodecahedron"},{"floor":43,"key":"Bag of Preparation"},{"floor":47,"key":"Thread and Needle"}],"event_choices":[{"damage_healed":0.0,"max_hp_gain":0.0,"max_hp_loss":6.0,"gold_gain":0.0,"event_name":"Golden Idol","player_choice":"Lose Max HP","floor":4.0,"gold_loss":0.0,"damage_taken":0.0,"relics_obtained":["Golden Idol"]},{"damage_healed":0.0,"max_hp_gain":0.0,"max_hp_loss":0.0,"gold_gain":0.0,"event_name":"Vampires","player_choice":"Ignored","floor":20.0,"gold_loss":0.0,"damage_taken":0.0},{"damage_healed":0.0,"max_hp_gain":0.0,"max_hp_loss":0.0,"gold_gain":0.0,"event_name":"Drug Dealer","player_choice":"Inject Mutagens","floor":21.0,"gold_loss":0.0,"damage_taken":0.0,"relics_obtained":["MutagenicStrength"]},{"damage_healed":0.0,"max_hp_gain":0.0,"max_hp_loss":0.0,"gold_gain":0.0,"event_name":"The Library","player_choice":"Read","floor":25.0,"gold_loss":0.0,"damage_taken":0.0,"cards_obtained":["Loop"]},{"damage_healed":0,"gold_gain":0,"player_choice":"Fight","damage_taken":0,"max_hp_gain":0,"max_hp_loss":0,"event_name":"MindBloom","floor":37,"gold_loss":0},{"damage_healed":0,"gold_gain":0,"player_choice":"Memory 1","damage_taken":0,"max_hp_gain":0,"max_hp_loss":0,"event_name":"SensoryStone","floor":38,"gold_loss":0},{"damage_healed":0,"gold_gain":0,"cards_transformed":["Strike_B"],"player_choice":"Transformed","damage_taken":0,"max_hp_gain":0,"max_hp_loss":0,"event_name":"Transmorgrifier","floor":46,"gold_loss":0,"cards_obtained":["Scrape"]},{"damage_healed":0,"gold_gain":0,"player_choice":"Fight","damage_taken":0,"max_hp_gain":0,"max_hp_loss":0,"event_name":"Mysterious Sphere","floor":47,"gold_loss":0}],"is_beta":false,"boss_relics":[{"not_picked":["Cursed Key","Runic Pyramid"],"picked":"Sozu"},{"not_picked":["Snecko Eye","Tiny House"],"picked":"Nuclear Battery"}],"items_purged_floors":[],"is_endless":false,"potions_floor_spawned":[3,5,6,10,11,13,18,28,31,37,42,47],"killed_by":"Maw","ascension_level":0}