{"gold_per_floor":[113,124,124,124,140,167,185,185,185,202,212,238,238,253,253,327,327,339,31,51,71,71,71,99,99,99,99,125,125,54,54,54,125,125,144,160,160,160,160,192,42,77,77,112,112,140,155,200,200,200,200,200,46,76,76],"floor_reached":55,"playtime":3008,"items_purged":["Sweeping Beam"],"score":1511,"play_id":"128ef7f7-9a33-4091-9789-dee17ab81a53","local_time":"20181204152347","is_ascension_mode":true,"campfire_choices":[{"floor":8.0,"key":"REST"},{"floor":13.0,"key":"REST"},{"floor":15.0,"key":"RECALL"},{"data":"Consume","floor":23.0,"key":"SMITH"},{"floor":25.0,"key":"REST"},{"data":"Buffer","floor":27.0,"key":"SMITH"},{"floor":32.0,"key":"REST"},{"floor":49,"key":"REST"},{"data":"Consume","floor":52,"key":"SMITH"}],"neow_cost":"NONE","seed_source_timestamp":227546978657318,"circlet_count":0,"master_deck":["AscendersBane","Zap","Dualcast","Capacitor","Sunder","Glacier+1","Consume+1","Coolheaded","Coolheaded+1","Chill","Glacier","Ball Lightning","Creative AI+1","Coolheaded+1","Buffer+1","Necronomicurse","Defragment","Echo Form","Heatsinks","Darkness","Sunder","Compile Driver","Double Energy","Consume+1","Madness","Madness","Magnetism","Capacitor","Thunder Strike","Ball Lightning","Force Field"],"special_seed":0,"relics":["Cracked Core","Potion Belt","Question Card","StoneCalendar","Peace Pipe","Letter Opener","Busted Crown","FossilizedHelix","WingedGreaves","War Paint","Red Mask","Necronomicon","Pandora\u0027s Box","Ancient Tea Set","DataDisk","Regal Pillow","Happy Flower","Dead Branch","Bronze Scales","Du-Vu Doll","Molten Egg 2"],"potions_floor_usage":[54,55,55],"damage_taken":[{"damage":0.0,"enemies":"Cultist","floor":1.0,"turns":3.0},{"damage":12.0,"enemies":"Jaw Worm","floor":2.0,"turns":3.0},{"damage":3.0,"enemies":"Small Slimes","floor":5.0,"turns":2.0},{"damage":31.0,"enemies":"3 Sentries","floor":6.0,"turns":9.0},{"damage":3.0,"enemies":"Looter","floor":7.0,"turns":4.0},{"damage":9.0,"enemies":"Exordium Thugs","floor":10.0,"turns":5.0},{"damage":3.0,"enemies":"3 Louse","floor":11.0,"turns":5.0},{"damage":36.0,"enemies":"Gremlin Nob","floor":12.0,"turns":7.0},{"damage":0.0,"enemies":"Large Slime","floor":14.0,"turns":7.0},{"damage":28.0,"enemies":"The Guardian","floor":16.0,"turns":12.0},{"damage":0.0,"enemies":"Spheric Guardian","floor":18.0,"turns":6.0},{"damage":0.0,"enemies":"Shell Parasite","floor":20.0,"turns":7.0},{"damage":11.0,"enemies":"Sentry and Sphere","floor":21.0,"turns":8.0},{"damage":25.0,"enemies":"Slavers","floor":24.0,"turns":7.0},{"damage":16.0,"enemies":"Masked Bandits","floor":28.0,"turns":7.0},{"damage":0.0,"enemies":"Automaton","floor":33.0,"turns":13.0},{"damage":0,"enemies":"3 Shapes","floor":35,"turns":7},{"damage":0,"enemies":"Orb Walker","floor":36,"turns":4},{"damage":0,"enemies":"Giant Head","floor":40,"turns":12},{"damage":9,"enemies":"Reptomancer","floor":42,"turns":7},{"damage":0,"enemies":"Giant Head","floor":44,"turns":10},{"damage":0,"enemies":"Nemesis","floor":46,"turns":7},{"damage":15,"enemies":"Writhing Mass","floor":47,"turns":7},{"damage":18,"enemies":"2 Orb Walkers","floor":48,"turns":7},{"damage":19,"enemies":"Donu and Deca","floor":50,"turns":9},{"damage":55,"enemies":"Shield and Spear","floor":54,"turns":10},{"damage":20,"enemies":"The Heart","floor":55,"turns":5}],"seed_played":"-1706904491000552335","potions_obtained":[{"floor":4.0,"key":"FearPotion"},{"floor":4.0,"key":"SpeedPotion"},{"floor":4.0,"key":"FairyPotion"},{"floor":7.0,"key":"EntropicBrew"},{"floor":10.0,"key":"AttackPotion"},{"floor":14.0,"key":"Poison Potion"},{"floor":18.0,"key":"Block Potion"},{"floor":24.0,"key":"FearPotion"},{"floor":28.0,"key":"Swift Potion"},{"floor":35,"key":"Regen Potion"},{"floor":48,"key":"FocusPotion"}],"is_trial":false,"path_per_floor":["M","M","?","?","M","E","M","R","T","M","M","E","R","M","R","B",null,"M","$","M","M","$","R","E","R","T","R","?","?","$","?","R","B",null,"M","M","?","?","?","E","$","E","T","E","?","E","M","?","R","B",null,"R","$","E","B"],"character_chosen":"DEFECT","items_purchased":["FossilizedHelix","Defragment","DataDisk","Force Field"],"campfire_rested":5,"item_purchase_floors":[19,30,41,53],"current_hp_per_floor":[68,56,53,53,50,19,16,38,38,29,26,7,29,29,29,1,57,57,57,57,46,46,46,21,43,43,43,27,11,11,11,33,33,65,65,65,56,56,56,56,56,47,47,47,47,47,32,14,51,32,64,64,64,18,0],"gold":76,"neow_bonus":"RANDOM_COMMON_RELIC","is_prod":false,"is_daily":false,"chose_seed":false,"campfire_upgraded":3,"win_rate":0,"timestamp":1543962227,"path_taken":["M","M","?","?","M","E","?","R","T","M","M","E","R","?","R","BOSS","M","$","M","M","$","R","E","R","T","R","?","?","$","?","R","BOSS","M","M","?","?","?","E","$","E","T","E","?","E","?","?","R","BOSS","R","$","E","BOSS"],"build_version":"2018-11-15","purchased_purges":1,"victory":false,"max_hp_per_floor":[75,75,75,75,75,75,75,75,75,75,75,75,75,75,75,75,75,75,75,75,75,75,75,75,75,75,75,75,75,75,75,75,75,75,75,75,75,75,75,75,75,75,75,75,75,75,75,75,75,75,75,75,75,75,75],"card_choices":[{"not_picked":["Beam Cell","Coolheaded"],"picked":"Capacitor","floor":1.0},{"not_picked":["Barrage","Sweeping Beam"],"picked":"Sunder","floor":2.0},{"not_picked":["Storm","Doom and Gloom","Sweeping Beam"],"picked":"Glacier","floor":5.0},{"not_picked":["Stack","Rip and Tear","Steam"],"picked":"Consume","floor":6.0},{"not_picked":["Blizzard","Auto Shields","Genetic Algorithm"],"picked":"Coolheaded","floor":7.0},{"not_picked":["Cold Snap","Streamline","Double Energy"],"picked":"Coolheaded","floor":10.0},{"not_picked":["Turbo","Steam Power","Streamline"],"picked":"Chill","floor":11.0},{"not_picked":["Ball Lightning","Streamline","Blizzard"],"picked":"Glacier","floor":12.0},{"not_picked":["Force Field","Thunder Strike","Chill"],"picked":"Ball Lightning","floor":14.0},{"not_picked":["Echo Form","Hyperbeam","Multi-Cast"],"picked":"Creative AI","floor":16.0},{"not_picked":["Stack","Steam"],"picked":"SKIP","floor":18.0},{"not_picked":["Cold Snap"],"picked":"Coolheaded+1","floor":20.0},{"not_picked":["Leap","Stack"],"picked":"SKIP","floor":21.0},{"not_picked":["Conserve Battery+1"],"picked":"Buffer","floor":24.0},{"not_picked":["Buffer"],"picked":"Echo Form","floor":33.0},{"not_picked":["Compile Driver+1","Turbo"],"picked":"SKIP","floor":35},{"not_picked":["Skim"],"picked":"Consume","floor":36},{"not_picked":["Swift Strike"],"picked":"Magnetism","floor":38},{"not_picked":["Reinforced Body+1","Stack+1"],"picked":"SKIP","floor":40},{"not_picked":["Ball Lightning"],"picked":"Capacitor","floor":42},{"not_picked":["Barrage","Beam Cell"],"picked":"SKIP","floor":44},{"not_picked":["Double Energy","Stack"],"picked":"SKIP","floor":46},{"not_picked":["Scrape+1"],"picked":"Thunder Strike","floor":47},{"not_picked":["Beam Cell"],"picked":"Ball Lightning","floor":48},{"not_picked":["Compile Driver","Streamline+1"],"picked":"SKIP","floor":54}],"player_experience":670791,"relics_obtained":[{"floor":6.0,"key":"StoneCalendar"},{"floor":9.0,"key":"Peace Pipe"},{"floor":12.0,"key":"Letter Opener"},{"floor":24.0,"key":"WingedGreaves"},{"floor":26.0,"key":"War Paint"},{"floor":28.0,"key":"Red Mask"},{"floor":29.0,"key":"Necronomicon"},{"floor":40,"key":"Ancient Tea Set"},{"floor":42,"key":"Regal Pillow"},{"floor":44,"key":"Happy Flower"},{"floor":46,"key":"Bronze Scales"},{"floor":48,"key":"Du-Vu Doll"},{"floor":54,"key":"Molten Egg 2"}],"event_choices":[{"damage_healed":0.0,"max_hp_gain":0.0,"max_hp_loss":0.0,"gold_gain":0.0,"event_name":"Scrap Ooze","player_choice":"Success","floor":3.0,"gold_loss":0.0,"damage_taken":3.0,"relics_obtained":["Question Card"]},{"damage_healed":0.0,"max_hp_gain":0.0,"max_hp_loss":0.0,"gold_gain":0.0,"event_name":"Lab","player_choice":"Got Potions","floor":4.0,"gold_loss":0.0,"damage_taken":0.0},{"damage_healed":0.0,"max_hp_gain":0.0,"max_hp_loss":0.0,"gold_gain":0.0,"event_name":"Masked Bandits","player_choice":"Fought Bandits","floor":28.0,"gold_loss":0.0,"damage_taken":0.0},{"damage_healed":0.0,"max_hp_gain":0.0,"max_hp_loss":0.0,"gold_gain":0.0,"event_name":"Cursed Tome","player_choice":"Obtained Book","floor":29.0,"gold_loss":0.0,"damage_taken":16.0},{"damage_healed":0.0,"max_hp_gain":0.0,"max_hp_loss":0.0,"gold_gain":0.0,"event_name":"Upgrade Shrine","player_choice":"Upgraded","floor":31.0,"gold_loss":0.0,"damage_taken":0.0,"cards_upgraded":["Creative AI"]},{"damage_healed":0,"gold_gain":0,"player_choice":"Embrace Madness","damage_taken":9,"max_hp_gain":0,"max_hp_loss":0,"event_name":"Winding Halls","floor":37,"gold_loss":0,"cards_obtained":["Madness","Madness"]},{"damage_healed":0,"gold_gain":0,"player_choice":"Memory 1","damage_taken":0,"max_hp_gain":0,"max_hp_loss":0,"event_name":"SensoryStone","floor":38,"gold_loss":0},{"cards_removed":["Go for the Eyes"],"damage_healed":0,"gold_gain":0,"player_choice":"Removed Attack","damage_taken":0,"max_hp_gain":0,"max_hp_loss":0,"event_name":"Falling","floor":39,"gold_loss":0},{"cards_removed":["Sweeping Beam"],"damage_healed":0,"gold_gain":0,"player_choice":"Gave Card","damage_taken":0,"relics_obtained":["Dead Branch"],"max_hp_gain":0,"max_hp_loss":0,"event_name":"WeMeetAgain","floor":45,"gold_loss":0},{"damage_healed":0,"gold_gain":0,"player_choice":"Fight","damage_taken":0,"max_hp_gain":0,"max_hp_loss":0,"event_name":"Mysterious Sphere","floor":48,"gold_loss":0}],"is_beta":false,"boss_relics":[{"not_picked":["Ectoplasm","Sozu"],"picked":"Busted Crown"},{"not_picked":["Fusion Hammer","Black Star"],"picked":"Pandora\u0027s Box"}],"items_purged_floors":[53],"is_endless":false,"potions_floor_spawned":[7,10,11,14,18,24,28,35,46,47,48],"killed_by":"The Heart","ascension_level":13}