{"gold_per_floor":[119,136,136,155,2,2,32,32,83,83,117,117,117,17,17,121,121,131,149,74,85,39,39],"floor_reached":23,"playtime":704,"items_purged":[],"score":197,"play_id":"d1a35f54-a72b-4c64-94b0-7e7ef6e5c081","local_time":"20180902140247","is_ascension_mode":false,"campfire_choices":[{"data":"Zap","floor":6,"key":"SMITH"},{"data":"Self Repair","floor":8,"key":"SMITH"},{"floor":10,"key":"REST"},{"floor":15,"key":"REST"}],"neow_cost":"","seed_source_timestamp":1220801321166525,"circlet_count":0,"master_deck":["Strike_B","Strike_B","Strike_B+1","Defend_B","Defend_B","Defend_B","Defend_B","Zap+1","Dualcast","Redo","Steam+1","Consume","Self Repair+1","Conserve Battery","Leap","Redo","Chill","Ball Lightning","Defragment","Reboot","White Noise+1","Ball Lightning","Beam Cell"],"relics":["Cracked Core","Pen Nib","Boot","Matryoshka","Inserter"],"potions_floor_usage":[16,23,23],"damage_taken":[{"damage":16,"enemies":"Jaw Worm","floor":1,"turns":4},{"damage":1,"enemies":"Cultist","floor":2,"turns":3},{"damage":0,"enemies":"Small Slimes","floor":4,"turns":2},{"damage":40,"enemies":"Gremlin Nob","floor":7,"turns":5},{"damage":26,"enemies":"3 Sentries","floor":11,"turns":8},{"damage":25,"enemies":"Hexaghost","floor":16,"turns":9},{"damage":10,"enemies":"Spheric Guardian","floor":18,"turns":4},{"damage":16,"enemies":"3 Byrds","floor":19,"turns":3},{"damage":7,"enemies":"Centurion and Healer","floor":21,"turns":10},{"damage":62,"enemies":"Gremlin Leader","floor":23,"turns":6}],"seed_played":"-8501944440190277110","potions_obtained":[{"floor":7,"key":"Swift Potion"},{"floor":11,"key":"LiquidBronze"},{"floor":16,"key":"Swift Potion"}],"is_trial":false,"path_per_floor":["M","M","?","M","$","R","E","R","T","R","E","?","?","$","R","B",null,"M","M","?","M","$"],"character_chosen":"DEFECT","items_purchased":["Self Repair","Conserve Battery","Leap","Ball Lightning","Defragment","Beam Cell"],"campfire_rested":2,"item_purchase_floors":[5,5,5,14,14,22],"current_hp_per_floor":[59,58,43,43,43,43,10,10,10,32,16,16,21,21,45,30,80,70,54,54,57,57,0],"gold":39,"neow_bonus":"","is_prod":false,"is_daily":false,"chose_seed":false,"campfire_upgraded":2,"win_rate":0,"timestamp":1535918567,"path_taken":["M","M","?","M","$","R","E","R","T","R","E","?","?","?","R","BOSS","M","M","?","M","?","E"],"build_version":"2018-08-30","purchased_purges":0,"victory":false,"max_hp_per_floor":[75,75,75,75,75,75,75,75,75,75,75,75,80,80,80,80,80,80,80,80,80,80,80],"card_choices":[{"not_picked":["Compile Driver","Stack"],"picked":"Redo","floor":1},{"not_picked":["Aggregate","Compile Driver"],"picked":"Steam","floor":2},{"not_picked":["Force Field","Turbo"],"picked":"Consume","floor":4},{"not_picked":["Barrage","Gash"],"picked":"Redo","floor":7},{"not_picked":["Force Field","Thunder Strike"],"picked":"Chill","floor":11},{"not_picked":["Fission","Biased Cognition"],"picked":"Reboot","floor":16},{"not_picked":["Reprogram+1","Gash"],"picked":"White Noise+1","floor":18},{"not_picked":["Barrage","Skim+1"],"picked":"Ball Lightning","floor":19},{"not_picked":["Redo","Gash","Stack+1"],"picked":"SKIP","floor":21}],"player_experience":450220,"relics_obtained":[{"floor":7,"key":"Pen Nib"},{"floor":9,"key":"Boot"},{"floor":11,"key":"Matryoshka"}],"event_choices":[{"event_name":"Shining Light","player_choice":"Entered Light","floor":3,"damage_taken":0},{"event_name":"Dead Adventurer","player_choice":"Searched \u00270\u0027 times","floor":12,"damage_taken":0},{"event_name":"Big Fish","player_choice":"Donut","floor":13,"damage_taken":0},{"event_name":"Beggar","player_choice":"Gave Gold","floor":20,"damage_taken":0}],"is_beta":false,"boss_relics":[{"not_picked":["Ectoplasm","Calling Bell"],"picked":"Inserter"}],"items_purged_floors":[],"is_endless":false,"potions_floor_spawned":[7,11,16],"killed_by":"Gremlin Leader","ascension_level":0}