{"gold_per_floor":[219,235,249,259,8,8,18,30,30,43,43,59,72,83,83,180,180,170,170,41,55,72,72,106,106,161,184,196,241,263,375,387,399],"floor_reached":33,"playtime":3033,"items_purged":[],"score":366,"play_id":"a45de5fb-b673-4809-9baa-4f663651cb5c","local_time":"20190308194832","is_ascension_mode":true,"campfire_choices":[{"floor":6,"key":"REST"},{"floor":11,"key":"REST"},{"floor":15,"key":"REST"},{"floor":23,"key":"REST"},{"floor":25,"key":"REST"},{"floor":32,"key":"REST"}],"neow_cost":"NONE","seed_source_timestamp":1012018471820131,"circlet_count":0,"master_deck":["Strike_B","Strike_B","Strike_B","Strike_B","Defend_B","Defend_B","Defend_B","Defend_B","Zap","Dualcast","Ball Lightning","Defragment","Glacier","Ball Lightning","Loop","Chill","White Noise","Barrage","Blizzard","Barrage","Self Repair","Sunder","Sweeping Beam","Coolheaded","Capacitor","Multi-Cast","Doubt","Injury","Parasite","Conserve Battery","Self Repair","Turbo","Skim","Redo+1","Compile Driver","Ball Lightning","Ball Lightning","Electrodynamics","Sunder","Turbo","Turbo"],"relics":["Cracked Core","Dream Catcher","Symbiotic Virus","Calling Bell","Ancient Tea Set","Cables","Ginger","Kunai","MawBank","Sundial"],"potions_floor_usage":[12,16,16,16,22,27,28,33],"damage_taken":[{"damage":1,"enemies":"Cultist","floor":1,"turns":3},{"damage":4,"enemies":"Jaw Worm","floor":2,"turns":4},{"damage":9,"enemies":"2 Louse","floor":3,"turns":3},{"damage":6,"enemies":"2 Fungi Beasts","floor":4,"turns":4},{"damage":6,"enemies":"Exordium Wildlife","floor":7,"turns":3},{"damage":21,"enemies":"Lots of Slimes","floor":8,"turns":4},{"damage":33,"enemies":"Gremlin Gang","floor":10,"turns":4},{"damage":7,"enemies":"2 Fungi Beasts","floor":12,"turns":4},{"damage":5,"enemies":"Exordium Wildlife","floor":13,"turns":3},{"damage":13,"enemies":"Blue Slaver","floor":14,"turns":2},{"damage":4,"enemies":"Slime Boss","floor":16,"turns":6},{"damage":13,"enemies":"2 Thieves","floor":18,"turns":4},{"damage":23,"enemies":"Shell Parasite","floor":21,"turns":7},{"damage":32,"enemies":"Centurion and Healer","floor":22,"turns":10},{"damage":40,"enemies":"Gremlin Leader","floor":24,"turns":11},{"damage":24,"enemies":"Snake Plant","floor":27,"turns":3},{"damage":0,"enemies":"Cultist and Chosen","floor":28,"turns":1},{"damage":53,"enemies":"Book of Stabbing","floor":29,"turns":5},{"damage":12,"enemies":"3 Cultists","floor":30,"turns":3},{"damage":61,"enemies":"Automaton","floor":33,"turns":6}],"seed_played":"371318005006950346","potions_obtained":[{"floor":1,"key":"Weak Potion"},{"floor":8,"key":"PowerPotion"},{"floor":10,"key":"Block Potion"},{"floor":14,"key":"Block Potion"},{"floor":16,"key":"SmokeBomb"},{"floor":18,"key":"Strength Potion"},{"floor":21,"key":"SneckoOil"},{"floor":30,"key":"FearPotion"}],"is_trial":false,"path_per_floor":["M","M","M","M","$","R","M","M","T","M","R","M","M","M","R","B",null,"M","?","$","M","M","R","E","R","T","M","M","E","M","?","R","B"],"character_chosen":"DEFECT","items_purchased":["Loop","Chill","Dream Catcher","Self Repair","Turbo"],"campfire_rested":6,"item_purchase_floors":[5,5,5,20,20],"current_hp_per_floor":[74,70,61,55,55,75,69,48,48,15,37,37,39,33,55,51,75,69,69,69,60,42,64,38,60,60,50,57,25,20,20,42,0],"gold":399,"neow_bonus":"HUNDRED_GOLD","is_prod":false,"is_daily":false,"chose_seed":false,"campfire_upgraded":0,"win_rate":0,"timestamp":1552085312,"path_taken":["M","M","M","M","$","R","M","M","T","M","R","M","M","M","R","BOSS","M","?","$","M","M","R","E","R","T","M","M","E","M","?","R","BOSS"],"build_version":"2019-01-23","purchased_purges":0,"victory":false,"max_hp_per_floor":[75,75,75,75,75,75,75,75,75,75,75,75,75,75,75,75,75,75,75,75,75,75,75,75,75,75,75,75,75,75,75,75,75],"card_choices":[{"not_picked":["Aggregate","Doom and Gloom"],"picked":"Ball Lightning","floor":1},{"not_picked":["Stack","Sweeping Beam"],"picked":"Defragment","floor":2},{"not_picked":["Skim","Reprogram"],"picked":"Glacier","floor":3},{"not_picked":["Doom and Gloom","Beam Cell"],"picked":"Ball Lightning","floor":4},{"not_picked":["Beam Cell","Fission"],"picked":"White Noise","floor":6},{"not_picked":["Streamline","Reprogram"],"picked":"Barrage","floor":7},{"not_picked":["Go for the Eyes","Doom and Gloom"],"picked":"Blizzard","floor":8},{"not_picked":["Redo","Double Energy"],"picked":"Barrage","floor":10},{"not_picked":["Gash","Genetic Algorithm"],"picked":"Self Repair","floor":11},{"not_picked":["Coolheaded","Tempest"],"picked":"Sunder","floor":12},{"not_picked":["Hello World","Steam"],"picked":"Sweeping Beam","floor":13},{"not_picked":["Go for the Eyes","Beam Cell"],"picked":"Coolheaded","floor":14},{"not_picked":["Go for the Eyes","Compile Driver"],"picked":"Capacitor","floor":15},{"not_picked":["Meteor Strike","Machine Learning"],"picked":"Multi-Cast","floor":16},{"not_picked":["Steam","Fusion"],"picked":"Conserve Battery","floor":18},{"not_picked":["Force Field+1","Melter"],"picked":"Skim","floor":21},{"not_picked":["Rebound","Genetic Algorithm"],"picked":"Redo+1","floor":22},{"not_picked":["Hologram","Go for the Eyes"],"picked":"Compile Driver","floor":23},{"not_picked":["Redo+1","Compile Driver"],"picked":"Ball Lightning","floor":24},{"not_picked":["Reinforced Body","Redo"],"picked":"Ball Lightning","floor":25},{"not_picked":["Loop","Cold Snap"],"picked":"Electrodynamics","floor":27},{"not_picked":["Tempest","Stack"],"picked":"Sunder","floor":29},{"not_picked":["Coolheaded","Hologram"],"picked":"Turbo","floor":30},{"not_picked":["Skim+1","Glacier"],"picked":"Turbo","floor":32}],"player_experience":62582,"relics_obtained":[{"floor":9,"key":"Symbiotic Virus"},{"floor":17,"key":"Ancient Tea Set"},{"floor":17,"key":"Cables"},{"floor":17,"key":"Ginger"},{"floor":24,"key":"Kunai"},{"floor":26,"key":"MawBank"},{"floor":29,"key":"Sundial"}],"event_choices":[{"damage_healed":0,"gold_gain":0,"player_choice":"Ignored","damage_taken":0,"max_hp_gain":0,"max_hp_loss":0,"event_name":"Vampires","floor":19,"gold_loss":0},{"damage_healed":0,"gold_gain":100,"player_choice":"Pray","damage_taken":0,"max_hp_gain":0,"max_hp_loss":0,"event_name":"Golden Shrine","floor":31,"gold_loss":0}],"is_beta":false,"boss_relics":[{"not_picked":["Lizard Tail","Sozu"],"picked":"Calling Bell"}],"items_purged_floors":[],"is_endless":false,"potions_floor_spawned":[1,8,10,14,16,18,21,30],"killed_by":"Automaton","ascension_level":2}