{"gold_per_floor":[111,121,138,138,16,81,92,92,118,18,18,47,47,58,58,158,158,168,83,99,113,113,113,138,138,161,31,31,31,42,53,53,53],"floor_reached":33,"playtime":1535,"items_purged":["Strike_G","Regret"],"score":330,"play_id":"46b170f4-8402-4bd6-a236-5d4b4b01908f","local_time":"20190316144235","is_ascension_mode":true,"campfire_choices":[{"floor":11,"key":"REST"},{"floor":13,"key":"REST"},{"data":"Cloak And Dagger","floor":15,"key":"SMITH"},{"floor":23,"key":"REST"},{"floor":28,"key":"REST"},{"floor":32,"key":"REST"}],"neow_cost":"NONE","seed_source_timestamp":136811314170831,"circlet_count":0,"master_deck":["Defend_G","Defend_G","Defend_G","Defend_G","Defend_G","Strike_G","Strike_G","Strike_G","Strike_G","Survivor+1","Neutralize","Flying Knee+1","Backstab","Terror+1","Cloak And Dagger+1","After Image","Dagger Throw","Cloak And Dagger","Backstab","Adrenaline+1","Backflip","Slice+1","Footwork","Dagger Throw","Prepared"],"relics":["Ring of the Snake","Tiny Chest","Anchor","Happy Flower","Ancient Tea Set","WristBlade","Oddly Smooth Stone","Unceasing Top","War Paint"],"potions_floor_usage":[24,33,33],"damage_taken":[{"damage":5,"enemies":"Cultist","floor":1,"turns":5},{"damage":1,"enemies":"Small Slimes","floor":2,"turns":3},{"damage":2,"enemies":"Jaw Worm","floor":3,"turns":3},{"damage":21,"enemies":"Lagavulin","floor":6,"turns":8},{"damage":9,"enemies":"3 Louse","floor":7,"turns":3},{"damage":19,"enemies":"3 Sentries","floor":12,"turns":9},{"damage":0,"enemies":"Large Slime","floor":14,"turns":5},{"damage":20,"enemies":"Hexaghost","floor":16,"turns":12},{"damage":4,"enemies":"2 Thieves","floor":18,"turns":3},{"damage":4,"enemies":"3 Byrds","floor":20,"turns":5},{"damage":18,"enemies":"Centurion and Healer","floor":21,"turns":5},{"damage":22,"enemies":"Book of Stabbing","floor":24,"turns":6},{"damage":4,"enemies":"Chosen and Byrds","floor":30,"turns":5},{"damage":18,"enemies":"Cultist and Chosen","floor":31,"turns":7},{"damage":98,"enemies":"Automaton","floor":33,"turns":12}],"seed_played":"-1937096957563000117","potions_obtained":[{"floor":3,"key":"Dexterity Potion"},{"floor":6,"key":"PowerPotion"},{"floor":12,"key":"PowerPotion"},{"floor":14,"key":"SkillPotion"},{"floor":31,"key":"AttackPotion"}],"is_trial":false,"path_per_floor":["M","?","$","?","?","?","?"],"character_chosen":"THE_SILENT","items_purchased":["Cloak And Dagger","Footwork","Dagger Throw"],"campfire_rested":5,"item_purchase_floors":[5,27,27],"current_hp_per_floor":[72,71,69,54,54,33,24,24,24,24,47,28,51,51,51,31,77,73,73,69,51,51,74,52,52,52,52,75,61,57,39,63,0],"gold":53,"neow_bonus":"TEN_PERCENT_HP_BONUS","is_prod":false,"is_daily":false,"chose_seed":false,"campfire_upgraded":1,"win_rate":0,"timestamp":1552743755,"path_taken":["M","M","?","?","?","E","M","?","T","$","R","E","R","M","R","BOSS","M","?","M","M","?","R","E","$","T","$","R","?","M","M","R","BOSS"],"build_version":"2019-01-23","purchased_purges":2,"victory":false,"max_hp_per_floor":[77,77,77,77,77,77,77,77,77,77,77,77,77,77,77,77,77,77,77,77,77,77,77,77,77,77,77,77,82,82,82,82,82],"card_choices":[{"not_picked":["Dagger Spray","Backflip"],"picked":"Flying Knee","floor":1},{"not_picked":["Underhanded Strike","Deadly Poison"],"picked":"Backstab","floor":2},{"not_picked":["Sucker Punch","Bane"],"picked":"Terror","floor":3},{"not_picked":["Blur","Terror"],"picked":"After Image","floor":6},{"not_picked":["Riddle With Holes","All Out Attack"],"picked":"Dagger Throw","floor":7},{"not_picked":["Prepared","Expertise"],"picked":"Cloak And Dagger","floor":12},{"not_picked":["Finisher","Dagger Spray"],"picked":"Backstab","floor":14},{"not_picked":["A Thousand Cuts","Tools of the Trade"],"picked":"Adrenaline","floor":16},{"not_picked":["Catalyst","Dodge and Roll+1","Expertise"],"picked":"SKIP","floor":18},{"not_picked":["Caltrops","Skewer","Calculated Gamble"],"picked":"SKIP","floor":20},{"not_picked":["Blur","Prepared"],"picked":"Backflip","floor":21},{"not_picked":["After Image","Tactician"],"picked":"Slice+1","floor":24},{"not_picked":["Finisher+1","Dagger Spray+1"],"picked":"Prepared","floor":30},{"not_picked":["Escape Plan","Sucker Punch","Caltrops+1"],"picked":"SKIP","floor":31}],"player_experience":338742,"relics_obtained":[{"floor":6,"key":"Tiny Chest"},{"floor":9,"key":"Happy Flower"},{"floor":12,"key":"Ancient Tea Set"},{"floor":24,"key":"Unceasing Top"},{"floor":26,"key":"War Paint"}],"event_choices":[{"damage_healed":0,"gold_gain":0,"player_choice":"Entered Light","damage_taken":15,"max_hp_gain":0,"max_hp_loss":0,"event_name":"Shining Light","floor":4,"gold_loss":0,"cards_upgraded":["Survivor","Flying Knee"]},{"damage_healed":0,"gold_gain":0,"player_choice":"Box","damage_taken":0,"relics_obtained":["Anchor"],"max_hp_gain":0,"max_hp_loss":0,"event_name":"Big Fish","floor":8,"gold_loss":0,"cards_obtained":["Regret"]},{"damage_healed":0,"gold_gain":0,"player_choice":"Obtained Relic","damage_taken":0,"relics_obtained":["Oddly Smooth Stone"],"max_hp_gain":0,"max_hp_loss":0,"event_name":"Addict","floor":19,"gold_loss":85},{"damage_healed":0,"gold_gain":0,"player_choice":"Ignored","damage_taken":0,"max_hp_gain":0,"max_hp_loss":0,"event_name":"Beggar","floor":22,"gold_loss":0},{"damage_healed":0,"gold_gain":0,"player_choice":"Shed Blood","damage_taken":19,"max_hp_gain":5,"max_hp_loss":0,"event_name":"Forgotten Altar","floor":29,"gold_loss":0}],"is_beta":false,"boss_relics":[{"not_picked":["HoveringKite","Busted Crown"],"picked":"WristBlade"}],"items_purged_floors":[5,10],"is_endless":false,"potions_floor_spawned":[3,6,12,14,18,20,31],"killed_by":"Automaton","ascension_level":4}