{"gold_per_floor":[113,188,60,79,91,91,110,128,200,226,226,226,237,248,248,348,348,366,366,380,380],"floor_reached":21,"playtime":735,"items_purged":["Strike_R"],"score":265,"play_id":"58b1f625-1d87-4a99-853d-b97f46b047e8","local_time":"20181106235215","is_ascension_mode":true,"campfire_choices":[{"floor":6,"key":"REST"},{"data":"Disarm","floor":11,"key":"SMITH"},{"data":"Immolate","floor":15,"key":"SMITH"}],"neow_cost":"PERCENT_DAMAGE","seed_source_timestamp":2943608908067819,"circlet_count":0,"master_deck":["Strike_R","Strike_R","Strike_R","Strike_R","Defend_R","Defend_R","Defend_R","Defend_R","Bash","Twin Strike","Clothesline","Evolve","Disarm+1","Immolate+1","Shrug It Off+1","Dual Wield","Wild Strike","Reaper","Armaments+1","Infernal Blade"],"relics":["Burning Blood","StoneCalendar","The Courier","Calipers","Black Star"],"potions_floor_usage":[10,16,20,21],"damage_taken":[{"damage":7,"enemies":"Small Slimes","floor":1,"turns":3},{"damage":2,"enemies":"Cultist","floor":4,"turns":4},{"damage":1,"enemies":"2 Louse","floor":5,"turns":4},{"damage":6,"enemies":"2 Fungi Beasts","floor":7,"turns":5},{"damage":6,"enemies":"Exordium Wildlife","floor":8,"turns":4},{"damage":21,"enemies":"Gremlin Nob","floor":10,"turns":4},{"damage":0,"enemies":"3 Louse","floor":13,"turns":1},{"damage":9,"enemies":"Red Slaver","floor":14,"turns":4},{"damage":59,"enemies":"Slime Boss","floor":16,"turns":8},{"damage":26,"enemies":"Shell Parasite","floor":18,"turns":7},{"damage":21,"enemies":"Chosen","floor":20,"turns":6},{"damage":57,"enemies":"Snecko","floor":21,"turns":6}],"seed_played":"614347853336859111","potions_obtained":[{"floor":5,"key":"SteroidPotion"},{"floor":7,"key":"Fire Potion"},{"floor":13,"key":"SkillPotion"},{"floor":20,"key":"Block Potion"}],"is_trial":false,"path_per_floor":["M","?","$","M","M","R","M","M","T","E","R","?","M","M","R","B",null,"M","?","M","M"],"character_chosen":"IRONCLAD","items_purchased":["Clothesline"],"campfire_rested":1,"item_purchase_floors":[3],"current_hp_per_floor":[50,39,39,43,48,72,72,72,72,57,57,57,63,60,60,7,62,42,42,30,0],"gold":380,"neow_bonus":"ONE_RARE_RELIC","is_prod":false,"is_daily":false,"chose_seed":false,"campfire_upgraded":2,"win_rate":0,"timestamp":1541573535,"path_taken":["M","?","$","M","M","R","M","M","T","E","R","?","M","M","R","BOSS","M","?","M","M"],"build_version":"2018-11-01","purchased_purges":1,"victory":false,"max_hp_per_floor":[80,80,80,80,80,80,80,80,80,80,80,80,80,80,80,80,80,80,80,80,80],"card_choices":[{"not_picked":["Anger","Wild Strike"],"picked":"Twin Strike","floor":1},{"not_picked":["Fire Breathing","Clash","Havoc"],"picked":"SKIP","floor":4},{"not_picked":["Perfected Strike","Wild Strike"],"picked":"Evolve","floor":5},{"not_picked":["Havoc","Feel No Pain"],"picked":"Disarm","floor":7},{"not_picked":["Iron Wave","Heavy Blade"],"picked":"Immolate","floor":8},{"not_picked":["Cleave","Ghostly Armor"],"picked":"Shrug It Off","floor":10},{"not_picked":["Warcry","Clash"],"picked":"Dual Wield","floor":13},{"not_picked":["Thunderclap","Heavy Blade"],"picked":"Wild Strike","floor":14},{"not_picked":["Dark Embrace","Fiend Fire"],"picked":"Reaper","floor":16},{"not_picked":["Clothesline+1","Dual Wield+1"],"picked":"Armaments+1","floor":18},{"not_picked":["Anger","Body Slam"],"picked":"Infernal Blade","floor":20}],"player_experience":553937,"relics_obtained":[{"floor":9,"key":"The Courier"},{"floor":10,"key":"Calipers"}],"event_choices":[{"damage_healed":0,"gold_gain":75,"player_choice":"Gather Gold","damage_taken":11,"max_hp_gain":0,"max_hp_loss":0,"event_name":"World of Goop","floor":2,"gold_loss":0},{"damage_healed":0,"gold_gain":0,"player_choice":"Grow","damage_taken":0,"max_hp_gain":0,"max_hp_loss":0,"event_name":"Living Wall","floor":12,"gold_loss":0,"cards_upgraded":["Shrug It Off"]},{"damage_healed":0,"gold_gain":0,"player_choice":"Bought 0 Potions","damage_taken":0,"max_hp_gain":0,"max_hp_loss":0,"event_name":"The Woman in Blue","floor":19,"gold_loss":0}],"is_beta":false,"boss_relics":[{"not_picked":["Tiny House","Empty Cage"],"picked":"Black Star"}],"items_purged_floors":[3],"is_endless":false,"potions_floor_spawned":[5,7,13,20],"killed_by":"Snecko","ascension_level":9}