{"path_per_floor":["M","?","$","?","$","R","M","M","T","E","R","$","M","E","R","B",null,"M","$","M","?","M","R","M","R","T","R","$","M","E","M","R","B",null,"M","M","T","?","?","E","$","R","T","M","?","R","M","?","R","B"],"character_chosen":"DEFECT","items_purchased":["Runic Capacitor","Go for the Eyes","FTL","Capacitor","Blind"],"gold_per_floor":[119,294,27,27,1,1,17,27,27,60,60,21,37,71,71,176,176,193,93,105,30,48,48,60,60,60,60,60,74,103,122,122,227,227,245,262,286,286,286,315,51,51,102,120,0,0,15,15,15,15],"floor_reached":51,"campfire_rested":4,"playtime":3066,"current_hp_per_floor":[71,71,71,71,71,71,71,71,71,61,61,61,53,32,32,11,75,75,75,65,65,54,54,29,51,51,51,51,54,15,16,38,26,75,63,59,59,75,75,32,32,58,58,42,42,42,42,42,68,10],"items_purged":["Doubt","Regret","Strike_B"],"gold":15,"score":743,"play_id":"d8a08458-baac-4eed-b29b-1d3e361158ff","local_time":"20180510000935","is_prod":false,"is_daily":false,"chose_seed":false,"is_ascension_mode":true,"campfire_upgraded":4,"timestamp":1525928975,"path_taken":["M","?","$","?","?","R","?","?","T","E","R","$","M","E","R","BOSS","M","$","M","?","M","R","M","R","T","R","$","M","E","M","R","BOSS","M","M","?","?","?","E","$","R","T","M","?","R","M","?","R","BOSS"],"build_version":"2018-05-08","seed_source_timestamp":86237273291427,"purchased_purges":6,"victory":true,"master_deck":["Strike_B","Strike_B+1","Defend_B","Defend_B","Defend_B","Zap","Dualcast","Hyperbeam+1","Chaos+1","Go for the Eyes+1","Seek+1","FTL","Stack","All For One","Self Repair","Static Discharge","Double Energy","Darkness+1","Double Energy","Multi-Cast+1","Steam+1","Creative AI+1","Reboot+1","Nova+1","Fusion+1","Lockon+1","Streamline+1","Consume+1","Capacitor","Blind+1","Ball Lightning+1","Stack+1","Trip"],"max_hp_per_floor":[75,75,75,75,75,75,75,75,75,75,75,75,75,75,75,75,75,75,75,75,75,75,75,75,75,75,75,75,75,75,75,75,75,75,75,75,75,75,75,89,89,89,89,89,89,89,89,89,89,89],"relics":["Cracked Core","Runic Capacitor","Mummified Hand","Girya","Emotion Chip","Bottled Lightning","Orrery","Toxic Egg 2","Orichalcum","Astrolabe","Bag of Marbles","Mango","Whetstone","Red Mask"],"card_choices":[{"not_picked":["Steam Power","Cold Snap"],"picked":"Chaos","floor":1.0},{"not_picked":["Reinforced Body","Rebound"],"picked":"Steam","floor":7.0},{"not_picked":["Skim","Axe Kick"],"picked":"Seek","floor":10.0},{"not_picked":["Aggregate","Ball Lightning"],"picked":"Sweeping Beam","floor":13.0},{"not_picked":["Cold Snap","Axe Kick"],"picked":"Stack","floor":14.0},{"not_picked":["Seek","Biased Cognition"],"picked":"All For One","floor":16.0},{"not_picked":["Capacitor","Beam Cell"],"picked":"Self Repair","floor":17.0},{"not_picked":["Undo","Rip and Tear"],"picked":"Static Discharge","floor":17.0},{"not_picked":["Skim","Self Repair"],"picked":"Double Energy","floor":18.0},{"not_picked":["Go for the Eyes","Leap"],"picked":"Darkness","floor":20.0},{"not_picked":["Leap","Turbo"],"picked":"Double Energy","floor":22.0},{"not_picked":["Conserve Battery","Steam Power"],"picked":"Multi-Cast","floor":30.0},{"not_picked":["Stack","Hologram"],"picked":"Steam","floor":31.0},{"not_picked":["Nova","Fusion"],"picked":"Creative AI","floor":33.0},{"not_picked":["Barrage","Sweeping Beam"],"picked":"Lockon","floor":35.0},{"not_picked":["Stack","Capacitor"],"picked":"Streamline","floor":36.0},{"not_picked":["Gash","Hello World"],"picked":"Consume","floor":40.0},{"not_picked":["Coolheaded","Barrage"],"picked":"Ball Lightning","floor":44.0},{"not_picked":["Doom and Gloom","Chill"],"picked":"Stack","floor":47.0},{"not_picked":["Good Instincts","Mind Blast"],"picked":"Trip","floor":48.0}],"player_experience":76697,"potions_floor_usage":[50],"damage_taken":[{"damage":4.0,"enemies":"Small Slimes","floor":1.0,"turns":3.0},{"damage":0.0,"enemies":"2 Louse","floor":7.0,"turns":1.0},{"damage":0.0,"enemies":"Cultist","floor":8.0,"turns":3.0},{"damage":10.0,"enemies":"3 Sentries","floor":10.0,"turns":5.0},{"damage":8.0,"enemies":"Blue Slaver","floor":13.0,"turns":3.0},{"damage":21.0,"enemies":"Lagavulin","floor":14.0,"turns":6.0},{"damage":21.0,"enemies":"Hexaghost","floor":16.0,"turns":8.0},{"damage":2.0,"enemies":"Chosen","floor":18.0,"turns":4.0},{"damage":17.0,"enemies":"Spheric Guardian","floor":20.0,"turns":4.0},{"damage":11.0,"enemies":"Snake Plant","floor":22.0,"turns":3.0},{"damage":32.0,"enemies":"Centurion and Healer","floor":24.0,"turns":4.0},{"damage":4.0,"enemies":"Sentry and Sphere","floor":29.0,"turns":3.0},{"damage":46.0,"enemies":"Gremlin Leader","floor":30.0,"turns":7.0},{"damage":6.0,"enemies":"3 Cultists","floor":31.0,"turns":3.0},{"damage":19.0,"enemies":"Champ","floor":33.0,"turns":8.0},{"damage":12.0,"enemies":"Orb Walker","floor":35.0,"turns":3.0},{"damage":11.0,"enemies":"Flame Bruiser 1 Orb","floor":36.0,"turns":3.0},{"damage":64.0,"enemies":"2 Orb Walkers","floor":40.0,"turns":4.0},{"damage":16.0,"enemies":"3 Darklings","floor":44.0,"turns":4.0},{"damage":0.0,"enemies":"4 Shapes","floor":47.0,"turns":1.0},{"damage":65,"enemies":"Time Eater","floor":50,"turns":10}],"event_choices":[{"event_name":"Liars Game","player_choice":"agreed","floor":2.0,"damage_taken":0.0},{"event_name":"Big Fish","player_choice":"Box","floor":4.0,"damage_taken":0.0},{"event_name":"Beggar","player_choice":"Gave Gold","floor":21.0,"damage_taken":0.0},{"event_name":"Winding Halls","player_choice":"Writhe","floor":38.0,"damage_taken":0.0},{"event_name":"Wheel of Change","player_choice":"Card Removal","floor":39.0,"damage_taken":0.0},{"event_name":"Tomb of Lord Red Mask","player_choice":"Paid","floor":45.0,"damage_taken":0.0},{"event_name":"SensoryStone","player_choice":"Memory 1","floor":48.0,"damage_taken":0.0}],"boss_relics":[],"potions_floor_spawned":[1,8,10,22,24,30,33,40,47],"seed_played":"848775667263113764","ascension_level":2,"is_trial":false}