{"gold_per_floor":[117,292,367,386,386,386,401,401,401,401,57,76,96,27,27,27],"floor_reached":16,"playtime":522,"items_purged":[],"score":140,"play_id":"efa5d2fc-5668-48ff-9e28-5e48a76cea89","local_time":"20190317173136","is_ascension_mode":true,"campfire_choices":[{"floor":6,"key":"REST"},{"floor":8,"key":"REST"},{"data":"Bash","floor":10,"key":"SMITH"},{"data":"1","floor":15,"key":"LIFT"}],"neow_cost":"PERCENT_DAMAGE","seed_source_timestamp":23694147915801,"circlet_count":0,"master_deck":["AscendersBane","Strike_R","Strike_R","Strike_R","Defend_R","Defend_R","Defend_R","Defend_R","Bash+1","Doubt","Battle Trance","Body Slam","Dropkick","Evolve"],"relics":["Burning Blood","Matryoshka","Potion Belt","Sundial","Girya"],"potions_floor_usage":[7],"damage_taken":[{"damage":2,"enemies":"Jaw Worm","floor":1,"turns":6},{"damage":9,"enemies":"2 Louse","floor":4,"turns":3},{"damage":14,"enemies":"Cultist","floor":7,"turns":5},{"damage":24,"enemies":"Exordium Wildlife","floor":12,"turns":4},{"damage":46,"enemies":"Large Slime","floor":13,"turns":10},{"damage":21,"enemies":"Hexaghost","floor":16,"turns":4}],"seed_played":"2407414519587184156","potions_obtained":[{"floor":1,"key":"SteroidPotion"},{"floor":13,"key":"SpeedPotion"}],"is_trial":false,"path_per_floor":["M","?","?","M","?","R","M","R","T","R","$","M","M","$","R","B"],"character_chosen":"IRONCLAD","items_purchased":["Girya","Battle Trance","Evolve"],"campfire_rested":2,"item_purchase_floors":[11,11,14],"current_hp_per_floor":[55,55,44,41,34,58,50,74,74,74,74,56,16,16,16,0],"gold":27,"neow_bonus":"REMOVE_TWO","is_prod":false,"is_daily":false,"chose_seed":false,"campfire_upgraded":1,"win_rate":0,"timestamp":1552811496,"path_taken":["M","?","?","M","?","R","?","R","T","R","$","M","M","?","R","BOSS"],"build_version":"2019-01-23","purchased_purges":0,"victory":false,"max_hp_per_floor":[80,80,80,80,80,80,80,80,80,80,80,80,80,80,80,80],"card_choices":[{"not_picked":["Sever Soul","Anger","Twin Strike"],"picked":"SKIP","floor":1},{"not_picked":["Rampage","Iron Wave","Intimidate"],"picked":"SKIP","floor":4},{"not_picked":["Anger","Headbutt","Clash"],"picked":"SKIP","floor":7},{"not_picked":["Flex","Sever Soul"],"picked":"Body Slam","floor":12},{"not_picked":["Clash","Fire Breathing"],"picked":"Dropkick","floor":13}],"player_experience":403468,"relics_obtained":[{"floor":9,"key":"Potion Belt"},{"floor":9,"key":"Sundial"}],"event_choices":[{"damage_healed":0,"gold_gain":175,"player_choice":"AGREE","damage_taken":0,"max_hp_gain":0,"max_hp_loss":0,"event_name":"Liars Game","floor":2,"gold_loss":0,"cards_obtained":["Doubt"]},{"damage_healed":0,"gold_gain":75,"player_choice":"Gather Gold","damage_taken":11,"max_hp_gain":0,"max_hp_loss":0,"event_name":"World of Goop","floor":3,"gold_loss":0},{"damage_healed":0,"gold_gain":0,"player_choice":"Success","damage_taken":7,"relics_obtained":["Matryoshka"],"max_hp_gain":0,"max_hp_loss":0,"event_name":"Scrap Ooze","floor":5,"gold_loss":0}],"is_beta":false,"boss_relics":[],"items_purged_floors":[],"is_endless":false,"potions_floor_spawned":[1,13],"killed_by":"Hexaghost","ascension_level":11}