{"gold_per_floor":[113,87,107,57,57,83,100,100,100,46,46,80,80,80,80,205,205,228,228,251,81,81,81,105,129,179,179],"floor_reached":27,"playtime":1367,"items_purged":["Parasite"],"score":342,"play_id":"667a8b02-3b30-4425-a20d-2ba9cdd0293d","local_time":"20190318205618","is_ascension_mode":true,"campfire_choices":[{"data":"Loop","floor":8.0,"key":"SMITH"},{"data":"Glacier","floor":15.0,"key":"SMITH"},{"data":"Echo Form","floor":23.0,"key":"SMITH"}],"neow_cost":"NONE","seed_source_timestamp":33768007591964,"circlet_count":0,"master_deck":["Strike_B","Strike_B","Strike_B","Defend_B","Defend_B+1","Defend_B","Defend_B","Zap","Dualcast+1","Loop+1","Go for the Eyes","Cold Snap","Auto Shields","Capacitor","Injury","Glacier+1","Electrodynamics","Darkness+1","Echo Form+1","Core Surge","FTL"],"special_seed":0,"relics":["Cracked Core","NeowsBlessing","Thread and Needle","The Courier","Golden Idol","Blue Candle","Sozu","Bronze Scales"],"potions_floor_usage":[],"damage_taken":[{"damage":0.0,"enemies":"Cultist","floor":1.0,"turns":1.0},{"damage":0.0,"enemies":"Small Slimes","floor":3.0,"turns":1.0},{"damage":0.0,"enemies":"Lagavulin","floor":6.0,"turns":1.0},{"damage":1.0,"enemies":"2 Louse","floor":7.0,"turns":2.0},{"damage":21.0,"enemies":"3 Sentries","floor":12.0,"turns":8.0},{"damage":34.0,"enemies":"Hexaghost","floor":16.0,"turns":17.0},{"damage":10.0,"enemies":"Chosen","floor":18.0,"turns":7.0},{"damage":4.0,"enemies":"Spheric Guardian","floor":20.0,"turns":6.0},{"damage":6.0,"enemies":"Centurion and Healer","floor":24.0,"turns":9.0},{"damage":23.0,"enemies":"Shelled Parasite and Fungi","floor":25.0,"turns":6.0},{"damage":21,"enemies":"Gremlin Leader","floor":27,"turns":2}],"seed_played":"-4054473141357451305","potions_obtained":[{"floor":1.0,"key":"Swift Potion"},{"floor":6.0,"key":"LiquidBronze"}],"is_trial":false,"path_per_floor":["M","$","M","?","$","E","M","R","T","$","?","E","?","?","R","B",null,"M","?","M","$","?","R","M","M","T","E"],"character_chosen":"DEFECT","items_purchased":["Go for the Eyes","Capacitor","Echo Form"],"campfire_rested":0,"item_purchase_floors":[2,10,21],"current_hp_per_floor":[68,68,68,68,68,68,67,67,67,67,67,46,64,49,49,15,60,50,50,46,46,46,46,40,17,17,0],"gold":179,"neow_bonus":"THREE_ENEMY_KILL","is_prod":false,"is_daily":false,"chose_seed":false,"campfire_upgraded":3,"win_rate":0,"timestamp":1552960578,"path_taken":["M","$","?","?","$","E","M","R","T","$","?","E","?","?","R","BOSS","M","?","M","$","?","R","M","M","T","E"],"build_version":"2019-01-23","purchased_purges":1,"victory":false,"max_hp_per_floor":[75,75,75,75,75,75,75,75,75,75,75,75,75,75,75,75,75,75,75,75,72,72,72,72,72,72,72],"card_choices":[{"not_picked":["Ball Lightning","Consume"],"picked":"Loop","floor":1.0},{"not_picked":["Leap","Hologram"],"picked":"Cold Snap","floor":3.0},{"not_picked":["Recycle","Static Discharge","Beam Cell"],"picked":"SKIP","floor":6.0},{"not_picked":["Lockon","Steam"],"picked":"Auto Shields","floor":7.0},{"not_picked":["Cold Snap","Scrape"],"picked":"Glacier","floor":12.0},{"not_picked":["Machine Learning","Echo Form"],"picked":"Electrodynamics","floor":16.0},{"not_picked":["Glacier","Leap","Sweeping Beam"],"picked":"SKIP","floor":18.0},{"not_picked":["Streamline","Stack"],"picked":"Darkness+1","floor":20.0},{"not_picked":["Stack","Leap"],"picked":"Core Surge","floor":24.0},{"not_picked":["Coolheaded","Turbo+1"],"picked":"FTL","floor":25.0}],"player_experience":562751,"relics_obtained":[{"floor":6.0,"key":"Thread and Needle"},{"floor":9.0,"key":"The Courier"},{"floor":12.0,"key":"Blue Candle"},{"floor":26.0,"key":"Bronze Scales"}],"event_choices":[{"cards_removed":["Strike_B"],"damage_healed":0.0,"max_hp_gain":0.0,"max_hp_loss":0.0,"gold_gain":0.0,"event_name":"The Cleric","player_choice":"Card Removal","floor":4.0,"gold_loss":50.0,"damage_taken":0.0},{"damage_healed":0.0,"max_hp_gain":0.0,"max_hp_loss":0.0,"gold_gain":0.0,"event_name":"Golden Idol","player_choice":"Take Wound","floor":11.0,"gold_loss":0.0,"damage_taken":0.0,"relics_obtained":["Golden Idol"],"cards_obtained":["Injury"]},{"damage_healed":18.0,"max_hp_gain":0.0,"max_hp_loss":0.0,"gold_gain":0.0,"event_name":"Mushrooms","player_choice":"Healed and dodged fight","floor":13.0,"gold_loss":0.0,"damage_taken":0.0,"cards_obtained":["Parasite"]},{"damage_healed":0.0,"max_hp_gain":0.0,"max_hp_loss":0.0,"gold_gain":0.0,"event_name":"Shining Light","player_choice":"Entered Light","floor":14.0,"gold_loss":0.0,"damage_taken":15.0,"cards_upgraded":["Dualcast","Defend_B"]},{"damage_healed":0.0,"max_hp_gain":0.0,"max_hp_loss":0.0,"gold_gain":0.0,"event_name":"Vampires","player_choice":"Ignored","floor":19.0,"gold_loss":0.0,"damage_taken":0.0},{"damage_healed":0.0,"max_hp_gain":0.0,"max_hp_loss":0.0,"gold_gain":0.0,"event_name":"Cursed Tome","player_choice":"Ignored","floor":22.0,"gold_loss":0.0,"damage_taken":0.0}],"is_beta":false,"boss_relics":[{"not_picked":["Ectoplasm","White Beast Statue"],"picked":"Sozu"}],"items_purged_floors":[21],"is_endless":false,"potions_floor_spawned":[1,6,20,25],"killed_by":"Gremlin Leader","ascension_level":8}