{"gold_per_floor":[112,123,140,7,82,108,124,142,142,142,153,153,153,187,187,287,287,304,304,304,321,335,335,335],"floor_reached":24,"playtime":1685,"items_purged":[],"score":208,"play_id":"1e697e62-b83e-48e2-bfc5-d19afb4888c1","local_time":"20180629114613","is_ascension_mode":false,"campfire_choices":[{"floor":13,"key":"REST"},{"floor":15,"key":"REST"},{"data":"Demon Form","floor":23,"key":"SMITH"}],"neow_cost":"NONE","seed_source_timestamp":240830007190281,"circlet_count":0,"master_deck":["Strike_R","Strike_R","Strike_R","Defend_R","Defend_R","Defend_R","Defend_R","Bash","Infernal Blade","Pommel Strike","Bloodletting","Rupture","Heavy Blade","Infernal Blade","Flex","Bloodletting","Armaments","Demon Form+1","Pommel Strike","Demon Form","Cleave","Flex","RitualDagger","Armaments","Pummel"],"relics":["Burning Blood","Pantograph","Bag of Preparation","Anchor","Ornamental Fan","Velvet Choker"],"potions_floor_usage":[24],"damage_taken":[{"damage":3,"enemies":"Small Slimes","floor":1,"turns":4},{"damage":2,"enemies":"2 Louse","floor":2,"turns":2},{"damage":6,"enemies":"Jaw Worm","floor":3,"turns":4},{"damage":47,"enemies":"Lagavulin","floor":6,"turns":8},{"damage":7,"enemies":"Blue Slaver","floor":7,"turns":2},{"damage":0,"enemies":"3 Louse","floor":8,"turns":3},{"damage":28,"enemies":"Exordium Wildlife","floor":11,"turns":4},{"damage":22,"enemies":"3 Sentries","floor":14,"turns":8},{"damage":45,"enemies":"Slime Boss","floor":16,"turns":8},{"damage":32,"enemies":"Spheric Guardian","floor":18,"turns":5},{"damage":12,"enemies":"3 Byrds","floor":21,"turns":4},{"damage":29,"enemies":"3 Cultists","floor":22,"turns":4},{"damage":35,"enemies":"Cultist and Chosen","floor":24,"turns":4}],"seed_played":"7295513181724514272","potions_obtained":[{"floor":2,"key":"Strength Potion"},{"floor":7,"key":"Strength Potion"},{"floor":8,"key":"SpeedPotion"},{"floor":14,"key":"Strength Potion"},{"floor":22,"key":"GamblersBrew"}],"is_trial":false,"path_per_floor":["M","M","M","$","?","E","M","M","T","?","M","?","R","E","R","B",null,"M","?","?","M","M","R"],"character_chosen":"IRONCLAD","items_purchased":["Rupture","Heavy Blade"],"campfire_rested":2,"item_purchase_floors":[4,4],"current_hp_per_floor":[88,88,88,88,77,36,35,41,41,41,19,12,38,22,48,34,88,62,62,56,50,27,27,0],"gold":335,"neow_bonus":"TEN_PERCENT_HP_BONUS","is_prod":false,"is_daily":false,"chose_seed":false,"campfire_upgraded":1,"win_rate":0.0,"timestamp":1530294373,"path_taken":["M","M","M","$","?","E","M","M","T","?","M","?","R","E","R","BOSS","M","?","?","M","M","R","M"],"build_version":"2018-06-28","purchased_purges":0,"victory":false,"max_hp_per_floor":[88,88,88,88,88,88,88,88,88,88,88,88,88,88,88,88,88,88,88,88,88,88,88,88],"card_choices":[{"not_picked":["Perfected Strike","Pommel Strike"],"picked":"Infernal Blade","floor":1},{"not_picked":["Cleave","Warcry"],"picked":"Pommel Strike","floor":2},{"not_picked":["Clash","Bludgeon"],"picked":"Bloodletting","floor":3},{"not_picked":["Corruption","Iron Wave"],"picked":"Infernal Blade","floor":6},{"not_picked":["Armaments","Battle Trance"],"picked":"Flex","floor":7},{"not_picked":["Heavy Blade","Fire Breathing"],"picked":"Bloodletting","floor":8},{"not_picked":["Shrug It Off","Thunderclap"],"picked":"Demon Form","floor":11},{"not_picked":["Warcry","Perfected Strike"],"picked":"Pommel Strike","floor":14},{"not_picked":["Juggernaut","Bludgeon"],"picked":"Demon Form","floor":16},{"not_picked":["Perfected Strike","Burning Pact"],"picked":"Cleave","floor":18},{"not_picked":["Second Wind+1","True Grit+1"],"picked":"Armaments","floor":21},{"not_picked":["Uppercut","True Grit+1"],"picked":"Pummel","floor":22}],"player_experience":62394,"relics_obtained":[{"floor":6,"key":"Pantograph"},{"floor":9,"key":"Bag of Preparation"},{"floor":14,"key":"Ornamental Fan"}],"event_choices":[{"event_name":"World of Goop","player_choice":"Gather Gold","floor":5,"damage_taken":0},{"event_name":"Living Wall","player_choice":"Change","floor":10,"damage_taken":0},{"event_name":"Scrap Ooze","player_choice":"success","floor":12,"damage_taken":7},{"event_name":"Transmorgrifier","player_choice":"Transform","floor":19,"damage_taken":0},{"event_name":"Nest","player_choice":"Joined the Cult","floor":20,"damage_taken":0}],"boss_relics":[{"not_picked":["Orrery","Runic Cube"],"picked":"Velvet Choker"}],"items_purged_floors":[],"is_endless":false,"potions_floor_spawned":[2,7,8,14,21,22],"killed_by":"Cultist and Chosen","ascension_level":0}