{"gold_per_floor":[19,38,55,71,87,87,87,122,122,122,72,72,83,100,100,196,196,207,30,43,43,61,93,93,126,126,126,126,126,138,152,152,249,249,259,109,119,24,24,57,70,70,95,107,107,142,154,254,254,254],"floor_reached":51,"playtime":2345,"items_purged":[],"score":999,"play_id":"75d61f70-81ad-4195-af41-52e3fdb7c28d","local_time":"20180831120953","is_ascension_mode":true,"campfire_choices":[{"data":"Armaments","floor":6.0,"key":"SMITH"},{"data":"Rage","floor":10.0,"key":"SMITH"},{"data":"Sword Boomerang","floor":12.0,"key":"SMITH"},{"data":"Spot Weakness","floor":15.0,"key":"SMITH"},{"data":"Defend_R","floor":24.0,"key":"PURGE"},{"data":"Pain","floor":27,"key":"PURGE"},{"data":"Strike_R","floor":29,"key":"PURGE"},{"floor":32,"key":"REST"},{"data":"Strike_R","floor":42,"key":"PURGE"},{"data":"Injury","floor":45,"key":"PURGE"},{"data":"Defend_R","floor":49,"key":"PURGE"}],"neow_cost":"NO_GOLD","seed_source_timestamp":1039470813748169,"circlet_count":0,"master_deck":["Strike_R","Defend_R","Defend_R","Bash+1","Armaments+1","Flex+1","Pommel Strike","Sword Boomerang+1","Feed","Rage+1","Shrug It Off","Spot Weakness+1","Double Tap","Shrug It Off","Panache","Flex","Dual Wield","Shrug It Off","Infernal Blade","Clothesline+1","Demon Form","Havoc+1","Forethought","Infernal Blade+1","Shrug It Off+1","Shrug It Off+1"],"special_seed":0,"relics":["Burning Blood","Gambling Chip","Anchor","Matryoshka","Cursed Key","Centennial Puzzle","Peace Pipe","Lantern","Bronze Scales","Ginger","Coffee Dripper","Whetstone","Darkstone Periapt","Oddly Smooth Stone","Vajra","Du-Vu Doll"],"potions_floor_usage":[25,33,47,50,50],"damage_taken":[{"damage":6.0,"enemies":"2 Louse","floor":1.0,"turns":4.0},{"damage":7.0,"enemies":"Jaw Worm","floor":2.0,"turns":5.0},{"damage":0.0,"enemies":"Small Slimes","floor":3.0,"turns":3.0},{"damage":17.0,"enemies":"Exordium Wildlife","floor":4.0,"turns":4.0},{"damage":10.0,"enemies":"Gremlin Gang","floor":5.0,"turns":7.0},{"damage":25.0,"enemies":"3 Sentries","floor":8.0,"turns":9.0},{"damage":0.0,"enemies":"Large Slime","floor":13.0,"turns":5.0},{"damage":6.0,"enemies":"Lots of Slimes","floor":14.0,"turns":4.0},{"damage":33.0,"enemies":"Slime Boss","floor":16.0,"turns":11.0},{"damage":11.0,"enemies":"Spheric Guardian","floor":18.0,"turns":3.0},{"damage":0.0,"enemies":"Chosen","floor":20.0,"turns":3.0},{"damage":4.0,"enemies":"Centurion and Healer","floor":22.0,"turns":4.0},{"damage":40.0,"enemies":"Slavers","floor":23.0,"turns":7.0},{"damage":9,"enemies":"Book of Stabbing","floor":25,"turns":3},{"damage":14,"enemies":"Snecko","floor":30,"turns":4},{"damage":6,"enemies":"Sentry and Sphere","floor":31,"turns":3},{"damage":38,"enemies":"Collector","floor":33,"turns":6},{"damage":1,"enemies":"Orb Walker","floor":35,"turns":2},{"damage":0,"enemies":"3 Shapes","floor":37,"turns":2},{"damage":13,"enemies":"Giant Head","floor":40,"turns":5},{"damage":7,"enemies":"Maw","floor":41,"turns":5},{"damage":14,"enemies":"Reptomancer","floor":44,"turns":3},{"damage":18,"enemies":"2 Orb Walkers","floor":46,"turns":5},{"damage":17,"enemies":"Spire Growth","floor":47,"turns":4},{"damage":61,"enemies":"Awakened One","floor":50,"turns":12}],"seed_played":"5780742712777551672","potions_obtained":[{"floor":2.0,"key":"AttackPotion"},{"floor":13.0,"key":"EssenceOfSteel"},{"floor":14.0,"key":"Poison Potion"},{"floor":18.0,"key":"Dexterity Potion"},{"floor":20.0,"key":"Block Potion"},{"floor":25,"key":"Dexterity Potion"},{"floor":30,"key":"Explosive Potion"},{"floor":41,"key":"Poison Potion"},{"floor":46,"key":"Swift Potion"}],"is_trial":false,"path_per_floor":["M","M","M","M","M","R","?","E","T","R","?","R","M","M","R","B",null,"M","$","M","?","M","E","R","E","T","R","?","R","M","M","R","B",null,"M","$","M","$","?","E","M","R","T","M","R","E","M","?","R","B"],"character_chosen":"IRONCLAD","items_purchased":["Panache","Whetstone","Forethought"],"campfire_rested":1,"item_purchase_floors":[19,36,38],"current_hp_per_floor":[80,79,80,69,65,65,65,50,50,50,50,50,60,63,63,40,81,76,76,85,85,87,56,56,53,53,53,33,33,29,29,62,30,90,99,99,105,105,105,98,97,97,103,95,95,86,78,78,78,23],"gold":254,"neow_bonus":"ONE_RARE_RELIC","is_prod":false,"is_daily":false,"chose_seed":false,"campfire_upgraded":4,"win_rate":0,"timestamp":1535738993,"path_taken":["M","M","M","M","M","R","?","E","T","R","?","R","M","?","R","BOSS","M","$","M","?","?","E","R","E","T","R","?","R","M","M","R","BOSS","M","$","M","$","?","E","M","R","T","M","R","E","M","?","R","BOSS"],"build_version":"2018-08-30","purchased_purges":0,"victory":true,"max_hp_per_floor":[80,80,80,80,80,80,80,84,84,84,84,84,88,91,91,95,95,95,95,98,98,98,101,101,101,101,101,106,106,110,110,110,110,110,114,114,114,114,114,114,114,114,120,120,120,123,126,126,126,126],"card_choices":[{"not_picked":["Combust","Twin Strike"],"picked":"Armaments","floor":1.0},{"not_picked":["Body Slam","Perfected Strike"],"picked":"Flex","floor":2.0},{"not_picked":["Headbutt","Anger"],"picked":"Pommel Strike","floor":3.0},{"not_picked":["True Grit","Pommel Strike"],"picked":"Sword Boomerang","floor":4.0},{"not_picked":["True Grit","Fire Breathing"],"picked":"Feed","floor":5.0},{"not_picked":["Heavy Blade","Sever Soul"],"picked":"Rage","floor":8.0},{"not_picked":["Body Slam","Headbutt"],"picked":"Shrug It Off","floor":13.0},{"not_picked":["Perfected Strike","Pommel Strike"],"picked":"Spot Weakness","floor":14.0},{"not_picked":["Offering","Dark Embrace"],"picked":"Double Tap","floor":16.0},{"not_picked":["Twin Strike","Iron Wave"],"picked":"Shrug It Off","floor":18.0},{"not_picked":["Warcry","Rampage+1"],"picked":"Flex","floor":20.0},{"not_picked":["Battle Trance","Perfected Strike"],"picked":"Dual Wield","floor":22.0},{"not_picked":["Warcry","Iron Wave+1"],"picked":"Shrug It Off","floor":23.0},{"not_picked":["Battle Trance","Headbutt"],"picked":"Infernal Blade","floor":25},{"not_picked":["Shrug It Off","Impervious"],"picked":"Clothesline+1","floor":30},{"not_picked":["Sentinel","Second Wind","Feel No Pain"],"picked":"SKIP","floor":31},{"not_picked":["Dark Embrace","Feed"],"picked":"Demon Form","floor":33},{"not_picked":["Headbutt+1","Cleave"],"picked":"Havoc+1","floor":35},{"not_picked":["Clothesline","Pommel Strike","Headbutt"],"picked":"SKIP","floor":37},{"not_picked":["Second Wind","Anger+1"],"picked":"Infernal Blade+1","floor":40},{"not_picked":["Intimidate","Inflame","Warcry"],"picked":"SKIP","floor":41},{"not_picked":["Body Slam","Clash+1"],"picked":"Shrug It Off+1","floor":44},{"not_picked":["Flex+1","Perfected Strike","Dual Wield+1"],"picked":"SKIP","floor":46},{"not_picked":["Headbutt+1","Clash"],"picked":"Shrug It Off+1","floor":47}],"player_experience":445376,"relics_obtained":[{"floor":8.0,"key":"Anchor"},{"floor":9.0,"key":"Matryoshka"},{"floor":21.0,"key":"Centennial Puzzle"},{"floor":23.0,"key":"Peace Pipe"},{"floor":25,"key":"Lantern"},{"floor":26,"key":"Bronze Scales"},{"floor":26,"key":"Ginger"},{"floor":40,"key":"Darkstone Periapt"},{"floor":43,"key":"Oddly Smooth Stone"},{"floor":43,"key":"Vajra"},{"floor":46,"key":"Du-Vu Doll"}],"event_choices":[{"event_name":"Living Wall","player_choice":"Grow","floor":7.0,"damage_taken":0.0},{"event_name":"The Cleric","player_choice":"Card Removal","floor":11.0,"damage_taken":0.0},{"event_name":"Wheel of Change","player_choice":"Relic","floor":21.0,"damage_taken":0.0},{"event_name":"Forgotten Altar","player_choice":"Shed Blood","floor":28,"damage_taken":0},{"event_name":"Falling","player_choice":"Removed Attack","floor":39,"damage_taken":0},{"event_name":"Golden Shrine","player_choice":"Pray","floor":48,"damage_taken":0}],"is_beta":false,"boss_relics":[{"not_picked":["Astrolabe","Runic Cube"],"picked":"Cursed Key"},{"not_picked":["Tiny House","Velvet Choker"],"picked":"Coffee Dripper"}],"items_purged_floors":[],"is_endless":false,"potions_floor_spawned":[2,13,14,18,20,25,30,41,46],"ascension_level":5}