{"gold_per_floor":[114,67,83,83,83,83,99,99,99,114,145,159,159,179,179,283,283,302,148,148,160,173,173,173,173,173,193,193,212,212,66,66,169,169,186,186,204,204,204,230,249,249,273,27,27,27,42,75,75,75],"floor_reached":51,"playtime":2507,"items_purged":["Pain"],"score":789,"play_id":"98aa5428-d296-4016-993a-c462e12d0c0c","local_time":"20190312171616","is_ascension_mode":true,"campfire_choices":[{"data":"Neutralize","floor":6,"key":"SMITH"},{"data":"Leg Sweep","floor":8,"key":"SMITH"},{"data":"Deadly Poison","floor":15,"key":"SMITH"},{"floor":23,"key":"REST"},{"data":"Crippling Poison","floor":25,"key":"SMITH"},{"data":"Deadly Poison","floor":28,"key":"SMITH"},{"data":"Bouncing Flask","floor":30,"key":"SMITH"},{"data":"Backflip","floor":32,"key":"SMITH"},{"data":"Corpse Explosion","floor":45,"key":"SMITH"},{"floor":49,"key":"REST"}],"neow_cost":"NONE","seed_source_timestamp":30193941009751,"circlet_count":0,"master_deck":["Defend_G","Defend_G+1","Defend_G","Defend_G","Strike_G","Strike_G","Strike_G","Survivor","Neutralize+1","Backflip+1","Deadly Poison+1","Leg Sweep+1","Quick Slash","Backflip+1","Backflip","Die Die Die","Backstab","Backstab","Crippling Poison+1","Deadly Poison+1","Bouncing Flask+1","Corpse Explosion+1","Doubt","Blind","Catalyst+1","Deflect+1"],"relics":["Eternal Feather","Mercury Hourglass","FossilizedHelix","WarpedTongs","Runic Pyramid","War Paint","Darkstone Periapt","Orichalcum","Sozu","Singing Bowl","Vajra","Bottled Lightning","Bag of Preparation"],"potions_floor_usage":[21,50],"damage_taken":[{"damage":1,"enemies":"2 Louse","floor":1,"turns":3},{"damage":0,"enemies":"Jaw Worm","floor":3,"turns":4},{"damage":0,"enemies":"Cultist","floor":7,"turns":5},{"damage":7,"enemies":"Large Slime","floor":10,"turns":7},{"damage":15,"enemies":"3 Sentries","floor":11,"turns":7},{"damage":0,"enemies":"Lots of Slimes","floor":12,"turns":4},{"damage":0,"enemies":"2 Fungi Beasts","floor":14,"turns":4},{"damage":22,"enemies":"The Guardian","floor":16,"turns":12},{"damage":16,"enemies":"3 Byrds","floor":18,"turns":4},{"damage":13,"enemies":"Colosseum Slavers","floor":20,"turns":4},{"damage":0,"enemies":"Chosen","floor":21,"turns":4},{"damage":3,"enemies":"Snecko","floor":22,"turns":7},{"damage":0,"enemies":"Cultist and Chosen","floor":27,"turns":5},{"damage":0,"enemies":"3 Cultists","floor":29,"turns":4},{"damage":45,"enemies":"Collector","floor":33,"turns":7},{"damage":7,"enemies":"3 Shapes","floor":35,"turns":4},{"damage":0,"enemies":"Orb Walker","floor":37,"turns":3},{"damage":26,"enemies":"Giant Head","floor":40,"turns":8},{"damage":16,"enemies":"3 Darklings","floor":41,"turns":4},{"damage":0,"enemies":"Maw","floor":47,"turns":7},{"damage":33,"enemies":"Reptomancer","floor":48,"turns":6},{"damage":48,"enemies":"Awakened One","floor":50,"turns":13}],"seed_played":"-669663966184755145","potions_obtained":[{"floor":1,"key":"Ancient Potion"},{"floor":10,"key":"FearPotion"},{"floor":12,"key":"SteroidPotion"},{"floor":14,"key":"Poison Potion"},{"floor":16,"key":"Regen Potion"},{"floor":33,"key":"Fire Potion"}],"is_trial":false,"path_per_floor":["?","?","M","?","$","?","T","$","?","M","?","?","?","?","M"],"character_chosen":"THE_SILENT","items_purchased":["Deadly Poison","Backstab","Orichalcum","Bottled Lightning"],"campfire_rested":2,"item_purchase_floors":[2,19,31,44],"current_hp_per_floor":[69,69,69,69,69,70,70,70,70,63,48,48,48,48,57,35,70,54,54,41,41,38,70,70,70,70,70,70,70,70,70,70,25,70,63,63,63,63,63,39,25,80,80,80,80,80,80,47,80,47],"gold":75,"neow_bonus":"BOSS_RELIC","is_prod":false,"is_daily":false,"chose_seed":false,"campfire_upgraded":8,"win_rate":0,"timestamp":1552407376,"path_taken":["M","$","M","?","?","R","M","R","T","M","E","?","?","M","R","BOSS","M","?","?","M","M","R","?","R","T","M","R","M","R","?","R","BOSS","M","?","?","?","?","E","M","?","T","$","R","?","?","E","R","BOSS"],"build_version":"2019-01-23","purchased_purges":1,"victory":true,"max_hp_per_floor":[70,70,70,70,70,70,70,70,70,70,70,70,70,70,70,70,70,70,70,70,70,70,70,70,70,70,70,70,70,70,70,70,70,70,70,70,70,70,70,72,74,80,80,80,80,80,80,80,80,80],"card_choices":[{"not_picked":["Heel Hook","Slice"],"picked":"Backflip","floor":1},{"not_picked":["Setup","Skewer"],"picked":"Leg Sweep","floor":3},{"not_picked":["Choke","Flechettes"],"picked":"Quick Slash","floor":7},{"not_picked":["Caltrops","Leg Sweep"],"picked":"Backflip","floor":10},{"not_picked":["Acrobatics","Finisher","Leg Sweep"],"picked":"SKIP","floor":11},{"not_picked":["Cloak And Dagger","Setup","Blade Dance"],"picked":"SKIP","floor":12},{"not_picked":["Venomology","Accuracy"],"picked":"Backflip","floor":14},{"not_picked":["Grand Finale","Night Terror"],"picked":"Die Die Die","floor":16},{"not_picked":["Acrobatics","Tactician+1","Cloak And Dagger+1"],"picked":"SKIP","floor":18},{"not_picked":["Acrobatics","Dagger Throw"],"picked":"Backstab","floor":21},{"not_picked":["Cloak And Dagger","Underhanded Strike"],"picked":"Crippling Poison","floor":22},{"not_picked":["Deflect","Tactician","Deadly Poison"],"picked":"SKIP","floor":27},{"not_picked":["Deflect","Tactician"],"picked":"Deadly Poison","floor":27},{"not_picked":["Finisher","Caltrops"],"picked":"Bouncing Flask","floor":29},{"not_picked":["Phantasmal Killer","Burst"],"picked":"Corpse Explosion","floor":33},{"not_picked":["Skewer+1","Dodge and Roll","Acrobatics"],"picked":"SKIP","floor":35},{"not_picked":["Poisoned Stab","Dash"],"picked":"Bane+1","floor":37},{"not_picked":["Leg Sweep+1","Storm of Steel","Terror+1"],"picked":"Singing Bowl","floor":40},{"not_picked":["Outmaneuver","Slice","Sucker Punch"],"picked":"Singing Bowl","floor":41},{"not_picked":["Trip","Panacea"],"picked":"Blind","floor":46},{"not_picked":["Footwork+1","Tactician+1"],"picked":"Catalyst+1","floor":47},{"not_picked":["Venomology","Quick Slash+1"],"picked":"Deflect+1","floor":48}],"player_experience":232376,"relics_obtained":[{"floor":9,"key":"Mercury Hourglass"},{"floor":11,"key":"FossilizedHelix"},{"floor":24,"key":"War Paint"},{"floor":26,"key":"Darkstone Periapt"},{"floor":40,"key":"Singing Bowl"},{"floor":43,"key":"Vajra"},{"floor":48,"key":"Bag of Preparation"}],"event_choices":[{"cards_removed":["Strike_G"],"damage_healed":0,"gold_gain":0,"player_choice":"Forget","damage_taken":0,"max_hp_gain":0,"max_hp_loss":0,"event_name":"Living Wall","floor":4,"gold_loss":0},{"cards_removed":["Strike_G"],"damage_healed":0,"gold_gain":0,"player_choice":"Purged","damage_taken":0,"max_hp_gain":0,"max_hp_loss":0,"event_name":"Purifier","floor":5,"gold_loss":0},{"damage_healed":0,"gold_gain":0,"player_choice":"Rummage","damage_taken":0,"relics_obtained":["WarpedTongs"],"max_hp_gain":0,"max_hp_loss":0,"event_name":"Accursed Blacksmith","floor":13,"gold_loss":0,"cards_obtained":["Pain"]},{"damage_healed":0,"gold_gain":0,"player_choice":"Fight","damage_taken":0,"max_hp_gain":0,"max_hp_loss":0,"event_name":"Colosseum","floor":20,"gold_loss":0},{"damage_healed":0,"gold_gain":0,"player_choice":"Fled From Nobs","damage_taken":0,"max_hp_gain":0,"max_hp_loss":0,"event_name":"Colosseum","floor":20,"gold_loss":0},{"cards_removed":["Defend_G"],"damage_healed":0,"gold_gain":0,"player_choice":"Purged","damage_taken":0,"max_hp_gain":0,"max_hp_loss":0,"event_name":"Purifier","floor":36,"gold_loss":0},{"cards_removed":["Bane"],"damage_healed":0,"gold_gain":0,"player_choice":"Removed Attack","damage_taken":0,"max_hp_gain":0,"max_hp_loss":0,"event_name":"Falling","floor":38,"gold_loss":0},{"damage_healed":0,"gold_gain":0,"player_choice":"Ignored","damage_taken":0,"max_hp_gain":0,"max_hp_loss":0,"event_name":"Mysterious Sphere","floor":39,"gold_loss":0},{"damage_healed":49,"gold_gain":0,"player_choice":"Heal","damage_taken":0,"max_hp_gain":0,"max_hp_loss":0,"event_name":"MindBloom","floor":42,"gold_loss":0,"cards_obtained":["Doubt"]},{"damage_healed":0,"gold_gain":0,"player_choice":"Memory 1","damage_taken":0,"max_hp_gain":0,"max_hp_loss":0,"event_name":"SensoryStone","floor":46,"gold_loss":0}],"is_beta":false,"boss_relics":[{"not_picked":["Runic Dome","White Beast Statue"],"picked":"Runic Pyramid"},{"not_picked":["Black Star","Tiny House"],"picked":"Sozu"}],"items_purged_floors":[19],"is_endless":false,"potions_floor_spawned":[1,10,12,14,16,18,20,33,40,41,48],"ascension_level":1}