{"gold_per_floor":[114,114,114,134,134,134,459,479,479,479,535,535,535,548,548,648,698,710,635,635,651,670,670,687,687],"floor_reached":25,"playtime":2165,"items_purged":["Strike_B"],"score":236,"play_id":"d9327ff2-2e9e-4485-806e-766e900ed2ed","local_time":"20190226235642","is_ascension_mode":false,"campfire_choices":[{"data":"Zap","floor":6.0,"key":"SMITH"},{"floor":13.0,"key":"REST"},{"data":"Cold Snap","floor":15.0,"key":"SMITH"},{"data":"Cold Snap","floor":23,"key":"SMITH"}],"neow_cost":"NONE","seed_source_timestamp":0,"circlet_count":0,"master_deck":["Strike_B","Strike_B","Strike_B","Defend_B+1","Defend_B","Defend_B","Defend_B","Zap+1","Cold Snap+1","Cold Snap","Seek","Cold Snap+1","Seek","Capacitor+1"],"special_seed":0,"relics":["Cracked Core","NeowsBlessing","Old Coin","Calipers","Tiny Chest","Omamori","Tiny House"],"potions_floor_usage":[16,16],"damage_taken":[{"damage":0.0,"enemies":"Jaw Worm","floor":1.0,"turns":1.0},{"damage":0.0,"enemies":"Small Slimes","floor":4.0,"turns":1.0},{"damage":0.0,"enemies":"Lagavulin","floor":7.0,"turns":1.0},{"damage":4.0,"enemies":"Cultist","floor":8.0,"turns":3.0},{"damage":23.0,"enemies":"3 Sentries","floor":11.0,"turns":8.0},{"damage":10.0,"enemies":"Lots of Slimes","floor":14.0,"turns":5.0},{"damage":38,"enemies":"Slime Boss","floor":16,"turns":19},{"damage":4,"enemies":"Shell Parasite","floor":18,"turns":9},{"damage":10,"enemies":"Spheric Guardian","floor":21,"turns":6},{"damage":25,"enemies":"3 Cultists","floor":22,"turns":9},{"damage":27,"enemies":"Snake Plant","floor":24,"turns":6},{"damage":16,"enemies":"Gremlin Leader","floor":25,"turns":1}],"seed_played":"5933822072182431613","potions_obtained":[{"floor":7.0,"key":"Regen Potion"},{"floor":11.0,"key":"Regen Potion"},{"floor":14.0,"key":"LiquidBronze"},{"floor":17,"key":"Weak Potion"},{"floor":18,"key":"SteroidPotion"}],"is_trial":false,"path_per_floor":["M","$","?","M","$","R","E","M","T","?","E","?","R","M","R","B",null,"M","$","?","M","M","R","M","E"],"character_chosen":"DEFECT","items_purchased":[],"campfire_rested":1,"item_purchase_floors":[],"current_hp_per_floor":[75,75,68,68,68,68,68,64,64,64,41,29,51,41,41,48,80,76,76,76,66,41,41,14,0],"gold":687,"neow_bonus":"THREE_ENEMY_KILL","is_prod":false,"is_daily":false,"chose_seed":false,"campfire_upgraded":3,"win_rate":0.0,"timestamp":1551254202,"path_taken":["M","$","?","M","$","R","E","M","T","?","E","?","R","M","R","BOSS","M","$","?","M","M","R","M","E"],"build_version":"2019-01-23","purchased_purges":1,"victory":false,"max_hp_per_floor":[75,75,75,75,75,75,75,75,75,75,75,75,75,75,75,75,80,80,80,80,80,80,80,80,80],"card_choices":[{"not_picked":["Rebound","Hologram"],"picked":"Cold Snap","floor":1.0},{"not_picked":["Skim","Barrage","Stack"],"picked":"SKIP","floor":4.0},{"not_picked":["Beam Cell","Melter","Go for the Eyes"],"picked":"SKIP","floor":7.0},{"not_picked":["Self Repair","Steam"],"picked":"Cold Snap","floor":8.0},{"not_picked":["Chill","Undo"],"picked":"Seek","floor":11.0},{"not_picked":["Steam","Gash"],"picked":"Cold Snap","floor":14.0},{"not_picked":["Reboot","Amplify"],"picked":"Seek","floor":16},{"not_picked":["Steam","Coolheaded+1"],"picked":"Capacitor+1","floor":18},{"not_picked":["Chaos","Steam Power","Genetic Algorithm"],"picked":"SKIP","floor":21},{"not_picked":["Scrape","Sweeping Beam","Go for the Eyes"],"picked":"SKIP","floor":22},{"not_picked":["Redo","Barrage+1","Amplify"],"picked":"SKIP","floor":24}],"player_experience":64648,"relics_obtained":[{"floor":7.0,"key":"Old Coin"},{"floor":9.0,"key":"Calipers"},{"floor":11.0,"key":"Tiny Chest"}],"event_choices":[{"cards_removed":["Dualcast"],"damage_healed":0.0,"max_hp_gain":0.0,"max_hp_loss":0.0,"gold_gain":0.0,"event_name":"Golden Wing","player_choice":"Card Removal","floor":3.0,"gold_loss":0.0,"damage_taken":7.0},{"damage_healed":0.0,"max_hp_gain":0.0,"max_hp_loss":0.0,"gold_gain":0.0,"event_name":"Liars Game","player_choice":"Ignored","floor":10.0,"gold_loss":0.0,"damage_taken":0.0},{"damage_healed":0.0,"max_hp_gain":0.0,"max_hp_loss":0.0,"gold_gain":0.0,"event_name":"Scrap Ooze","player_choice":"Success","floor":12.0,"gold_loss":0.0,"damage_taken":12.0,"relics_obtained":["Omamori"]},{"damage_healed":0,"gold_gain":0,"player_choice":"Ignored","damage_taken":0,"max_hp_gain":0,"max_hp_loss":0,"event_name":"NoteForYourself","floor":20,"gold_loss":0}],"is_beta":false,"boss_relics":[{"not_picked":["Philosopher\u0027s Stone","Empty Cage"],"picked":"Tiny House"}],"items_purged_floors":[19],"is_endless":false,"potions_floor_spawned":[7,11,14,18,21,24],"killed_by":"Gremlin Leader","ascension_level":0}