{"gold_per_floor":[113,130,130,140,159,192,192,222,222,21,51,62,47],"floor_reached":13,"playtime":514,"items_purged":[],"score":119,"play_id":"c2ac6768-cac5-4692-8143-e9ecb171c1aa","local_time":"20180729114527","is_ascension_mode":true,"campfire_choices":[],"neow_cost":"NONE","seed_source_timestamp":1250355689354859,"circlet_count":0,"master_deck":["Strike_B","Strike_B","Strike_B","Defend_B","Defend_B","Defend_B","Defend_B","Zap","Dualcast","Scrape","Go for the Eyes","Compile Driver","Steam","Self Repair","Coolheaded","Loop","Sunder","Cold Snap"],"relics":["Busted Crown","Art of War","Dream Catcher","Matryoshka","Tiny Chest","Frozen Egg 2"],"potions_floor_usage":[6,13,13],"damage_taken":[{"damage":0,"enemies":"Small Slimes","floor":1,"turns":2},{"damage":9,"enemies":"2 Louse","floor":2,"turns":2},{"damage":0,"enemies":"Cultist","floor":4,"turns":3},{"damage":8,"enemies":"Looter","floor":5,"turns":3},{"damage":18,"enemies":"Lagavulin","floor":6,"turns":8},{"damage":37,"enemies":"Gremlin Nob","floor":8,"turns":5},{"damage":0,"enemies":"Blue Slaver","floor":12,"turns":3},{"damage":3,"enemies":"Exordium Thugs","floor":13,"turns":1}],"seed_played":"-6259022819271081510","potions_obtained":[{"floor":1,"key":"GamblersBrew"},{"floor":8,"key":"Strength Potion"},{"floor":12,"key":"LiquidBronze"}],"is_trial":false,"path_per_floor":["M","M","?","M","M","E","?","E","T","$","T","M"],"character_chosen":"DEFECT","items_purchased":["Coolheaded","Loop","Sunder"],"campfire_rested":0,"item_purchase_floors":[10,10,10],"current_hp_per_floor":[75,66,71,71,63,45,38,1,1,1,1,1,0],"gold":47,"neow_bonus":"BOSS_RELIC","is_prod":false,"is_daily":false,"chose_seed":false,"campfire_upgraded":0,"win_rate":0,"timestamp":1532886327,"path_taken":["M","M","?","?","M","E","?","E","T","$","?","M","M"],"build_version":"2018-07-26","purchased_purges":0,"victory":false,"max_hp_per_floor":[75,75,80,80,80,80,80,80,80,80,80,80,80],"card_choices":[{"not_picked":[],"picked":"Scrape","floor":1},{"not_picked":[],"picked":"Go for the Eyes","floor":2},{"not_picked":[],"picked":"Compile Driver","floor":4},{"not_picked":[],"picked":"Steam","floor":5},{"not_picked":["Force Field"],"picked":"SKIP","floor":6},{"not_picked":[],"picked":"Self Repair","floor":8},{"not_picked":[],"picked":"Cold Snap","floor":12}],"player_experience":290381,"relics_obtained":[{"floor":6,"key":"Art of War"},{"floor":8,"key":"Dream Catcher"},{"floor":9,"key":"Matryoshka"},{"floor":11,"key":"Tiny Chest"},{"floor":11,"key":"Frozen Egg 2"}],"event_choices":[{"event_name":"Big Fish","player_choice":"Donut","floor":3,"damage_taken":0},{"event_name":"Golden Wing","player_choice":"Card Removal","floor":7,"damage_taken":0}],"is_beta":false,"boss_relics":[],"items_purged_floors":[],"is_endless":false,"potions_floor_spawned":[1,8,12],"killed_by":"Exordium Thugs","ascension_level":5}