{"gold_per_floor":[113,17,17,36,36,67,79,79,79,79,99,99,99,114,114,210,210,220,320,320,320,334,334,361,381,434,434,5,19,19,33,33,33],"floor_reached":33,"playtime":1555,"items_purged":[],"score":319,"play_id":"dc9a5971-25fe-4ab1-abdf-7f6bce08be21","local_time":"20190201135642","is_ascension_mode":true,"campfire_choices":[{"data":"Flex","floor":8,"key":"SMITH"},{"data":"Madness","floor":10,"key":"SMITH"},{"data":"Clash","floor":13,"key":"SMITH"},{"data":"Fiend Fire","floor":15,"key":"SMITH"},{"floor":23,"key":"REST"},{"floor":27,"key":"REST"},{"data":"Perfected Strike","floor":32,"key":"SMITH"}],"neow_cost":"NONE","seed_source_timestamp":338946919183003,"circlet_count":0,"master_deck":["Strike_R","Strike_R","Strike_R","Strike_R","Strike_R","Defend_R","Defend_R","Defend_R","Defend_R","Bash+1","Wild Strike","Madness+1","Pain","Flex+1","Fiend Fire+1","Headbutt","Clash+1","Iron Wave","Exhume","Cleave+1","Pommel Strike","Shame","Carnage","Perfected Strike+1","Dropkick","Dramatic Entrance","Inflame","Power Through","Perfected Strike+1","Pummel+1"],"relics":["Burning Blood","NeowsBlessing","WarpedTongs","Unceasing Top","Bottled Lightning","Philosopher\u0027s Stone","Du-Vu Doll","Dodecahedron","Letter Opener","Thread and Needle","Vajra","MealTicket"],"potions_floor_usage":[18,33,33,33],"damage_taken":[{"damage":0,"enemies":"Jaw Worm","floor":1,"turns":1},{"damage":0,"enemies":"Cultist","floor":4,"turns":1},{"damage":1,"enemies":"3 Sentries","floor":6,"turns":2},{"damage":8,"enemies":"2 Louse","floor":7,"turns":2},{"damage":0,"enemies":"Large Slime","floor":11,"turns":3},{"damage":7,"enemies":"Blue Slaver","floor":14,"turns":2},{"damage":74,"enemies":"Hexaghost","floor":16,"turns":9},{"damage":27,"enemies":"Spheric Guardian","floor":18,"turns":4},{"damage":16,"enemies":"Colosseum Slavers","floor":19,"turns":4},{"damage":11,"enemies":"Colosseum Nobs","floor":19,"turns":3},{"damage":6,"enemies":"Shell Parasite","floor":22,"turns":2},{"damage":11,"enemies":"Gremlin Leader","floor":24,"turns":4},{"damage":19,"enemies":"Sentry and Sphere","floor":25,"turns":4},{"damage":23,"enemies":"Snake Plant","floor":29,"turns":2},{"damage":0,"enemies":"Shelled Parasite and Fungi","floor":31,"turns":1},{"damage":81,"enemies":"Collector","floor":33,"turns":7}],"seed_played":"155938802131726316","potions_obtained":[{"floor":1,"key":"Energy Potion"},{"floor":6,"key":"SpeedPotion"},{"floor":19,"key":"SkillPotion"},{"floor":24,"key":"EssenceOfSteel"}],"is_trial":false,"path_per_floor":["?","M","?","?","?","?","?","$"],"character_chosen":"IRONCLAD","items_purchased":["Madness","MealTicket","Dramatic Entrance","Inflame","Power Through"],"campfire_rested":2,"item_purchase_floors":[2,28,28,28,28],"current_hp_per_floor":[80,80,80,80,80,80,78,78,78,78,80,80,80,79,79,11,80,59,44,44,44,44,68,63,50,50,74,74,57,72,78,78,0],"gold":33,"neow_bonus":"THREE_ENEMY_KILL","is_prod":false,"is_daily":false,"chose_seed":false,"campfire_upgraded":5,"win_rate":0,"timestamp":1549025802,"path_taken":["M","$","?","?","?","E","M","R","T","R","M","?","R","M","R","BOSS","M","?","?","?","M","R","E","M","T","R","?","M","$","M","R","BOSS"],"build_version":"2019-01-23","purchased_purges":0,"victory":false,"max_hp_per_floor":[80,80,80,80,80,80,80,80,80,80,80,80,80,80,80,80,80,80,80,80,80,80,80,80,80,80,80,80,80,80,80,80,80],"card_choices":[{"not_picked":["Evolve","Havoc"],"picked":"Wild Strike","floor":1},{"not_picked":["Thunderclap","Sword Boomerang"],"picked":"Flex","floor":4},{"not_picked":["Shockwave","Armaments"],"picked":"Fiend Fire","floor":6},{"not_picked":["Rupture","Sword Boomerang"],"picked":"Headbutt","floor":7},{"not_picked":["Armaments","Sentinel"],"picked":"Clash","floor":11},{"not_picked":["Body Slam","Clothesline"],"picked":"Iron Wave","floor":14},{"not_picked":["Berserk","Dark Embrace"],"picked":"Exhume","floor":16},{"not_picked":["Sword Boomerang","Rupture+1"],"picked":"Cleave+1","floor":18},{"not_picked":["Battle Trance+1","Thunderclap+1"],"picked":"Pommel Strike","floor":19},{"not_picked":["Clothesline","Twin Strike"],"picked":"Carnage","floor":22},{"not_picked":["Dark Embrace","Twin Strike"],"picked":"Perfected Strike+1","floor":24},{"not_picked":["Havoc+1","Cleave"],"picked":"Dropkick","floor":25},{"not_picked":["Headbutt","Burning Pact"],"picked":"Perfected Strike","floor":29},{"not_picked":["Intimidate+1","Seeing Red"],"picked":"Pummel+1","floor":31}],"player_experience":68356,"relics_obtained":[{"floor":6,"key":"Unceasing Top"},{"floor":9,"key":"Bottled Lightning"},{"floor":19,"key":"Du-Vu Doll"},{"floor":19,"key":"Dodecahedron"},{"floor":24,"key":"Thread and Needle"},{"floor":26,"key":"Vajra"}],"event_choices":[{"damage_healed":0,"gold_gain":0,"player_choice":"Rummage","damage_taken":0,"relics_obtained":["WarpedTongs"],"max_hp_gain":0,"max_hp_loss":0,"event_name":"Accursed Blacksmith","floor":3,"gold_loss":0,"cards_obtained":["Pain"]},{"damage_healed":0,"gold_gain":0,"player_choice":"Leave","damage_taken":0,"max_hp_gain":0,"max_hp_loss":0,"event_name":"The Cleric","floor":5,"gold_loss":0},{"damage_healed":0,"gold_gain":0,"player_choice":"Grow","damage_taken":0,"max_hp_gain":0,"max_hp_loss":0,"event_name":"Living Wall","floor":12,"gold_loss":0,"cards_upgraded":["Bash"]},{"damage_healed":0,"gold_gain":0,"player_choice":"Fight","damage_taken":0,"max_hp_gain":0,"max_hp_loss":0,"event_name":"Colosseum","floor":19,"gold_loss":0},{"damage_healed":0,"gold_gain":0,"player_choice":"Fought Nobs","damage_taken":0,"max_hp_gain":0,"max_hp_loss":0,"event_name":"Colosseum","floor":19,"gold_loss":0},{"damage_healed":0,"gold_gain":0,"player_choice":"Ignored","damage_taken":0,"max_hp_gain":0,"max_hp_loss":0,"event_name":"Beggar","floor":20,"gold_loss":0},{"damage_healed":0,"gold_gain":0,"player_choice":"Stole Relic","damage_taken":0,"relics_obtained":["Letter Opener"],"max_hp_gain":0,"max_hp_loss":0,"event_name":"Addict","floor":21,"gold_loss":0,"cards_obtained":["Shame"]}],"is_beta":false,"boss_relics":[{"not_picked":["Coffee Dripper","Tiny House"],"picked":"Philosopher\u0027s Stone"}],"items_purged_floors":[],"is_endless":false,"potions_floor_spawned":[1,6,19,19,24,29],"killed_by":"Collector","ascension_level":2}