{"gold_per_floor":[117,136,146,146,157,157,14,31,31,31,31,44,59,59,59,162,162,176,176,196,216,216,216,231,231,254,271,171,171,171,191,191,191],"floor_reached":33,"playtime":1624,"items_purged":["Strike_G","Strike_G"],"score":241,"play_id":"f58023a0-7766-4108-b48c-3db83b444363","local_time":"20180802014032","is_ascension_mode":false,"campfire_choices":[{"data":"All Out Attack","floor":6,"key":"SMITH"},{"data":"Neutralize","floor":10,"key":"SMITH"},{"data":"Blur","floor":15,"key":"SMITH"},{"data":"After Image","floor":23,"key":"SMITH"},{"data":"Infinite Blades","floor":25,"key":"SMITH"},{"floor":32,"key":"REST"}],"neow_cost":"NONE","seed_source_timestamp":1558564817560261,"circlet_count":0,"master_deck":["Defend_G","Defend_G","Defend_G","Defend_G","Strike_G+1","Survivor","Neutralize+1","Catalyst+1","All Out Attack+1","Poisoned Stab","Flying Knee","Infinite Blades+1","Flying Knee","Acrobatics","Blur+1","After Image+1","Predator+1","Distraction","Setup","Cloak And Dagger","Poisoned Stab","Backflip"],"relics":["White Beast Statue"],"potions_floor_usage":[5,12,12,16,16,16,18,24,24,31,31,33,33],"damage_taken":[{"damage":0,"enemies":"2 Louse","floor":1,"turns":4},{"damage":4,"enemies":"Small Slimes","floor":2,"turns":5},{"damage":1,"enemies":"Cultist","floor":3,"turns":5},{"damage":9,"enemies":"3 Louse","floor":5,"turns":5},{"damage":1,"enemies":"2 Fungi Beasts","floor":8,"turns":3},{"damage":9,"enemies":"Gremlin Gang","floor":12,"turns":3},{"damage":0,"enemies":"3 Louse","floor":13,"turns":2},{"damage":12,"enemies":"The Guardian","floor":16,"turns":11},{"damage":2,"enemies":"3 Byrds","floor":18,"turns":5},{"damage":12,"enemies":"Chosen","floor":20,"turns":5},{"damage":14,"enemies":"Sentry and Sphere","floor":21,"turns":6},{"damage":9,"enemies":"Snake Plant","floor":24,"turns":4},{"damage":13,"enemies":"Snecko","floor":27,"turns":5},{"damage":5,"enemies":"Centurion and Healer","floor":31,"turns":8},{"damage":44,"enemies":"Champ","floor":33,"turns":15}],"seed_played":"-9131023411469110793","potions_obtained":[{"floor":1,"key":"Weak Potion"},{"floor":2,"key":"Energy Potion"},{"floor":3,"key":"PowerPotion"},{"floor":5,"key":"AttackPotion"},{"floor":8,"key":"AttackPotion"},{"floor":12,"key":"EssenceOfSteel"},{"floor":13,"key":"PowerPotion"},{"floor":16,"key":"SpeedPotion"},{"floor":18,"key":"Poison Potion"},{"floor":20,"key":"Strength Potion"},{"floor":21,"key":"Weak Potion"},{"floor":24,"key":"Dexterity Potion"},{"floor":27,"key":"PowerPotion"},{"floor":31,"key":"Strength Potion"}],"is_trial":false,"path_per_floor":["M","M","M","?","M","R","$","M","T","R","?","M","M","?","R","B",null,"M","?","M","M","?","R","M","R","T","M","$","?","?","M","R"],"character_chosen":"THE_SILENT","items_purchased":["Infinite Blades"],"campfire_rested":1,"item_purchase_floors":[7],"current_hp_per_floor":[70,66,65,51,42,42,42,41,41,41,41,32,32,32,32,20,70,68,68,56,42,42,42,33,33,33,20,20,20,20,15,36,0],"gold":191,"neow_bonus":"BOSS_RELIC","is_prod":false,"is_daily":false,"chose_seed":false,"campfire_upgraded":5,"win_rate":0,"timestamp":1533195632,"path_taken":["M","M","M","?","M","R","$","M","T","R","?","M","M","?","R","BOSS","M","?","M","M","?","R","?","R","T","M","$","?","?","M","R","BOSS"],"build_version":"2018-07-26","purchased_purges":2,"victory":false,"max_hp_per_floor":[70,70,70,70,70,70,70,70,70,70,70,70,70,70,70,70,70,70,70,70,70,70,70,70,70,70,70,70,70,70,70,70,70],"card_choices":[{"not_picked":["Prepared","Predator"],"picked":"Catalyst","floor":1},{"not_picked":["Setup","Flying Knee"],"picked":"All Out Attack","floor":2},{"not_picked":["Cloak And Dagger","Footwork"],"picked":"Poisoned Stab","floor":3},{"not_picked":["Outmaneuver","Quick Slash"],"picked":"Flying Knee","floor":5},{"not_picked":["PiercingWail","Flechettes"],"picked":"Flying Knee","floor":8},{"not_picked":["Expertise","Sucker Punch"],"picked":"Acrobatics","floor":12},{"not_picked":["Caltrops","Deflect"],"picked":"Blur","floor":13},{"not_picked":["Grand Finale","Unload"],"picked":"After Image","floor":16},{"not_picked":["Flying Knee","Underhanded Strike"],"picked":"Predator+1","floor":18},{"not_picked":["Skewer","PiercingWail"],"picked":"Distraction","floor":20},{"not_picked":["Underhanded Strike","Bane"],"picked":"Setup","floor":21},{"not_picked":["Dagger Spray","Flying Knee"],"picked":"Cloak And Dagger","floor":24},{"not_picked":["Deflect+1","Slice"],"picked":"Poisoned Stab","floor":27},{"not_picked":["Outmaneuver","Endless Agony"],"picked":"Backflip","floor":31}],"player_experience":323938,"relics_obtained":[],"event_choices":[{"event_name":"Shining Light","player_choice":"Entered Light","floor":4,"damage_taken":0},{"event_name":"Bonfire Elementals","player_choice":"BASIC","floor":11,"damage_taken":0},{"event_name":"Wheel of Change","player_choice":"Card Removal","floor":14,"damage_taken":0},{"event_name":"Ghosts","player_choice":"Ignored","floor":19,"damage_taken":0},{"event_name":"Purifier","player_choice":"One Purge","floor":22,"damage_taken":0},{"event_name":"Cursed Tome","player_choice":"Ignored","floor":29,"damage_taken":0},{"event_name":"The Mausoleum","player_choice":"No","floor":30,"damage_taken":0}],"is_beta":false,"boss_relics":[{"not_picked":["Snecko Eye","Lizard Tail","HoveringKite"]}],"items_purged_floors":[7,28],"is_endless":false,"potions_floor_spawned":[1,2,3,5,8,12,13,16,18,20,21,24,27,31],"killed_by":"Champ","ascension_level":0}