{"path_per_floor":["M","$","M","?","$","E","?","M","T","$","?","E","R","M","R","B",null,"M","?","M","?","?","E","R","?","T","M","R","$","M","M","R","B",null,"M","?","M","?","M","R","E","?","T","$","M"],"character_chosen":"DEFECT","items_purchased":["Strange Spoon","Bag of Preparation","Capacitor","Fusion","Ice Cream","Turbo"],"gold_per_floor":[217,13,24,199,52,79,49,65,65,43,43,78,78,97,97,200,200,219,219,230,230,230,258,258,258,310,329,329,101,121,133,133,231,231,244,244,259,259,269,269,303,403,403,46,56,56],"floor_reached":46,"campfire_rested":4,"playtime":2784,"current_hp_per_floor":[75,75,73,73,73,42,42,40,40,40,37,17,54,42,42,12,75,59,59,51,51,51,17,54,54,61,54,54,54,48,48,82,82,82,74,74,40,40,26,75,54,54,54,54,23,0],"items_purged":["Strike_B"],"gold":56,"score":578,"play_id":"79cbeb2f-98fa-44f5-9e97-70d73c15ed35","local_time":"20180509010813","is_prod":false,"is_daily":false,"chose_seed":false,"is_ascension_mode":true,"campfire_upgraded":2,"timestamp":1525846093,"path_taken":["M","$","?","?","$","E","?","M","T","?","?","E","R","?","R","BOSS","M","?","M","?","?","E","R","?","T","M","R","$","M","M","R","BOSS","M","?","M","?","M","R","E","?","T","$","M","M"],"build_version":"2018-05-07","seed_source_timestamp":4250552455308,"purchased_purges":2,"victory":false,"master_deck":["Strike_B","Strike_B","Strike_B","Defend_B","Defend_B","Defend_B","Defend_B","Zap","Dualcast","Ball Lightning","Chaos","White Noise+1","Capacitor","Stack","Storm+1","Machine Learning","Leap","Thunder Strike","FTL","Force Field+1","Rip and Tear","Fusion","Static Discharge","Reboot","Leap+1","Impulse+1","White Noise+1","Storm+1","Turbo","Go for the Eyes+1"],"max_hp_per_floor":[75,75,75,75,75,75,75,75,75,75,75,75,75,75,75,75,75,75,75,75,75,75,75,75,75,82,82,82,82,82,82,82,82,82,82,82,82,82,82,82,82,82,82,82,82,82],"relics":["Cracked Core","Strange Spoon","Bag of Preparation","Oddly Smooth Stone","Shuriken","Regal Pillow","Happy Flower","Inserter","Spirit Poop","DataDisk","Vajra","Strawberry","Eternal Feather","Question Card","Kunai","Ice Cream"],"card_choices":[{"not_picked":["Sunder","Rebound"],"picked":"Ball Lightning","floor":1.0},{"not_picked":["Stack","Rebound"],"picked":"Chaos","floor":3.0},{"not_picked":["Rebound","Streamline"],"picked":"White Noise","floor":8.0},{"not_picked":["Go for the Eyes","Melter"],"picked":"Stack","floor":12.0},{"not_picked":["Rebound","Conserve Battery"],"picked":"Storm","floor":14.0},{"not_picked":["Multi-Cast","Seek"],"picked":"Machine Learning","floor":16.0},{"not_picked":["Beam Cell","Turbo"],"picked":"Leap","floor":18.0},{"not_picked":["Streamline","Sunder"],"picked":"FTL","floor":20.0},{"not_picked":["Hologram","Leap"],"picked":"Force Field","floor":23.0},{"not_picked":["Recycle","Sweeping Beam"],"picked":"Rip and Tear","floor":27.0},{"not_picked":["Coolheaded","Ball Lightning"],"picked":"Static Discharge","floor":31.0},{"not_picked":["Thunder Strike","Fusion"],"picked":"Reboot","floor":33.0},{"not_picked":["Cold Snap","Ball Lightning"],"picked":"Leap","floor":35.0},{"not_picked":["Stack","Hologram"],"picked":"Impulse","floor":37},{"not_picked":["Hologram","Skim"],"picked":"White Noise","floor":39},{"not_picked":["Fusion","Axe Kick"],"picked":"Storm","floor":41},{"not_picked":["Rebound","Leap","Heatsinks"],"picked":"Go for the Eyes","floor":45}],"player_experience":71786,"potions_floor_usage":[41],"damage_taken":[{"damage":0.0,"enemies":"Cultist","floor":1.0,"turns":4.0},{"damage":2.0,"enemies":"Jaw Worm","floor":3.0,"turns":3.0},{"damage":31.0,"enemies":"Lagavulin","floor":6.0,"turns":6.0},{"damage":2.0,"enemies":"Small Slimes","floor":8.0,"turns":3.0},{"damage":20.0,"enemies":"3 Sentries","floor":12.0,"turns":6.0},{"damage":12.0,"enemies":"2 Fungi Beasts","floor":14.0,"turns":3.0},{"damage":30.0,"enemies":"Hexaghost","floor":16.0,"turns":8.0},{"damage":16.0,"enemies":"Shell Parasite","floor":18.0,"turns":8.0},{"damage":8.0,"enemies":"Chosen","floor":20.0,"turns":5.0},{"damage":34.0,"enemies":"Slavers","floor":23.0,"turns":5.0},{"damage":7.0,"enemies":"Centurion and Healer","floor":27.0,"turns":7.0},{"damage":6.0,"enemies":"Chosen and Byrds","floor":30.0,"turns":4.0},{"damage":0.0,"enemies":"3 Cultists","floor":31.0,"turns":4.0},{"damage":0.0,"enemies":"Automaton","floor":33.0,"turns":8.0},{"damage":8.0,"enemies":"Orb Walker","floor":35.0,"turns":4.0},{"damage":34.0,"enemies":"3 Shapes","floor":37.0,"turns":5.0},{"damage":14,"enemies":"Maw","floor":39,"turns":7},{"damage":21,"enemies":"2 Orb Walkers","floor":41,"turns":4},{"damage":31,"enemies":"3 Darklings","floor":45,"turns":3},{"damage":25,"enemies":"Sphere and 2 Shapes","floor":46,"turns":3}],"event_choices":[{"event_name":"Liars Game","player_choice":"agreed","floor":4.0,"damage_taken":0.0},{"event_name":"The Woman in Blue","player_choice":"Bought 2 Potions","floor":7.0,"damage_taken":0.0},{"event_name":"Scrap Ooze","player_choice":"success","floor":11.0,"damage_taken":3.0},{"event_name":"The Library","player_choice":"Read","floor":19.0,"damage_taken":0.0},{"event_name":"Bonfire Elementals","player_choice":"CURSE","floor":21.0,"damage_taken":0.0},{"event_name":"The Mausoleum","player_choice":"Yes","floor":22.0,"damage_taken":0.0},{"event_name":"Ghosts","player_choice":"Ignored","floor":25.0,"damage_taken":0.0},{"event_name":"Tomb of Lord Red Mask","player_choice":"Ignored","floor":36.0,"damage_taken":0.0},{"event_name":"The Moai Head","player_choice":"Ignored","floor":38,"damage_taken":0},{"event_name":"Golden Shrine","player_choice":"Pray","floor":42,"damage_taken":0}],"boss_relics":[],"potions_floor_spawned":[1,6,12,14,16,27,31,35,39],"seed_played":"-1547126921605501668","killed_by":"Sphere and 2 Shapes","ascension_level":2,"is_trial":false}