{"gold_per_floor":[109,128,92,92,102,119,134,134,158,158,170,181,25,35,35,135,185,195,39,50,50,68,68,86,86],"floor_reached":25,"playtime":1368,"items_purged":["Strike_B"],"score":199,"play_id":"f73c883f-0368-4a45-bae7-e0f01c6aa482","local_time":"20190307191653","is_ascension_mode":false,"campfire_choices":[{"data":"Sunder","floor":8,"key":"SMITH"},{"data":"Leap","floor":10,"key":"SMITH"},{"data":"Turbo","floor":15,"key":"SMITH"},{"floor":23,"key":"REST"}],"neow_cost":"NONE","seed_source_timestamp":190278566566666,"circlet_count":0,"master_deck":["Strike_B","Strike_B","Strike_B","Defend_B","Defend_B","Defend_B","Defend_B","Zap","Dualcast","Sunder+1","Leap+1","Streamline","Beam Cell+1","Sweeping Beam","BootSequence","Turbo+1","FTL","Swift Strike","Rebound","Machine Learning","Steam+1","Self Repair","Sweeping Beam+1","Conserve Battery","Gash"],"relics":["Cracked Core","Orichalcum","Tiny House"],"potions_floor_usage":[25],"damage_taken":[{"damage":0,"enemies":"Cultist","floor":1,"turns":3},{"damage":2,"enemies":"Jaw Worm","floor":2,"turns":3},{"damage":6,"enemies":"Small Slimes","floor":5,"turns":3},{"damage":2,"enemies":"Exordium Wildlife","floor":6,"turns":4},{"damage":2,"enemies":"Gremlin Gang","floor":7,"turns":4},{"damage":6,"enemies":"Blue Slaver","floor":11,"turns":3},{"damage":0,"enemies":"2 Fungi Beasts","floor":12,"turns":3},{"damage":3,"enemies":"Exordium Thugs","floor":14,"turns":4},{"damage":28,"enemies":"Hexaghost","floor":16,"turns":9},{"damage":19,"enemies":"3 Byrds","floor":18,"turns":7},{"damage":0,"enemies":"Chosen","floor":20,"turns":4},{"damage":30,"enemies":"Sentry and Sphere","floor":22,"turns":6},{"damage":10,"enemies":"Centurion and Healer","floor":24,"turns":7},{"damage":86,"enemies":"Gremlin Leader","floor":25,"turns":7}],"seed_played":"2484570492636852539","potions_obtained":[{"floor":5,"key":"EssenceOfSteel"},{"floor":6,"key":"SpeedPotion"},{"floor":7,"key":"FairyPotion"},{"floor":14,"key":"Explosive Potion"},{"floor":17,"key":"EntropicBrew"}],"is_trial":false,"path_per_floor":["M","?","?","M","M","?"],"character_chosen":"DEFECT","items_purchased":["FTL","Swift Strike","Self Repair"],"campfire_rested":1,"item_purchase_floors":[13,13,19],"current_hp_per_floor":[75,73,73,73,67,65,63,63,63,63,57,57,57,54,54,26,80,61,61,68,68,45,69,66,0],"gold":86,"neow_bonus":"RANDOM_COMMON_RELIC","is_prod":false,"is_daily":false,"chose_seed":false,"campfire_upgraded":3,"win_rate":0,"timestamp":1551982613,"path_taken":["M","?","?","?","M","M","M","R","T","R","?","M","$","M","R","BOSS","M","$","?","?","M","R","M","E"],"build_version":"2019-01-23","purchased_purges":1,"victory":false,"max_hp_per_floor":[75,75,75,75,75,75,75,75,75,75,75,75,75,75,75,75,80,80,80,80,80,80,80,80,80],"card_choices":[{"not_picked":["Beam Cell","Go for the Eyes"],"picked":"Sunder","floor":1},{"not_picked":["Aggregate","Compile Driver"],"picked":"Leap","floor":2},{"not_picked":["Compile Driver","Stack"],"picked":"Streamline","floor":5},{"not_picked":["Aggregate","Hologram"],"picked":"Beam Cell","floor":6},{"not_picked":["Steam","Meteor Strike"],"picked":"Sweeping Beam","floor":7},{"not_picked":["Steam","Capacitor"],"picked":"BootSequence","floor":11},{"not_picked":["Redo","Barrage"],"picked":"Turbo","floor":12},{"not_picked":["Hologram","Coolheaded"],"picked":"Rebound","floor":14},{"not_picked":["Thunder Strike","Multi-Cast"],"picked":"Machine Learning","floor":16},{"not_picked":["Redo","Static Discharge+1"],"picked":"Steam+1","floor":18},{"not_picked":["Steam+1","Go for the Eyes"],"picked":"Sweeping Beam+1","floor":20},{"not_picked":["Coolheaded+1","Buffer"],"picked":"Conserve Battery","floor":22},{"not_picked":["Cold Snap+1","Steam Power"],"picked":"Gash","floor":24}],"player_experience":165466,"relics_obtained":[],"event_choices":[{"damage_healed":0,"gold_gain":0,"player_choice":"Left Gold","damage_taken":0,"max_hp_gain":0,"max_hp_loss":0,"event_name":"World of Goop","floor":3,"gold_loss":36},{"damage_healed":0,"gold_gain":0,"player_choice":"Ignored","damage_taken":0,"max_hp_gain":0,"max_hp_loss":0,"event_name":"Liars Game","floor":4,"gold_loss":0},{"damage_healed":0,"gold_gain":0,"player_choice":"Ignored","damage_taken":0,"max_hp_gain":0,"max_hp_loss":0,"event_name":"Vampires","floor":21,"gold_loss":0}],"is_beta":false,"boss_relics":[{"not_picked":["Calling Bell","Coffee Dripper"],"picked":"Tiny House"}],"items_purged_floors":[19],"is_endless":false,"potions_floor_spawned":[5,6,7,14,20,24],"killed_by":"Gremlin Leader","ascension_level":0}