{"gold_per_floor":[119,130,30,30,55,99,99,47,47,47,91,91,61,81,81,179,179,89,21,35,35,35,75,75,139,139,183,98,136,151,151,151,247,247,267,267,392,36,36,36,69,402,426,426,426,426,446,1,1,1],"floor_reached":51,"playtime":3039,"items_purged":["Strike_R","Strike_R","Strike_R"],"score":1369,"play_id":"719ccb5b-8532-4227-b298-1c7142dcd632","local_time":"20190319221103","is_ascension_mode":true,"campfire_choices":[{"floor":7.0,"key":"REST"},{"data":"Armaments","floor":10.0,"key":"SMITH"},{"floor":15.0,"key":"REST"},{"data":"Barricade","floor":24.0,"key":"SMITH"},{"data":"Demon Form","floor":32,"key":"SMITH"},{"data":"Whirlwind","floor":40,"key":"SMITH"},{"floor":46,"key":"REST"},{"floor":49,"key":"REST"}],"neow_cost":"PERCENT_DAMAGE","seed_source_timestamp":0,"circlet_count":0,"master_deck":["AscendersBane","Defend_R","Defend_R","Defend_R","Defend_R","Demon Form+1","Disarm","Corruption","Flame Barrier","Shrug It Off","Shrug It Off","Metallicize","Armaments+1","Reaper","Feel No Pain","Barricade+1","Flame Barrier","Impervious","Impervious","Rampage+1","Whirlwind+1","Second Wind+1","Flash of Steel+1","Metamorphosis","Deep Breath","Feel No Pain+1","Sentinel","Limit Break","Secret Weapon"],"special_seed":0,"relics":["Burning Blood","Letter Opener","Orichalcum","Gremlin Horn","Busted Crown","Bottled Tornado","Tiny Chest","Bronze Scales","Sundial","Juzu Bracelet","Bag of Preparation","Lizard Tail","Ginger","Membership Card","Oddly Smooth Stone","Frozen Egg 2","Smiling Mask","Bottled Lightning","Lantern"],"potions_floor_usage":[29,50,50],"damage_taken":[{"damage":18.0,"enemies":"Cultist","floor":1.0,"turns":6.0},{"damage":19.0,"enemies":"Small Slimes","floor":2.0,"turns":5.0},{"damage":0.0,"enemies":"2 Louse","floor":5.0,"turns":6.0},{"damage":44.0,"enemies":"3 Sentries","floor":6.0,"turns":9.0},{"damage":25.0,"enemies":"Gremlin Nob","floor":11.0,"turns":6.0},{"damage":2.0,"enemies":"Looter","floor":13.0,"turns":4.0},{"damage":0.0,"enemies":"Blue Slaver","floor":14.0,"turns":9.0},{"damage":25.0,"enemies":"The Guardian","floor":16.0,"turns":11.0},{"damage":24.0,"enemies":"2 Thieves","floor":18.0,"turns":5.0},{"damage":6.0,"enemies":"Shell Parasite","floor":20.0,"turns":7.0},{"damage":5.0,"enemies":"Book of Stabbing","floor":23.0,"turns":9.0},{"damage":71.0,"enemies":"Slavers","floor":25.0,"turns":9.0},{"damage":9.0,"enemies":"Book of Stabbing","floor":27.0,"turns":6.0},{"damage":0,"enemies":"Gremlin Leader","floor":29,"turns":6},{"damage":10,"enemies":"Centurion and Healer","floor":30,"turns":10},{"damage":24,"enemies":"Champ","floor":33,"turns":11},{"damage":7,"enemies":"Orb Walker","floor":35,"turns":8},{"damage":17,"enemies":"Mind Bloom Boss Battle","floor":37,"turns":8},{"damage":42,"enemies":"Nemesis","floor":41,"turns":13},{"damage":11,"enemies":"3 Darklings","floor":47,"turns":6},{"damage":3,"enemies":"Time Eater","floor":50,"turns":9}],"seed_played":"-712748023891976035","potions_obtained":[{"floor":1.0,"key":"Poison Potion"},{"floor":2.0,"key":"Regen Potion"},{"floor":6.0,"key":"GamblersBrew"},{"floor":20.0,"key":"Block Potion"},{"floor":25.0,"key":"Swift Potion"},{"floor":27.0,"key":"Energy Potion"},{"floor":30,"key":"Ancient Potion"},{"floor":33,"key":"EssenceOfSteel"}],"is_trial":false,"path_per_floor":["M","M","$","?","M","E","R","$","T","R","E","?","M","M","R","B",null,"M","$","M","$","?","E","R","E","T","E","?","E","M","$","R","B",null,"M","$","?","$","?","R","E","?","T","?","?","R","M","$","R","B",null],"character_chosen":"IRONCLAD","items_purchased":["Shrug It Off","Armaments","Impervious","Membership Card","Oddly Smooth Stone","Whirlwind","Feel No Pain+1","Bottled Lightning","Sentinel","Limit Break","Lantern","Secret Weapon"],"campfire_rested":4,"item_purchase_floors":[3,8,19,38,38,38,48,48,48,48,48,48],"current_hp_per_floor":[38,25,25,25,46,8,30,30,30,30,11,11,19,31,53,43,67,49,49,62,62,62,75,75,35,35,48,48,75,75,75,75,75,75,74,74,75,75,75,75,40,40,40,30,30,52,47,47,69,75],"gold":1,"neow_bonus":"TRANSFORM_TWO_CARDS","is_prod":false,"is_daily":false,"chose_seed":false,"campfire_upgraded":4,"win_rate":0,"timestamp":1553001063,"path_taken":["M","M","$","?","M","E","R","$","T","R","E","?","M","?","R","BOSS","M","$","M","$","?","E","R","E","T","E","?","E","M","?","R","BOSS","M","$","?","$","?","R","E","?","T","?","?","R","M","?","R","BOSS"],"build_version":"2019-01-23","purchased_purges":3,"victory":true,"max_hp_per_floor":[75,75,75,75,75,75,75,75,75,75,75,75,75,75,75,75,75,75,75,75,75,75,75,75,75,75,75,75,75,75,75,75,75,75,75,75,75,75,75,75,75,75,75,75,75,75,75,75,75,75],"card_choices":[{"not_picked":["Infernal Blade","Pommel Strike"],"picked":"Corruption","floor":1.0},{"not_picked":["Pommel Strike","Clash"],"picked":"Flame Barrier","floor":2.0},{"not_picked":["Uppercut","Dropkick"],"picked":"Shrug It Off","floor":5.0},{"not_picked":["Entrench","Anger"],"picked":"Metallicize","floor":6.0},{"not_picked":["Armaments","Intimidate"],"picked":"Reaper","floor":11.0},{"not_picked":["Flex","Metallicize"],"picked":"Feel No Pain","floor":13.0},{"not_picked":["Armaments","True Grit","Twin Strike"],"picked":"SKIP","floor":14.0},{"not_picked":["Fiend Fire","Limit Break"],"picked":"Barricade","floor":16.0},{"not_picked":[],"picked":"Flame Barrier","floor":18.0},{"not_picked":["Flex"],"picked":"SKIP","floor":20.0},{"not_picked":["Wild Strike"],"picked":"SKIP","floor":23.0},{"not_picked":["Combust"],"picked":"SKIP","floor":25.0},{"not_picked":["Cleave"],"picked":"SKIP","floor":27.0},{"not_picked":["True Grit"],"picked":"SKIP","floor":29},{"not_picked":["Anger"],"picked":"SKIP","floor":30},{"not_picked":[],"picked":"Impervious","floor":33},{"not_picked":[],"picked":"Rampage+1","floor":35},{"not_picked":[],"picked":"Second Wind+1","floor":41},{"not_picked":[],"picked":"Flash of Steel","floor":44},{"not_picked":[],"picked":"Metamorphosis","floor":44},{"not_picked":[],"picked":"Deep Breath","floor":44},{"not_picked":["Warcry"],"picked":"SKIP","floor":47}],"player_experience":441999,"relics_obtained":[{"floor":6.0,"key":"Letter Opener"},{"floor":9.0,"key":"Orichalcum"},{"floor":11.0,"key":"Gremlin Horn"},{"floor":23.0,"key":"Bottled Tornado"},{"floor":25.0,"key":"Tiny Chest"},{"floor":26.0,"key":"Bronze Scales"},{"floor":27.0,"key":"Sundial"},{"floor":29,"key":"Bag of Preparation"},{"floor":37,"key":"Ginger"},{"floor":41,"key":"Frozen Egg 2"},{"floor":43,"key":"Smiling Mask"}],"event_choices":[{"damage_healed":0.0,"max_hp_gain":0.0,"max_hp_loss":0.0,"gold_gain":0.0,"event_name":"Golden Idol","player_choice":"Take Wound","floor":4.0,"gold_loss":0.0,"damage_taken":0.0,"relics_obtained":["Golden Idol"],"cards_obtained":["Injury"]},{"cards_removed":["Injury"],"damage_healed":0.0,"max_hp_gain":0.0,"max_hp_loss":0.0,"gold_gain":0.0,"event_name":"Fountain of Cleansing","player_choice":"Removed Curses","floor":12.0,"gold_loss":0.0,"damage_taken":0.0},{"damage_healed":0.0,"max_hp_gain":0.0,"max_hp_loss":0.0,"gold_gain":0.0,"event_name":"Vampires","player_choice":"Ignored","floor":22.0,"gold_loss":0.0,"damage_taken":0.0},{"damage_healed":0.0,"max_hp_gain":0.0,"max_hp_loss":0.0,"gold_gain":0.0,"event_name":"Addict","player_choice":"Obtained Relic","floor":28.0,"gold_loss":85.0,"damage_taken":0.0,"relics_obtained":["Juzu Bracelet"]},{"damage_healed":0,"gold_gain":0,"player_choice":"Fight","damage_taken":0,"max_hp_gain":0,"max_hp_loss":0,"event_name":"MindBloom","floor":37,"gold_loss":0},{"cards_removed":["Bash"],"damage_healed":0,"gold_gain":0,"player_choice":"Removed Attack","damage_taken":0,"max_hp_gain":0,"max_hp_loss":0,"event_name":"Falling","floor":39,"gold_loss":0},{"damage_healed":0,"gold_gain":333,"player_choice":"Gave Idol","damage_taken":0,"max_hp_gain":0,"max_hp_loss":0,"event_name":"The Moai Head","floor":42,"relics_lost":["Golden Idol"],"gold_loss":0},{"damage_healed":0,"gold_gain":0,"player_choice":"Memory 3","damage_taken":10,"max_hp_gain":0,"max_hp_loss":0,"event_name":"SensoryStone","floor":44,"gold_loss":0},{"damage_healed":0,"gold_gain":0,"player_choice":"Forge","damage_taken":0,"max_hp_gain":0,"max_hp_loss":0,"event_name":"Accursed Blacksmith","floor":45,"gold_loss":0,"cards_upgraded":["Flash of Steel"]}],"is_beta":false,"boss_relics":[{"not_picked":["Mark of Pain","Runic Dome"],"picked":"Busted Crown"},{"not_picked":["Astrolabe","White Beast Statue"],"picked":"Lizard Tail"}],"items_purged_floors":[3,38,48],"is_endless":false,"potions_floor_spawned":[1,2,6,20,25,27,30,33,35],"ascension_level":14}