{"gold_per_floor":[114,114,130,142,162,188,188,188,241,284,49,63,63,84,84,205,205,205,205,8,8,8,8,8,8,8,8,8,8,8,8,8,8],"floor_reached":33,"playtime":997,"items_purged":[],"score":281,"play_id":"5c822ca5-560b-4a92-b2c1-b64b755b2aa4","local_time":"20180905010543","is_ascension_mode":false,"campfire_choices":[{"data":"Flex","floor":7,"key":"SMITH"},{"data":"Rupture","floor":13,"key":"SMITH"},{"data":"Limit Break","floor":15,"key":"SMITH"},{"floor":29,"key":"REST"},{"data":"Whirlwind","floor":32,"key":"SMITH"}],"neow_cost":"NONE","seed_source_timestamp":0,"circlet_count":0,"master_deck":["Strike_R","Strike_R","Strike_R","Strike_R","Strike_R+1","Defend_R","Defend_R","Defend_R","Defend_R","Bash+1","Flex+1","Headbutt","Thunderclap","Shrug It Off","Rupture+1","Offering","Spot Weakness","Pommel Strike+1","Limit Break+1","Brutality","Flex+1","Shrug It Off","Heavy Blade","Sword Boomerang","Dropkick+1","Whirlwind+1","Shrug It Off+1"],"special_seed":0,"relics":["Burning Blood","Mummified Hand","Golden Idol","Strawberry","Omamori","Ectoplasm","Vajra","Whetstone","Toxic Egg 2"],"potions_floor_usage":[10,14,23,23,28],"damage_taken":[{"damage":5.0,"enemies":"Small Slimes","floor":1.0,"turns":3.0},{"damage":6,"enemies":"2 Louse","floor":3,"turns":3},{"damage":0,"enemies":"Cultist","floor":4,"turns":2},{"damage":18,"enemies":"Gremlin Gang","floor":5,"turns":5},{"damage":32,"enemies":"Gremlin Nob","floor":6,"turns":4},{"damage":24,"enemies":"3 Sentries","floor":10,"turns":7},{"damage":10,"enemies":"Lots of Slimes","floor":12,"turns":4},{"damage":17,"enemies":"Exordium Wildlife","floor":14,"turns":4},{"damage":25,"enemies":"Slime Boss","floor":16,"turns":8},{"damage":23,"enemies":"Shell Parasite","floor":18,"turns":4},{"damage":20,"enemies":"3 Byrds","floor":21,"turns":4},{"damage":14,"enemies":"Centurion and Healer","floor":22,"turns":3},{"damage":16,"enemies":"Slavers","floor":23,"turns":3},{"damage":19,"enemies":"Snake Plant","floor":25,"turns":3},{"damage":8,"enemies":"Snecko","floor":28,"turns":3},{"damage":6,"enemies":"3 Cultists","floor":30,"turns":2},{"damage":16,"enemies":"Chosen and Byrds","floor":31,"turns":6},{"damage":51,"enemies":"Champ","floor":33,"turns":6}],"seed_played":"-6046126927119062988","potions_obtained":[{"floor":5,"key":"BloodPotion"},{"floor":6,"key":"BloodPotion"},{"floor":10,"key":"GamblersBrew"},{"floor":16,"key":"Weak Potion"},{"floor":18,"key":"Explosive Potion"},{"floor":22,"key":"PowerPotion"}],"is_trial":false,"path_per_floor":["M","?","M","M","M","E","R","?","T","E","$","M","R","M","R","B",null,"M","?","$","M","M","E","$","M","T","$","M","R","M","M","R"],"character_chosen":"IRONCLAD","items_purchased":["Offering","Spot Weakness","Vajra","Shrug It Off"],"campfire_rested":1,"item_purchase_floors":[11,11,20,20],"current_hp_per_floor":[80,80,80,80,68,42,42,42,49,39,39,35,35,32,32,13,81,64,64,64,50,42,32,32,19,19,19,17,41,41,31,31,0],"gold":8,"neow_bonus":"UPGRADE_CARD","is_prod":false,"is_daily":false,"chose_seed":false,"campfire_upgraded":4,"win_rate":0,"timestamp":1536131143,"path_taken":["M","?","M","M","M","E","R","?","T","E","$","M","R","M","R","BOSS","M","?","?","?","M","E","?","M","T","?","M","R","M","M","R","BOSS"],"build_version":"2018-08-30","purchased_purges":0,"victory":false,"max_hp_per_floor":[80,80,80,80,80,80,80,74,81,81,81,81,81,81,81,81,81,81,81,81,81,81,81,81,81,81,81,81,81,81,81,81,81],"card_choices":[{"not_picked":["Thunderclap","Iron Wave"],"picked":"Flex","floor":1.0},{"not_picked":["Wild Strike","Blood for Blood"],"picked":"Headbutt","floor":3},{"not_picked":["Clash","Flex"],"picked":"Thunderclap","floor":4},{"not_picked":["Wild Strike","Intimidate"],"picked":"Shrug It Off","floor":5},{"not_picked":["Perfected Strike","Havoc"],"picked":"Rupture","floor":6},{"not_picked":["True Grit","Burning Pact","Clash"],"picked":"SKIP","floor":10},{"not_picked":["Cleave","Anger"],"picked":"Pommel Strike","floor":12},{"not_picked":["Warcry","Flame Barrier"],"picked":"Limit Break","floor":14},{"not_picked":["Juggernaut","Feed"],"picked":"Brutality","floor":16},{"not_picked":["True Grit","Ghostly Armor+1"],"picked":"Flex+1","floor":18},{"not_picked":["Wild Strike+1","Anger","Fire Breathing"],"picked":"SKIP","floor":21},{"not_picked":["Clash+1","Rage"],"picked":"Heavy Blade","floor":22},{"not_picked":["Corruption+1","Burning Pact+1"],"picked":"Sword Boomerang","floor":23},{"not_picked":["Iron Wave","Carnage"],"picked":"Dropkick+1","floor":25},{"not_picked":["Bloodletting+1","Demon Form"],"picked":"Whirlwind","floor":28},{"not_picked":["Sword Boomerang","Clothesline","Perfected Strike"],"picked":"SKIP","floor":30},{"not_picked":["Inflame","Whirlwind"],"picked":"Shrug It Off+1","floor":31}],"player_experience":460886,"relics_obtained":[{"floor":6,"key":"Mummified Hand"},{"floor":9,"key":"Strawberry"},{"floor":10,"key":"Omamori"},{"floor":23,"key":"Whetstone"},{"floor":26,"key":"Toxic Egg 2"}],"event_choices":[{"event_name":"Liars Game","player_choice":"disagreed","floor":2.0,"damage_taken":0.0},{"event_name":"Golden Idol","player_choice":"Lose Max HP","floor":8,"damage_taken":0},{"event_name":"Ghosts","player_choice":"Ignored","floor":19,"damage_taken":0}],"is_beta":false,"boss_relics":[{"not_picked":["Lizard Tail","Runic Cube"],"picked":"Ectoplasm"}],"items_purged_floors":[],"is_endless":false,"potions_floor_spawned":[5,6,10,16,18,22],"killed_by":"Champ","ascension_level":0}