{"gold_per_floor":[17,32,107,107,121,121,136,136,136,136,136,136,150,170,170,295,295,319,373,473,496,421,421,421,421,445,485,485,485,485,504,504,632,632,653,671,690,790,450,488,488,507,530,190,208,232,232,248,248,248],"floor_reached":51,"playtime":2583,"items_purged":["Injury","Strike_B","Strike_B"],"score":769,"play_id":"47a9a1ef-8502-4edb-8228-be4fc14074ae","local_time":"20180920193959","is_ascension_mode":true,"campfire_choices":[{"data":"Self Repair","floor":6,"key":"SMITH"},{"data":"Zap","floor":8,"key":"SMITH"},{"data":"Dualcast","floor":10,"key":"SMITH"},{"data":"Streamline","floor":15,"key":"SMITH"},{"data":"Creative AI","floor":23,"key":"SMITH"},{"data":"Defragment","floor":25,"key":"SMITH"},{"data":"Seek","floor":28,"key":"SMITH"},{"data":"Buffer","floor":30,"key":"SMITH"},{"data":"Skim","floor":32,"key":"SMITH"},{"data":"Seek","floor":41,"key":"SMITH"},{"data":"Consume","floor":49,"key":"SMITH"}],"neow_cost":"NO_GOLD","seed_source_timestamp":456004602362922,"circlet_count":0,"master_deck":["Strike_B+1","Defend_B","Defend_B","Defend_B","Defend_B","Zap+1","Dualcast+1","Streamline+1","Streamline+1","Self Repair+1","Cold Snap","Melter","Creative AI+1","Defragment+1","Ghostly","Ghostly","Ghostly+1","Ghostly","Ghostly","Seek+1","Buffer+1","Skim+1","Seek+1","Conserve Battery+1","Cold Snap+1","Amplify+1","Force Field+1","Consume+1","Madness","Madness"],"relics":["Cracked Core","Bird Faced Urn","Pantograph","Golden Idol","Runic Dome","Vajra","Bronze Scales","Letter Opener","Inserter","Question Card","Dodecahedron","War Paint","Oddly Smooth Stone"],"potions_floor_usage":[50,50,50,50,50],"damage_taken":[{"damage":6,"enemies":"Jaw Worm","floor":1,"turns":3},{"damage":7,"enemies":"2 Louse","floor":2,"turns":2},{"damage":5,"enemies":"Small Slimes","floor":5,"turns":3},{"damage":2,"enemies":"Blue Slaver","floor":7,"turns":3},{"damage":7,"enemies":"2 Fungi Beasts","floor":13,"turns":3},{"damage":2,"enemies":"3 Louse","floor":14,"turns":3},{"damage":53,"enemies":"Hexaghost","floor":16,"turns":9},{"damage":15,"enemies":"Chosen","floor":18,"turns":4},{"damage":0,"enemies":"Spheric Guardian","floor":21,"turns":2},{"damage":3,"enemies":"Slavers","floor":27,"turns":6},{"damage":14,"enemies":"Snake Plant","floor":31,"turns":4},{"damage":4,"enemies":"Champ","floor":33,"turns":13},{"damage":4,"enemies":"Orb Walker","floor":35,"turns":5},{"damage":4,"enemies":"3 Darklings","floor":36,"turns":5},{"damage":3,"enemies":"Reptomancer","floor":37,"turns":7},{"damage":37,"enemies":"Nemesis","floor":40,"turns":9},{"damage":0,"enemies":"Sphere and 2 Shapes","floor":42,"turns":4},{"damage":10,"enemies":"4 Shapes","floor":45,"turns":4},{"damage":12,"enemies":"Maw","floor":46,"turns":8},{"damage":11,"enemies":"Sphere and 2 Shapes","floor":48,"turns":4},{"damage":4,"enemies":"Time Eater","floor":50,"turns":11}],"seed_played":"7809765311959295954","potions_obtained":[{"floor":5,"key":"SteroidPotion"},{"floor":14,"key":"Swift Potion"},{"floor":18,"key":"EntropicBrew"},{"floor":37,"key":"PowerPotion"}],"is_trial":false,"path_per_floor":["M","M","?","?","M","R","M","R","T","R","$","?","M","M","R","B",null,"M","T","?","M","$","R","?","R","T","E","R","?","R","M","R","B",null,"M","M","M","?","$","E","R","M","T","$","M","M","?","M","R","B"],"character_chosen":"DEFECT","items_purchased":["Question Card","Oddly Smooth Stone","Consume"],"campfire_rested":0,"item_purchase_floors":[39,44,44],"current_hp_per_floor":[69,62,51,36,31,31,41,41,41,41,41,41,46,56,56,34,75,70,70,70,70,70,70,37,37,37,37,37,37,37,27,27,37,37,37,37,37,37,37,19,19,25,25,25,33,37,32,37,37,37],"gold":248,"neow_bonus":"ONE_RARE_RELIC","is_prod":false,"is_daily":false,"chose_seed":false,"campfire_upgraded":11,"win_rate":1,"timestamp":1537465199,"path_taken":["M","M","?","?","M","R","M","R","T","R","$","?","?","M","R","BOSS","M","?","?","?","$","R","?","R","T","E","R","?","R","M","R","BOSS","M","M","?","?","$","E","R","M","T","$","?","M","?","?","R","BOSS"],"build_version":"2018-09-19","purchased_purges":3,"victory":true,"max_hp_per_floor":[75,75,75,75,75,75,75,75,75,75,75,75,75,75,75,75,75,75,75,75,75,75,75,37,37,37,37,37,37,37,37,37,37,37,37,37,37,37,37,37,37,37,37,37,37,37,37,37,37,37],"card_choices":[{"not_picked":["Beam Cell","Aggregate"],"picked":"Streamline","floor":1},{"not_picked":["Redo","Hologram"],"picked":"Streamline","floor":2},{"not_picked":["Scrape","Aggregate"],"picked":"Self Repair","floor":5},{"not_picked":["Go for the Eyes","Conserve Battery"],"picked":"Cold Snap","floor":7},{"not_picked":["Chaos","Hologram","Rebound"],"picked":"SKIP","floor":13},{"not_picked":["Scrape","Stack"],"picked":"Melter","floor":14},{"not_picked":["Amplify","Seek"],"picked":"Creative AI","floor":16},{"not_picked":["Doom and Gloom","Stack","Hologram"],"picked":"SKIP","floor":18},{"not_picked":["Beam Cell+1","Storm"],"picked":"Defragment","floor":21},{"not_picked":["Ball Lightning+1","Darkness+1"],"picked":"Seek","floor":27},{"not_picked":["Streamline+1","Steam"],"picked":"Skim","floor":31},{"not_picked":["Multi-Cast","Creative AI"],"picked":"Seek","floor":33},{"not_picked":["Chill+1","Melter"],"picked":"Conserve Battery+1","floor":35},{"not_picked":["Blizzard","Leap"],"picked":"Cold Snap+1","floor":36},{"not_picked":["Sweeping Beam","Doom and Gloom","Stack"],"picked":"SKIP","floor":37},{"not_picked":["Beam Cell","Multi-Cast","Undo"],"picked":"Amplify","floor":40},{"not_picked":["Capacitor","Rebound+1","Skim"],"picked":"Force Field+1","floor":42},{"not_picked":["Leap","Genetic Algorithm","Undo+1","Ball Lightning+1"],"picked":"SKIP","floor":45},{"not_picked":["Gash+1","Compile Driver+1","Auto Shields+1","Rebound"],"picked":"SKIP","floor":46},{"not_picked":["FTL+1","Hologram+1","Rebound","Hello World"],"picked":"SKIP","floor":48}],"player_experience":18893,"relics_obtained":[{"floor":9,"key":"Pantograph"},{"floor":19,"key":"Vajra"},{"floor":26,"key":"Bronze Scales"},{"floor":27,"key":"Letter Opener"},{"floor":40,"key":"Dodecahedron"},{"floor":43,"key":"War Paint"}],"event_choices":[{"event_name":"World of Goop","player_choice":"Gather Gold","floor":3,"damage_taken":0},{"event_name":"Shining Light","player_choice":"Entered Light","floor":4,"damage_taken":0},{"event_name":"Golden Idol","player_choice":"Take Wound","floor":12,"damage_taken":0},{"event_name":"Golden Shrine","player_choice":"Pray","floor":20,"damage_taken":0},{"event_name":"Ghosts","player_choice":"Became a Ghost","floor":24,"damage_taken":0},{"event_name":"Transmorgrifier","player_choice":"Transform","floor":29,"damage_taken":0},{"event_name":"Golden Shrine","player_choice":"Pray","floor":38,"damage_taken":0},{"event_name":"Winding Halls","player_choice":"Embrace Madness","floor":47,"damage_taken":0}],"is_beta":true,"boss_relics":[{"not_picked":["Fusion Hammer","Calling Bell"],"picked":"Runic Dome"},{"not_picked":["White Beast Statue","Runic Pyramid"],"picked":"Inserter"}],"items_purged_floors":[22,39,44],"is_endless":false,"potions_floor_spawned":[5,14,18,37,40,42,46],"ascension_level":1}