{"gold_per_floor":[118,138,213,228,241,241,241,271,296,296,316,391,35,50,50,153,153,170,270,2,2,22,22,39,39,39,65,65,65,44,58,58,158,158,170,183,202,202,212,245,264,281,358,358,24,24,39,57,57,57],"floor_reached":51,"playtime":2147,"items_purged":["Defend_R","Regret"],"score":1214,"play_id":"6e622948-3f70-42df-93e1-85eb23b206ba","local_time":"20190316130719","is_ascension_mode":true,"campfire_choices":[{"data":"Perfected Strike","floor":6.0,"key":"SMITH"},{"data":"Perfected Strike","floor":10.0,"key":"SMITH"},{"floor":15.0,"key":"REST"},{"floor":23.0,"key":"REST"},{"data":"Demon Form","floor":25.0,"key":"SMITH"},{"data":"Bash","floor":32.0,"key":"SMITH"},{"data":"Armaments","floor":46.0,"key":"SMITH"},{"data":"Perfected Strike","floor":49.0,"key":"SMITH"}],"neow_cost":"NONE","seed_source_timestamp":6641948491531,"circlet_count":0,"master_deck":["Strike_R+1","Strike_R+1","Strike_R+1","Strike_R+1","Strike_R+1","Defend_R+1","Defend_R+1","Defend_R+1","Bash+1","Perfected Strike+1","Perfected Strike+1","Perfected Strike+1","Twin Strike","Armaments+1","Pommel Strike","Disarm","Demon Form+1","Shrug It Off","Disarm","Ghostly","Ghostly","Ghostly","Ghostly","Ghostly","Wild Strike+1","Pommel Strike+1","Demon Form","Perfected Strike+1","Perfected Strike+1","Havoc+1","Inflame+1","Pommel Strike+1","Perfected Strike+1","Sword Boomerang+1","Whirlwind+1","Headbutt+1","Sword Boomerang+1","Warcry+1"],"special_seed":0,"relics":["Burning Blood","NeowsBlessing","Lantern","The Courier","War Paint","Shuriken","Tiny Chest","Snecko Eye","Ginger","Paper Frog","Medical Kit","Blood Vial","Nilry\u0027s Codex","Blue Candle","Molten Egg 2","Calling Bell","Smiling Mask","Self Forming Clay","Magic Flower","Art of War","Letter Opener","Chemical X"],"potions_floor_usage":[50,50,50],"damage_taken":[{"damage":0.0,"enemies":"Cultist","floor":1.0,"turns":1.0},{"damage":0.0,"enemies":"Jaw Worm","floor":2.0,"turns":1.0},{"damage":0.0,"enemies":"2 Louse","floor":4.0,"turns":1.0},{"damage":1.0,"enemies":"Exordium Wildlife","floor":5.0,"turns":3.0},{"damage":25.0,"enemies":"Lagavulin","floor":8.0,"turns":4.0},{"damage":23.0,"enemies":"3 Louse","floor":11.0,"turns":3.0},{"damage":0.0,"enemies":"Large Slime","floor":14.0,"turns":3.0},{"damage":0.0,"enemies":"Slime Boss","floor":16.0,"turns":5.0},{"damage":6.0,"enemies":"Shell Parasite","floor":18.0,"turns":3.0},{"damage":15.0,"enemies":"Colosseum Slavers","floor":19.0,"turns":3.0},{"damage":7.0,"enemies":"Colosseum Nobs","floor":19.0,"turns":4.0},{"damage":9.0,"enemies":"2 Thieves","floor":22.0,"turns":4.0},{"damage":13.0,"enemies":"Centurion and Healer","floor":24.0,"turns":3.0},{"damage":14.0,"enemies":"Book of Stabbing","floor":27.0,"turns":3.0},{"damage":0.0,"enemies":"Sentry and Sphere","floor":31.0,"turns":2.0},{"damage":1.0,"enemies":"Champ","floor":33.0,"turns":6.0},{"damage":2.0,"enemies":"3 Shapes","floor":35.0,"turns":2.0},{"damage":4.0,"enemies":"Orb Walker","floor":36.0,"turns":2.0},{"damage":13.0,"enemies":"Sphere and 2 Shapes","floor":37.0,"turns":4.0},{"damage":3.0,"enemies":"Spire Growth","floor":39.0,"turns":4.0},{"damage":1.0,"enemies":"Nemesis","floor":40.0,"turns":3.0},{"damage":12.0,"enemies":"3 Darklings","floor":41.0,"turns":5.0},{"damage":2.0,"enemies":"Jaw Worm Horde","floor":42.0,"turns":3.0},{"damage":0.0,"enemies":"Spire Growth","floor":47.0,"turns":2.0},{"damage":0.0,"enemies":"3 Darklings","floor":48.0,"turns":2.0},{"damage":39,"enemies":"Time Eater","floor":50,"turns":7}],"seed_played":"-6298977756535335816","potions_obtained":[{"floor":8.0,"key":"Fire Potion"},{"floor":11.0,"key":"Explosive Potion"},{"floor":16.0,"key":"SpeedPotion"},{"floor":19.0,"key":"SpeedPotion"},{"floor":31.0,"key":"SteroidPotion"},{"floor":36.0,"key":"LiquidBronze"},{"floor":48.0,"key":"Strength Potion"}],"is_trial":false,"path_per_floor":["M","M","?","M","M","R","T","E","T","R","M","?","$","M","R","B",null,"M","?","$","?","M","R","M","R","T","E","?","?","$","M","R","B",null,"M","M","M","?","M","E","M","M","T","?","$","R","M","M","R","B",null],"character_chosen":"IRONCLAD","items_purchased":["Pommel Strike","Shuriken","Tiny Chest","Medical Kit","Blood Vial","Wild Strike+1","Sword Boomerang+1","Whirlwind+1","Chemical X","Headbutt+1"],"campfire_rested":2,"item_purchase_floors":[13,13,13,20,20,30,45,45,45,45],"current_hp_per_floor":[78,80,72,78,80,80,80,61,61,61,44,33,33,39,63,69,77,77,67,67,51,50,74,69,69,69,63,40,40,40,40,40,40,40,40,40,36,36,40,40,37,40,40,40,40,40,40,40,40,10],"gold":57,"neow_bonus":"THREE_ENEMY_KILL","is_prod":false,"is_daily":false,"chose_seed":false,"campfire_upgraded":6,"win_rate":0,"timestamp":1552709239,"path_taken":["M","?","?","M","?","R","?","E","T","R","M","?","$","M","R","BOSS","M","?","$","?","M","R","M","R","T","E","?","?","$","M","R","BOSS","M","M","M","?","M","E","M","?","T","?","$","R","?","M","R","BOSS"],"build_version":"2019-01-23","purchased_purges":2,"victory":true,"max_hp_per_floor":[80,80,80,80,80,80,80,80,80,80,80,80,80,80,80,80,80,80,80,80,80,80,80,80,80,80,80,40,40,40,40,40,40,40,40,40,40,40,40,40,40,40,40,40,40,40,40,40,40,40],"card_choices":[{"not_picked":["Clothesline","Thunderclap"],"picked":"Perfected Strike","floor":1.0},{"not_picked":["Twin Strike","Body Slam"],"picked":"Perfected Strike","floor":2.0},{"not_picked":["Rampage","Cleave","Sword Boomerang"],"picked":"SKIP","floor":4.0},{"not_picked":["Armaments","Pommel Strike"],"picked":"Perfected Strike","floor":5.0},{"not_picked":["Flame Barrier","Infernal Blade"],"picked":"Twin Strike","floor":8.0},{"not_picked":["Body Slam","Clothesline"],"picked":"Armaments","floor":11.0},{"not_picked":["Anger","Body Slam"],"picked":"Disarm","floor":14.0},{"not_picked":["Barricade","Bludgeon"],"picked":"Demon Form","floor":16.0},{"not_picked":["Iron Wave","Havoc","Body Slam"],"picked":"SKIP","floor":18.0},{"not_picked":["Armaments","Iron Wave+1"],"picked":"Shrug It Off","floor":22.0},{"not_picked":["Iron Wave","Clash","Pummel"],"picked":"SKIP","floor":24.0},{"not_picked":["Spot Weakness","Intimidate"],"picked":"Disarm","floor":27.0},{"not_picked":["Flex","Clothesline+1"],"picked":"Pommel Strike+1","floor":31.0},{"not_picked":["Double Tap","Reaper+1"],"picked":"Demon Form","floor":33.0},{"not_picked":["Warcry","Dropkick+1"],"picked":"Perfected Strike+1","floor":35.0},{"not_picked":["Thunderclap+1","Dropkick+1"],"picked":"Perfected Strike+1","floor":36.0},{"not_picked":["Headbutt+1","Warcry"],"picked":"Havoc+1","floor":37.0},{"not_picked":["Flex","Iron Wave+1"],"picked":"Inflame+1","floor":39.0},{"not_picked":["Carnage+1","Shrug It Off","Fire Breathing+1"],"picked":"SKIP","floor":40.0},{"not_picked":["Thunderclap+1","Armaments+1"],"picked":"Pommel Strike+1","floor":41.0},{"not_picked":["Rage+1","Fiend Fire+1"],"picked":"Perfected Strike+1","floor":42.0},{"not_picked":["Flex","Warcry"],"picked":"Sword Boomerang+1","floor":47.0},{"not_picked":["Uppercut+1","Clothesline+1"],"picked":"Warcry+1","floor":48.0}],"player_experience":388573,"relics_obtained":[{"floor":7.0,"key":"Lantern"},{"floor":8.0,"key":"The Courier"},{"floor":9.0,"key":"War Paint"},{"floor":19.0,"key":"Ginger"},{"floor":19.0,"key":"Paper Frog"},{"floor":21.0,"key":"Nilry\u0027s Codex"},{"floor":26.0,"key":"Blue Candle"},{"floor":27.0,"key":"Molten Egg 2"},{"floor":34.0,"key":"Smiling Mask"},{"floor":34.0,"key":"Self Forming Clay"},{"floor":34.0,"key":"Magic Flower"},{"floor":40.0,"key":"Art of War"},{"floor":43.0,"key":"Letter Opener"}],"event_choices":[{"damage_healed":0.0,"max_hp_gain":0.0,"max_hp_loss":0.0,"gold_gain":75.0,"event_name":"FaceTrader","player_choice":"Touch","floor":3.0,"gold_loss":0.0,"damage_taken":8.0},{"damage_healed":0.0,"max_hp_gain":0.0,"max_hp_loss":0.0,"gold_gain":75.0,"event_name":"World of Goop","player_choice":"Gather Gold","floor":12.0,"gold_loss":0.0,"damage_taken":11.0},{"damage_healed":0.0,"max_hp_gain":0.0,"max_hp_loss":0.0,"gold_gain":0.0,"event_name":"Colosseum","player_choice":"Fight","floor":19.0,"gold_loss":0.0,"damage_taken":0.0},{"damage_healed":0.0,"max_hp_gain":0.0,"max_hp_loss":0.0,"gold_gain":0.0,"event_name":"Colosseum","player_choice":"Fought Nobs","floor":19.0,"gold_loss":0.0,"damage_taken":0.0},{"damage_healed":0.0,"max_hp_gain":0.0,"max_hp_loss":0.0,"gold_gain":0.0,"event_name":"Cursed Tome","player_choice":"Obtained Book","floor":21.0,"gold_loss":0.0,"damage_taken":16.0},{"damage_healed":0.0,"max_hp_gain":0.0,"max_hp_loss":40.0,"gold_gain":0.0,"event_name":"Ghosts","player_choice":"Became a Ghost","floor":28.0,"gold_loss":0.0,"damage_taken":0.0,"cards_obtained":["Ghostly","Ghostly","Ghostly","Ghostly","Ghostly"]},{"damage_healed":0.0,"max_hp_gain":0.0,"max_hp_loss":0.0,"gold_gain":0.0,"event_name":"Back to Basics","player_choice":"Simplicity","floor":29.0,"gold_loss":0.0,"damage_taken":0.0,"cards_upgraded":["Strike_R","Strike_R","Strike_R","Strike_R","Strike_R","Defend_R"]},{"cards_removed":["Writhe"],"damage_healed":0.0,"max_hp_gain":0.0,"max_hp_loss":0.0,"gold_gain":0.0,"event_name":"Wheel of Change","player_choice":"Card Removal","floor":38.0,"gold_loss":0.0,"damage_taken":0.0},{"cards_removed":["Doubt"],"damage_healed":0.0,"max_hp_gain":0.0,"max_hp_loss":0.0,"gold_gain":0.0,"event_name":"Purifier","player_choice":"Purged","floor":44.0,"gold_loss":0.0,"damage_taken":0.0}],"is_beta":false,"boss_relics":[{"not_picked":["Astrolabe","Sozu"],"picked":"Snecko Eye"},{"not_picked":["Cursed Key","Fusion Hammer"],"picked":"Calling Bell"}],"items_purged_floors":[13,45],"is_endless":false,"potions_floor_spawned":[8,11,16,19,19,31,33,36,37,40,42,48],"ascension_level":9}