{"gold_per_floor":[115,135,135,22,41,41,74,74,74,86,103,119,119,131,131,206,206,217,229,29,29,45,45,74,74,74,74,74,74,74,103,103,103],"floor_reached":33,"playtime":1001,"items_purged":["Strike_B","Strike_B"],"score":499,"play_id":"5f5f575e-83a4-41ab-a2bb-d1be97294906","local_time":"20190318123336","is_ascension_mode":true,"campfire_choices":[{"data":"Zap","floor":6.0,"key":"SMITH"},{"floor":13.0,"key":"REST"},{"data":"Ball Lightning","floor":15.0,"key":"SMITH"},{"floor":23.0,"key":"REST"},{"floor":25,"key":"REST"},{"data":"Fission","floor":30,"key":"SMITH"},{"data":"Defragment","floor":32,"key":"SMITH"}],"neow_cost":"NONE","seed_source_timestamp":2243268531450784,"circlet_count":0,"master_deck":["AscendersBane","Strike_B","Strike_B+1","Defend_B","Defend_B","Defend_B","Defend_B","Zap+1","Dualcast","Beam Cell+1","Doom and Gloom","Reinforced Body","Ball Lightning+1","Fission+1","Ball Lightning","Undo","Defragment+1","Steam","Genetic Algorithm"],"special_seed":0,"relics":["Busted Crown","Turnip","Symbiotic Virus","Black Star","Juzu Bracelet","Du-Vu Doll","Pantograph","CultistMask","Dream Catcher","Kunai"],"potions_floor_usage":[24,24],"damage_taken":[{"damage":0.0,"enemies":"Cultist","floor":1.0,"turns":3.0},{"damage":0.0,"enemies":"2 Louse","floor":2.0,"turns":2.0},{"damage":5.0,"enemies":"Small Slimes","floor":5.0,"turns":2.0},{"damage":10.0,"enemies":"3 Sentries","floor":7.0,"turns":5.0},{"damage":0.0,"enemies":"Blue Slaver","floor":10.0,"turns":2.0},{"damage":0.0,"enemies":"Exordium Thugs","floor":11.0,"turns":5.0},{"damage":4.0,"enemies":"Red Slaver","floor":12.0,"turns":2.0},{"damage":3.0,"enemies":"Blue Slaver","floor":14.0,"turns":2.0},{"damage":28.0,"enemies":"Hexaghost","floor":16.0,"turns":9.0},{"damage":7.0,"enemies":"3 Byrds","floor":18.0,"turns":4.0},{"damage":7.0,"enemies":"Chosen","floor":19.0,"turns":4.0},{"damage":19.0,"enemies":"Snake Plant","floor":22.0,"turns":4.0},{"damage":52,"enemies":"Slavers","floor":24,"turns":7},{"damage":18,"enemies":"Gremlin Leader","floor":31,"turns":6},{"damage":75,"enemies":"Automaton","floor":33,"turns":6}],"seed_played":"-8066959844469047900","potions_obtained":[{"floor":5.0,"key":"AttackPotion"},{"floor":12.0,"key":"Ancient Potion"},{"floor":14.0,"key":"Regen Potion"}],"is_trial":false,"path_per_floor":["M","M","?","$","M","R","E","?","T","M","M","M","R","M","R","B",null,"M","M","$","?","M","R","E","R","T","?","?","?","R","E","R","B"],"character_chosen":"DEFECT","items_purchased":["Doom and Gloom","Defragment","Steam"],"campfire_rested":3,"item_purchase_floors":[4,20,20],"current_hp_per_floor":[64,64,43,43,38,38,28,33,33,33,33,29,51,48,48,20,62,55,48,48,48,29,51,13,35,35,35,50,50,50,32,32,0],"gold":103,"neow_bonus":"BOSS_RELIC","is_prod":false,"is_daily":false,"chose_seed":false,"campfire_upgraded":4,"win_rate":0,"timestamp":1552934016,"path_taken":["M","M","?","$","M","R","E","?","T","M","M","M","R","M","R","BOSS","M","M","$","?","M","R","E","R","T","?","?","?","R","E","R","BOSS"],"build_version":"2019-01-23","purchased_purges":2,"victory":false,"max_hp_per_floor":[71,71,71,71,71,71,71,76,76,76,76,76,76,76,76,76,76,76,76,76,76,76,76,76,76,76,76,76,76,76,76,76,76],"card_choices":[{"not_picked":[],"picked":"Beam Cell","floor":1.0},{"not_picked":["Stack"],"picked":"SKIP","floor":2.0},{"not_picked":[],"picked":"Reinforced Body","floor":5.0},{"not_picked":["Doom and Gloom"],"picked":"SKIP","floor":7.0},{"not_picked":[],"picked":"Ball Lightning","floor":10.0},{"not_picked":["Streamline"],"picked":"SKIP","floor":11.0},{"not_picked":["Doom and Gloom"],"picked":"SKIP","floor":12.0},{"not_picked":["Heatsinks"],"picked":"SKIP","floor":14.0},{"not_picked":[],"picked":"Fission","floor":16.0},{"not_picked":[],"picked":"Ball Lightning","floor":18.0},{"not_picked":[],"picked":"Undo","floor":19.0},{"not_picked":["Recycle"],"picked":"SKIP","floor":22.0},{"not_picked":[],"picked":"Genetic Algorithm","floor":24},{"not_picked":["Reprogram"],"picked":"SKIP","floor":31}],"player_experience":810756,"relics_obtained":[{"floor":7.0,"key":"Turnip"},{"floor":9.0,"key":"Symbiotic Virus"},{"floor":24,"key":"Juzu Bracelet"},{"floor":24,"key":"Du-Vu Doll"},{"floor":26,"key":"Pantograph"},{"floor":31,"key":"Dream Catcher"},{"floor":31,"key":"Kunai"}],"event_choices":[{"damage_healed":0.0,"max_hp_gain":0.0,"max_hp_loss":0.0,"gold_gain":0.0,"event_name":"Shining Light","player_choice":"Entered Light","floor":3.0,"gold_loss":0.0,"damage_taken":21.0,"cards_upgraded":["Strike_B","Beam Cell"]},{"damage_healed":0.0,"max_hp_gain":5.0,"max_hp_loss":0.0,"gold_gain":0.0,"event_name":"Big Fish","player_choice":"Donut","floor":8.0,"gold_loss":0.0,"damage_taken":0.0},{"damage_healed":0.0,"max_hp_gain":0.0,"max_hp_loss":0.0,"gold_gain":0.0,"event_name":"The Mausoleum","player_choice":"Ignored","floor":21.0,"gold_loss":0.0,"damage_taken":0.0},{"damage_healed":0,"gold_gain":0,"player_choice":"Trade","damage_taken":0,"relics_obtained":["CultistMask"],"max_hp_gain":0,"max_hp_loss":0,"event_name":"FaceTrader","floor":27,"gold_loss":0},{"damage_healed":15,"gold_gain":0,"player_choice":"Heal","damage_taken":0,"max_hp_gain":0,"max_hp_loss":0,"event_name":"The Library","floor":28,"gold_loss":0},{"damage_healed":0,"gold_gain":0,"player_choice":"Ignored","damage_taken":0,"max_hp_gain":0,"max_hp_loss":0,"event_name":"Ghosts","floor":29,"gold_loss":0}],"is_beta":false,"boss_relics":[{"not_picked":["Snecko Eye","Calling Bell"],"picked":"Black Star"}],"items_purged_floors":[4,20],"is_endless":false,"potions_floor_spawned":[5,12,14,16,18,22],"killed_by":"Automaton","ascension_level":15}