{"gold_per_floor":[109,109,120,130,130,164,12,12,12,12,26,26,26,37,37,140,140,127,40,40,40,5,5,36,36,91,110,127,127,144,73,73,73],"floor_reached":33,"playtime":1298,"items_purged":[],"score":398,"play_id":"d76af244-b117-4066-8f96-d39cbd5d220e","local_time":"20180825011217","is_ascension_mode":true,"campfire_choices":[{"data":"Glacier","floor":10.0,"key":"SMITH"},{"data":"Hologram","floor":12.0,"key":"SMITH"},{"floor":15.0,"key":"REST"},{"data":"Forethought","floor":23.0,"key":"SMITH"},{"floor":25.0,"key":"REST"},{"data":"Go for the Eyes","floor":29,"key":"SMITH"},{"data":"Creative AI","floor":32,"key":"SMITH"}],"neow_cost":"NONE","seed_source_timestamp":482805367946855,"circlet_count":0,"master_deck":["Strike_B+1","Strike_B+1","Strike_B+1","Strike_B+1","Defend_B+1","Defend_B+1","Defend_B+1","Defend_B+1","Zap+1","Dualcast+1","AscendersBane","Cold Snap","Ball Lightning","Core Surge","Glacier+1","Hologram+1","Coolheaded","Echo Form","Auto Shields+1","Forethought+1","Scrape","Blizzard+1","Go for the Eyes+1","Tempest","Ball Lightning","Creative AI+1"],"special_seed":0,"relics":["Inserter","Centennial Puzzle","Pen Nib","Darkstone Periapt","Nuclear Battery","Ice Cream","Strawberry"],"potions_floor_usage":[30,33],"damage_taken":[{"damage":7.0,"enemies":"2 Louse","floor":1.0,"turns":3.0},{"damage":0.0,"enemies":"Cultist","floor":3.0,"turns":4.0},{"damage":5.0,"enemies":"Small Slimes","floor":4.0,"turns":3.0},{"damage":29.0,"enemies":"3 Sentries","floor":6.0,"turns":8.0},{"damage":2.0,"enemies":"2 Fungi Beasts","floor":7.0,"turns":3.0},{"damage":5.0,"enemies":"2 Fungi Beasts","floor":11.0,"turns":3.0},{"damage":0.0,"enemies":"Looter","floor":14.0,"turns":4.0},{"damage":24.0,"enemies":"Slime Boss","floor":16.0,"turns":10.0},{"damage":9.0,"enemies":"2 Thieves","floor":18.0,"turns":4.0},{"damage":25.0,"enemies":"Book of Stabbing","floor":24.0,"turns":7.0},{"damage":0.0,"enemies":"Shell Parasite","floor":27.0,"turns":5.0},{"damage":13.0,"enemies":"Snake Plant","floor":28.0,"turns":6.0},{"damage":4,"enemies":"3 Cultists","floor":30,"turns":6},{"damage":43,"enemies":"Automaton","floor":33,"turns":6}],"seed_played":"-357126216703529","potions_obtained":[{"floor":3.0,"key":"FearPotion"},{"floor":4.0,"key":"SpeedPotion"},{"floor":6.0,"key":"AttackPotion"},{"floor":16.0,"key":"Energy Potion"},{"floor":27.0,"key":"SkillPotion"},{"floor":28.0,"key":"Swift Potion"}],"is_trial":false,"path_per_floor":["M","?","M","M","?","E","$","$","T","R","M","R","?","M","R","B",null,"M","$","?","?","$","R","E","R","T","M","M","R","M","$","R"],"character_chosen":"DEFECT","items_purchased":["Pen Nib","Forethought","Scrape","Creative AI"],"campfire_rested":2,"item_purchase_floors":[7,19,22,31],"current_hp_per_floor":[61,61,61,56,56,27,25,25,25,25,20,20,20,20,42,18,61,52,52,52,52,52,52,27,49,56,56,43,43,39,39,39,0],"gold":73,"neow_bonus":"BOSS_RELIC","is_prod":false,"is_daily":false,"chose_seed":false,"campfire_upgraded":5,"win_rate":0,"timestamp":1535181137,"path_taken":["M","?","M","M","?","E","?","$","T","R","M","R","?","M","R","BOSS","M","$","?","?","?","R","E","R","T","?","M","R","M","$","R","BOSS"],"build_version":"2018-08-23v2","purchased_purges":0,"victory":false,"max_hp_per_floor":[75,75,75,75,75,75,75,75,75,75,75,75,75,75,75,75,75,75,75,75,75,75,75,75,75,82,82,82,82,82,82,82,82],"card_choices":[{"not_picked":["Streamline","Sunder"],"picked":"Cold Snap","floor":1.0},{"not_picked":["Stack","Leap"],"picked":"Ball Lightning","floor":3.0},{"not_picked":["Auto Shields","Barrage"],"picked":"Core Surge","floor":4.0},{"not_picked":["Conserve Battery","Gash"],"picked":"Glacier","floor":6.0},{"not_picked":["Sweeping Beam","Capacitor"],"picked":"Hologram","floor":11.0},{"not_picked":["Stack","Barrage"],"picked":"Coolheaded","floor":14.0},{"not_picked":["Buffer","Meteor Strike"],"picked":"Echo Form","floor":16.0},{"not_picked":["Stack","Turbo"],"picked":"Auto Shields+1","floor":18.0},{"not_picked":["Chill","Turbo"],"picked":"Blizzard+1","floor":24.0},{"not_picked":["Gash","Stack"],"picked":"Go for the Eyes","floor":27.0},{"not_picked":["Stack","Redo"],"picked":"Tempest","floor":28.0},{"not_picked":["Gash","Barrage+1"],"picked":"Ball Lightning","floor":30}],"player_experience":424366,"relics_obtained":[{"floor":6.0,"key":"Centennial Puzzle"},{"floor":9.0,"key":"Darkstone Periapt"},{"floor":24.0,"key":"Ice Cream"},{"floor":26.0,"key":"Strawberry"}],"event_choices":[{"event_name":"Living Wall","player_choice":"Grow","floor":2.0,"damage_taken":0.0},{"event_name":"Upgrade Shrine","player_choice":"Upgraded","floor":5.0,"damage_taken":0.0},{"event_name":"Liars Game","player_choice":"disagreed","floor":13.0,"damage_taken":0.0},{"event_name":"Ghosts","player_choice":"Ignored","floor":20.0,"damage_taken":0.0},{"event_name":"Back to Basics","player_choice":"Simplicity","floor":21.0,"damage_taken":0.0}],"is_beta":false,"boss_relics":[{"not_picked":["Busted Crown","Fusion Hammer"],"picked":"Nuclear Battery"}],"items_purged_floors":[],"is_endless":false,"potions_floor_spawned":[3,4,6,16,27,28],"killed_by":"Automaton","ascension_level":10}