{"gold_per_floor":[117,46,66,66,66,128,142,169,193,193,193,203,214,233,233,233],"floor_reached":16,"playtime":1006,"items_purged":[],"score":112,"play_id":"8ea15116-bc68-40c8-bf95-b92efed9c6ab","local_time":"20190305134335","is_ascension_mode":false,"campfire_choices":[{"floor":11,"key":"REST"},{"data":"Armaments","floor":15,"key":"SMITH"}],"neow_cost":"NONE","seed_source_timestamp":1704134791632132,"circlet_count":0,"master_deck":["Strike_R","Strike_R","Strike_R+1","Strike_R","Defend_R","Defend_R","Defend_R","Defend_R","Bash","Body Slam+1","Flame Barrier","Flame Barrier","Double Tap","Body Slam","Bloodletting","Armaments+1","Feel No Pain","Second Wind"],"relics":["Burning Blood","Tiny Chest","Smiling Mask","Anchor"],"potions_floor_usage":[8,8],"damage_taken":[{"damage":1,"enemies":"Cultist","floor":1,"turns":3},{"damage":16,"enemies":"Jaw Worm","floor":3,"turns":4},{"damage":48,"enemies":"Lagavulin","floor":6,"turns":14},{"damage":2,"enemies":"2 Louse","floor":7,"turns":3},{"damage":13,"enemies":"3 Sentries","floor":8,"turns":8},{"damage":0,"enemies":"Exordium Wildlife","floor":12,"turns":3},{"damage":2,"enemies":"Blue Slaver","floor":13,"turns":2},{"damage":11,"enemies":"Lots of Slimes","floor":14,"turns":6},{"damage":46,"enemies":"Slime Boss","floor":16,"turns":6}],"seed_played":"7650728787148627802","potions_obtained":[{"floor":3,"key":"SpeedPotion"},{"floor":6,"key":"Strength Potion"}],"is_trial":false,"path_per_floor":["M","$","M","?","?","E","M","E","T","?","R","M","M","M","R","B"],"character_chosen":"IRONCLAD","items_purchased":["Flame Barrier"],"campfire_rested":1,"item_purchase_floors":[2],"current_hp_per_floor":[88,88,78,60,53,11,15,8,8,8,34,40,44,39,39,0],"gold":233,"neow_bonus":"TEN_PERCENT_HP_BONUS","is_prod":false,"is_daily":false,"chose_seed":false,"campfire_upgraded":1,"win_rate":0,"timestamp":1551761015,"path_taken":["M","$","?","?","?","E","?","E","T","?","R","M","M","?","R","BOSS"],"build_version":"2019-01-23","purchased_purges":0,"victory":false,"max_hp_per_floor":[88,88,88,88,88,88,88,88,88,88,88,88,88,88,88,88],"card_choices":[{"not_picked":["Armaments","Shrug It Off"],"picked":"Body Slam","floor":1},{"not_picked":["Cleave","Fire Breathing"],"picked":"Flame Barrier","floor":3},{"not_picked":["Headbutt","Clothesline"],"picked":"Double Tap","floor":6},{"not_picked":["Reckless Charge","Anger"],"picked":"Body Slam","floor":7},{"not_picked":["Iron Wave","Thunderclap"],"picked":"Bloodletting","floor":8},{"not_picked":["Sever Soul","Wild Strike"],"picked":"Armaments","floor":12},{"not_picked":["Anger","Fire Breathing"],"picked":"Feel No Pain","floor":13},{"not_picked":["Rupture","Clash"],"picked":"Second Wind","floor":14}],"player_experience":72261,"relics_obtained":[{"floor":6,"key":"Tiny Chest"},{"floor":8,"key":"Smiling Mask"},{"floor":9,"key":"Anchor"}],"event_choices":[{"damage_healed":0,"gold_gain":0,"player_choice":"Entered Light","damage_taken":18,"max_hp_gain":0,"max_hp_loss":0,"event_name":"Shining Light","floor":4,"gold_loss":0,"cards_upgraded":["Strike_R","Body Slam"]},{"cards_removed":["Strike_R"],"damage_healed":0,"gold_gain":0,"player_choice":"Card Removal","damage_taken":7,"max_hp_gain":0,"max_hp_loss":0,"event_name":"Golden Wing","floor":5,"gold_loss":0},{"damage_healed":0,"gold_gain":0,"player_choice":"Bought 0 Potions","damage_taken":0,"max_hp_gain":0,"max_hp_loss":0,"event_name":"The Woman in Blue","floor":10,"gold_loss":0}],"is_beta":false,"boss_relics":[],"items_purged_floors":[],"is_endless":false,"potions_floor_spawned":[3,6],"killed_by":"Slime Boss","ascension_level":0}