{"gold_per_floor":[368,368,378,378,378,378,408,408,408,408,427,451,466,363,363,363],"floor_reached":16,"playtime":344,"items_purged":[],"score":98,"play_id":"7d1f6596-16aa-4c99-89ac-4ddbb79ff008","local_time":"20190317052633","is_ascension_mode":false,"campfire_choices":[{"data":"Bash","floor":6,"key":"SMITH"},{"floor":15,"key":"REST"}],"neow_cost":"TEN_PERCENT_HP_LOSS","seed_source_timestamp":685677260051,"circlet_count":0,"master_deck":["Strike_R+1","Strike_R","Strike_R+1","Strike_R","Strike_R","Defend_R","Defend_R","Defend_R","Bash+1"],"relics":["Burning Blood","Potion Belt","Ancient Tea Set","Matryoshka","Anchor","Regal Pillow"],"potions_floor_usage":[14],"damage_taken":[{"damage":8,"enemies":"Jaw Worm","floor":1,"turns":3},{"damage":5,"enemies":"Small Slimes","floor":3,"turns":3},{"damage":35,"enemies":"Gremlin Nob","floor":7,"turns":5},{"damage":6,"enemies":"2 Louse","floor":11,"turns":2},{"damage":6,"enemies":"Large Slime","floor":13,"turns":6},{"damage":0,"enemies":"The Guardian","floor":16,"turns":1}],"seed_played":"-854332094793859752","potions_obtained":[{"floor":1,"key":"LiquidBronze"}],"is_trial":false,"path_per_floor":["M","$","M","?","?","R","E","?","T","?","M","T","M","$","R","B"],"character_chosen":"IRONCLAD","items_purchased":["Fruit Juice"],"campfire_rested":1,"item_purchase_floors":[14],"current_hp_per_floor":[70,70,71,64,64,64,35,21,21,21,21,21,21,26,64,64],"gold":363,"neow_bonus":"TWO_FIFTY_GOLD","is_prod":false,"is_daily":false,"chose_seed":false,"campfire_upgraded":1,"win_rate":0,"timestamp":1552767993,"path_taken":["M","$","M","?","?","R","E","?","T","?","M","?","M","?","R","BOSS"],"build_version":"2019-01-23","purchased_purges":0,"victory":false,"max_hp_per_floor":[72,72,72,72,72,72,72,72,72,72,72,72,72,77,77,77],"card_choices":[{"not_picked":["Flex","Clash","Armaments"],"picked":"SKIP","floor":1},{"not_picked":["Thunderclap","Ghostly Armor","Perfected Strike"],"picked":"SKIP","floor":3},{"not_picked":["Shrug It Off","Bloodletting","Spot Weakness"],"picked":"SKIP","floor":7},{"not_picked":["Sever Soul","Warcry","Shrug It Off"],"picked":"SKIP","floor":11},{"not_picked":["Inflame","Limit Break","Spot Weakness"],"picked":"SKIP","floor":13}],"player_experience":403124,"relics_obtained":[{"floor":7,"key":"Ancient Tea Set"},{"floor":9,"key":"Matryoshka"},{"floor":12,"key":"Anchor"},{"floor":12,"key":"Regal Pillow"}],"event_choices":[{"cards_removed":["Defend_R"],"damage_healed":0,"gold_gain":0,"player_choice":"Card Removal","damage_taken":7,"max_hp_gain":0,"max_hp_loss":0,"event_name":"Golden Wing","floor":4,"gold_loss":0},{"damage_healed":0,"gold_gain":0,"player_choice":"Box","damage_taken":0,"relics_obtained":["Potion Belt"],"max_hp_gain":0,"max_hp_loss":0,"event_name":"Big Fish","floor":5,"gold_loss":0,"cards_obtained":["Regret"]},{"damage_healed":0,"gold_gain":0,"player_choice":"Entered Light","damage_taken":14,"max_hp_gain":0,"max_hp_loss":0,"event_name":"Shining Light","floor":8,"gold_loss":0,"cards_upgraded":["Strike_R","Strike_R"]},{"cards_removed":["Regret"],"damage_healed":0,"gold_gain":0,"player_choice":"Forget","damage_taken":0,"max_hp_gain":0,"max_hp_loss":0,"event_name":"Living Wall","floor":10,"gold_loss":0}],"is_beta":false,"boss_relics":[],"items_purged_floors":[],"is_endless":false,"potions_floor_spawned":[1],"killed_by":"The Guardian","ascension_level":0}