{"gold_per_floor":[114,128,147,147,147,147,164,196,196,3,23,23,34,48,48,148,148,162,177,7,7,25,52,66,165,192,192,203,49,49,66,66,164,164,179,192,192,192],"floor_reached":38,"playtime":1225,"items_purged":["Strike_R"],"score":400,"play_id":"841f135b-fd72-4890-b1ca-40c0176a6748","local_time":"20180915122516","is_ascension_mode":false,"campfire_choices":[{"data":"Blood for Blood","floor":6,"key":"SMITH"},{"data":"Limit Break","floor":12,"key":"SMITH"},{"data":"Armaments","floor":15,"key":"SMITH"},{"data":"Spot Weakness","floor":27,"key":"SMITH"},{"floor":32,"key":"REST"}],"neow_cost":"PERCENT_DAMAGE","seed_source_timestamp":393199348797598,"circlet_count":0,"master_deck":["Defend_R","Defend_R","Defend_R","Bash","Blood for Blood+1","Wild Strike","Pommel Strike","Thunderclap","Infernal Blade","Infernal Blade","Double Tap","Limit Break+1","Armaments+1","Shockwave","Metallicize","Offering","Brutality+1","Sentinel+1","Carnage+1","Sword Boomerang","Swift Strike","Spot Weakness+1","Dual Wield+1","Berserk","Shrug It Off","Limit Break","Flex","Thunderclap+1"],"relics":["Black Blood","Champion Belt","Letter Opener","Blue Candle","Astrolabe","Pocketwatch","Bag of Marbles","Lantern"],"potions_floor_usage":[16,23,24,30,33,33,38],"damage_taken":[{"damage":0,"enemies":"Small Slimes","floor":1,"turns":2},{"damage":11,"enemies":"Jaw Worm","floor":2,"turns":2},{"damage":6,"enemies":"2 Louse","floor":3,"turns":2},{"damage":7,"enemies":"Red Slaver","floor":7,"turns":3},{"damage":4,"enemies":"Gremlin Nob","floor":8,"turns":3},{"damage":16,"enemies":"Lots of Slimes","floor":11,"turns":3},{"damage":7,"enemies":"2 Fungi Beasts","floor":13,"turns":2},{"damage":10,"enemies":"3 Louse","floor":14,"turns":3},{"damage":19,"enemies":"Hexaghost","floor":16,"turns":7},{"damage":8,"enemies":"Chosen","floor":18,"turns":3},{"damage":19,"enemies":"3 Byrds","floor":19,"turns":4},{"damage":17,"enemies":"Snake Plant","floor":22,"turns":3},{"damage":30,"enemies":"Book of Stabbing","floor":23,"turns":3},{"damage":5,"enemies":"Shelled Parasite and Fungi","floor":24,"turns":2},{"damage":13,"enemies":"Snecko","floor":28,"turns":5},{"damage":10,"enemies":"Centurion and Healer","floor":31,"turns":3},{"damage":31,"enemies":"Champ","floor":33,"turns":9},{"damage":29,"enemies":"3 Shapes","floor":35,"turns":4},{"damage":38,"enemies":"3 Darklings","floor":36,"turns":6},{"damage":64,"enemies":"Awakened One","floor":38,"turns":2}],"seed_played":"819117293452274042","potions_obtained":[{"floor":2,"key":"SteroidPotion"},{"floor":11,"key":"LiquidBronze"},{"floor":14,"key":"Block Potion"},{"floor":16,"key":"FearPotion"},{"floor":18,"key":"AttackPotion"},{"floor":28,"key":"Fire Potion"},{"floor":30,"key":"Fruit Juice"},{"floor":30,"key":"GamblersBrew"},{"floor":33,"key":"Weak Potion"},{"floor":35,"key":"Strength Potion"}],"is_trial":false,"path_per_floor":["M","M","M","?","?","R","M","E","T","$","M","R","M","M","R","B",null,"M","M","$","?","M","E","M","?","T","R","M","$","?","M","R","B",null,"M","M","?"],"character_chosen":"IRONCLAD","items_purchased":["Limit Break","Armaments","Swift Strike","Lantern"],"campfire_rested":1,"item_purchase_floors":[10,10,20,29],"current_hp_per_floor":[62,57,57,39,39,39,38,40,40,40,30,30,29,25,25,12,80,78,65,65,65,54,30,31,31,31,31,24,24,29,25,50,25,85,66,38,38,0],"gold":192,"neow_bonus":"TRANSFORM_TWO_CARDS","is_prod":false,"is_daily":false,"chose_seed":false,"campfire_upgraded":4,"win_rate":0,"timestamp":1537035916,"path_taken":["M","M","M","?","?","R","M","E","T","$","?","R","M","M","R","BOSS","M","M","$","?","M","E","M","?","T","R","M","$","?","M","R","BOSS","M","?","?","BOSS"],"build_version":"2018-09-06","purchased_purges":1,"victory":false,"max_hp_per_floor":[80,80,80,80,80,80,80,80,80,80,80,80,80,80,80,80,80,80,80,80,80,80,80,80,80,80,80,80,80,85,85,85,85,85,85,85,85,85],"card_choices":[{"not_picked":["Warcry","Body Slam"],"picked":"Pommel Strike","floor":1},{"not_picked":["Armaments","Fire Breathing"],"picked":"Thunderclap","floor":2},{"not_picked":["Dual Wield","Sword Boomerang"],"picked":"Infernal Blade","floor":3},{"not_picked":["Fire Breathing","Iron Wave"],"picked":"Infernal Blade","floor":7},{"not_picked":["Warcry","Wild Strike"],"picked":"Double Tap","floor":8},{"not_picked":["Pummel","Anger"],"picked":"Shockwave","floor":11},{"not_picked":["True Grit","Cleave"],"picked":"Metallicize","floor":13},{"not_picked":["True Grit","Carnage","Wild Strike"],"picked":"SKIP","floor":14},{"not_picked":["Feed","Immolate"],"picked":"Offering","floor":16},{"not_picked":["Twin Strike","Perfected Strike","Clash+1"],"picked":"SKIP","floor":18},{"not_picked":["Entrench","Body Slam"],"picked":"Sword Boomerang","floor":19},{"not_picked":["Rampage","Clothesline"],"picked":"Dual Wield+1","floor":22},{"not_picked":["True Grit+1","Twin Strike+1","Headbutt"],"picked":"SKIP","floor":23},{"not_picked":["Twin Strike","Perfected Strike"],"picked":"Berserk","floor":24},{"not_picked":["Clash","Anger","Rampage+1"],"picked":"SKIP","floor":28},{"not_picked":["Body Slam","Flame Barrier"],"picked":"Shrug It Off","floor":31},{"not_picked":["Feed","Immolate"],"picked":"Limit Break","floor":33},{"not_picked":["Feel No Pain+1","Blood for Blood"],"picked":"Flex","floor":35},{"not_picked":["Clash+1","Cleave+1"],"picked":"Thunderclap+1","floor":36}],"player_experience":481553,"relics_obtained":[{"floor":8,"key":"Letter Opener"},{"floor":9,"key":"Blue Candle"},{"floor":23,"key":"Pocketwatch"},{"floor":26,"key":"Bag of Marbles"}],"event_choices":[{"event_name":"Scrap Ooze","player_choice":"success","floor":4,"damage_taken":18},{"event_name":"Liars Game","player_choice":"disagreed","floor":5,"damage_taken":0},{"event_name":"The Library","player_choice":"Read","floor":21,"damage_taken":0},{"event_name":"Nest","player_choice":"Stole From Cult","floor":25,"damage_taken":0},{"event_name":"The Lab","player_choice":"Got Potions","floor":30,"damage_taken":0},{"event_name":"SecretPortal","player_choice":"Took Portal.","floor":37,"damage_taken":0}],"is_beta":false,"boss_relics":[{"not_picked":["Coffee Dripper","Calling Bell"],"picked":"Astrolabe"},{"not_picked":["White Beast Statue","Lizard Tail"],"picked":"Black Blood"}],"items_purged_floors":[20],"is_endless":false,"potions_floor_spawned":[2,11,14,16,18,28,33,35,36],"killed_by":"Awakened One","ascension_level":0}