{"path_per_floor":["M","M","M","?","$","R","?","?","T","M","$","R","M","M","R","B",null,"M","$","M","?","$","R","E","M","T","R","M","?","M","M","R","B",null,"M","?","$","?","M","R","M","$","T","?","M","M","E","M","R","B"],"character_chosen":"DEFECT","items_purchased":["Go for the Eyes","Capacitor","Apotheosis","Double Energy","Storm"],"gold_per_floor":[11,27,43,218,89,89,89,119,119,132,82,82,95,109,109,205,205,222,21,39,39,39,39,74,89,89,89,106,106,116,127,127,227,227,244,299,220,220,238,238,249,215,267,247,261,281,312,323,323,323],"floor_reached":51,"campfire_rested":5,"playtime":3494,"current_hp_per_floor":[74,64,64,64,64,64,49,49,49,43,43,43,42,32,54,14,75,75,75,72,72,72,72,29,20,20,42,36,36,34,41,63,51,75,75,71,71,71,53,75,67,67,67,67,40,30,23,23,59,39],"items_purged":["Doubt"],"gold":323,"score":691,"play_id":"4905a197-8715-45c7-a40a-c8f98c5bb94a","local_time":"20180429002804","is_prod":false,"is_daily":false,"chose_seed":false,"is_ascension_mode":false,"campfire_upgraded":3,"timestamp":1524979684,"path_taken":["M","M","M","?","$","R","?","?","T","M","?","R","?","M","R","BOSS","M","$","M","?","?","R","E","M","T","R","M","?","M","M","R","BOSS","M","?","$","?","?","R","M","$","T","?","M","M","E","?","R","BOSS"],"build_version":"2018-04-27v3","seed_source_timestamp":1112218070722152,"purchased_purges":3,"victory":true,"master_deck":["Strike_B+1","Strike_B+1","Strike_B+1","Strike_B+1","Defend_B+1","Defend_B+1","Defend_B+1","Defend_B+1","Zap","Dualcast+1","Beam Cell+1","Melter","Buffer","Go for the Eyes+1","Ball Lightning","Capacitor+1","Double Energy","Chaos","All For One","Barrage","Apotheosis+1","Genetic Algorithm","Conserve Battery","White Noise","Tempest","Leap+1","Creative AI+1","Chaos+1","Defragment+1","Double Energy","Blind","Storm+1","Streamline+1","Storm+1","Stack","Seek"],"max_hp_per_floor":[75,75,75,75,75,75,75,75,75,75,75,75,75,75,75,75,75,75,75,75,75,75,75,75,75,75,75,75,75,75,75,75,75,75,75,75,75,75,75,75,75,75,75,75,75,75,75,75,75,75],"relics":["Cracked Core","Unceasing Top","Frozen Egg 2","Ancient Tea Set","Nuclear Battery","Shuriken","Bottled Lightning","Eternal Feather","Ginger","Bag of Preparation","Happy Flower"],"card_choices":[{"not_picked":["Undo","Flux Capacitor"],"picked":"Beam Cell","floor":1.0},{"not_picked":["Streamline","Skim"],"picked":"Melter","floor":2.0},{"not_picked":["Streamline","Go for the Eyes"],"picked":"Buffer","floor":3.0},{"not_picked":["Hologram","Skim"],"picked":"Ball Lightning","floor":10.0},{"not_picked":["Hologram","Melter"],"picked":"Double Energy","floor":13.0},{"not_picked":["Blaster","Static Discharge"],"picked":"Chaos","floor":14.0},{"not_picked":["Prime","Thunder Strike"],"picked":"All For One","floor":16.0},{"not_picked":["Rebound","Axe Kick"],"picked":"Barrage","floor":18.0},{"not_picked":["Beam Cell","Coolheaded"],"picked":"Genetic Algorithm","floor":20.0},{"not_picked":["Coolheaded","Rip and Tear"],"picked":"Conserve Battery","floor":25.0},{"not_picked":["Rebound","Undo"],"picked":"White Noise","floor":28.0},{"not_picked":["Rebound","Go for the Eyes"],"picked":"Tempest","floor":30},{"not_picked":["Barrage","Streamline"],"picked":"Leap","floor":31},{"not_picked":["Meteor Strike","Rainbow"],"picked":"Creative AI","floor":33},{"not_picked":["Sweeping Beam","Streamline"],"picked":"Chaos","floor":35},{"not_picked":["Recycle","Darkness"],"picked":"Defragment","floor":36},{"not_picked":["Finesse","Deep Breath"],"picked":"Blind","floor":38},{"not_picked":["Beam Cell","Steam Power"],"picked":"Storm","floor":39},{"not_picked":["Scrape","Undo"],"picked":"Streamline","floor":41},{"not_picked":["Sunder","Cold Snap"],"picked":"Stack","floor":45},{"not_picked":["Multi-Cast","Skim"],"picked":"Seek","floor":47}],"player_experience":12486,"potions_floor_usage":[30,33,33,48,48,50,50],"damage_taken":[{"damage":1.0,"enemies":"Jaw Worm","floor":1.0,"turns":3.0},{"damage":10.0,"enemies":"Small Slimes","floor":2.0,"turns":2.0},{"damage":0.0,"enemies":"2 Louse","floor":3.0,"turns":1.0},{"damage":6.0,"enemies":"2 Fungi Beasts","floor":10.0,"turns":3.0},{"damage":1.0,"enemies":"3 Louse","floor":13.0,"turns":3.0},{"damage":10.0,"enemies":"Looter","floor":14.0,"turns":3.0},{"damage":40.0,"enemies":"The Guardian","floor":16.0,"turns":9.0},{"damage":0.0,"enemies":"Spheric Guardian","floor":18.0,"turns":1.0},{"damage":3.0,"enemies":"Shell Parasite","floor":20.0,"turns":4.0},{"damage":43.0,"enemies":"Slavers","floor":24.0,"turns":5.0},{"damage":9.0,"enemies":"Centurion and Healer","floor":25.0,"turns":5.0},{"damage":6.0,"enemies":"Slaver and Parasite","floor":28.0,"turns":4.0},{"damage":2,"enemies":"Cultist and Chosen","floor":30,"turns":3},{"damage":0,"enemies":"Centurion and Healer","floor":31,"turns":3},{"damage":12,"enemies":"Automaton","floor":33,"turns":9},{"damage":0,"enemies":"Flame Bruiser 1 Orb","floor":35,"turns":4},{"damage":4,"enemies":"Mysterious Sphere","floor":36,"turns":8},{"damage":18,"enemies":"3 Darklings","floor":39,"turns":7},{"damage":8,"enemies":"Spire Growth","floor":41,"turns":3},{"damage":27,"enemies":"Maw","floor":45,"turns":6},{"damage":10,"enemies":"Sphere and 2 Shapes","floor":46,"turns":4},{"damage":7,"enemies":"Giant Head","floor":47,"turns":4},{"damage":0,"enemies":"Spire Growth","floor":48,"turns":3},{"damage":20,"enemies":"Donu and Deca","floor":50,"turns":6}],"event_choices":[{"event_name":"Liars Game","player_choice":"agreed","floor":4.0,"damage_taken":0.0},{"event_name":"Shining Light","player_choice":"Entered Light","floor":7.0,"damage_taken":0.0},{"event_name":"Dead Adventurer","player_choice":"Searched \u00272\u0027 times","floor":8.0,"damage_taken":0.0},{"event_name":"Back to Basics","player_choice":"Simplicity","floor":21.0,"damage_taken":0.0},{"event_name":"Beggar","player_choice":"Ignored","floor":29,"damage_taken":0},{"event_name":"Mysterious Sphere","player_choice":"Fight","floor":36,"damage_taken":0},{"event_name":"SensoryStone","player_choice":"Memory 1","floor":38,"damage_taken":0},{"event_name":"The Woman in Blue","player_choice":"Bought 1 Potion","floor":44,"damage_taken":0}],"boss_relics":[{"not_picked":["Snecko Eye","Astrolabe"],"picked":"Eternal Feather"}],"potions_floor_spawned":[1,2,13,24,28,30,39,41,46,48],"seed_played":"3057961749993062608","ascension_level":0,"is_trial":false}