{"gold_per_floor":[110,185,185,195,213,244,264,264],"floor_reached":8,"playtime":1401,"items_purged":[],"score":58,"play_id":"4e149844-9b27-458f-8d0f-17df0d0dd370","local_time":"20190307175113","is_ascension_mode":false,"campfire_choices":[],"neow_cost":"NONE","seed_source_timestamp":1891408964344083,"circlet_count":0,"master_deck":["Strike_R","Strike_R","Strike_R","Strike_R","Strike_R","Defend_R","Defend_R","Defend_R","Defend_R","Bash","Corruption+1","Evolve","Burning Pact","Headbutt","Shrug It Off"],"relics":["Burning Blood","Self Forming Clay"],"potions_floor_usage":[7],"damage_taken":[{"damage":9,"enemies":"2 Louse","floor":1,"turns":3},{"damage":5,"enemies":"Small Slimes","floor":4,"turns":4},{"damage":8,"enemies":"Jaw Worm","floor":5,"turns":4},{"damage":57,"enemies":"Lagavulin","floor":6,"turns":8},{"damage":13,"enemies":"Red Slaver","floor":7,"turns":4},{"damage":12,"enemies":"3 Louse","floor":8,"turns":2}],"seed_played":"711521201514081544","potions_obtained":[{"floor":1,"key":"EssenceOfSteel"}],"is_trial":false,"path_per_floor":["M","?","?","M","M","E","M","M"],"character_chosen":"IRONCLAD","items_purchased":[],"campfire_rested":0,"item_purchase_floors":[],"current_hp_per_floor":[85,74,74,75,73,22,15,3],"gold":264,"neow_bonus":"TEN_PERCENT_HP_BONUS","is_prod":false,"is_daily":false,"chose_seed":false,"campfire_upgraded":0,"win_rate":0,"timestamp":1551948673,"path_taken":["M","?","?","M","M","E","M","M"],"build_version":"2019-01-23","purchased_purges":0,"victory":false,"max_hp_per_floor":[88,88,88,88,88,88,88,88],"card_choices":[{"not_picked":["Rampage","Carnage"],"picked":"Corruption","floor":1},{"not_picked":["Perfected Strike","Iron Wave"],"picked":"Evolve","floor":4},{"not_picked":["Corruption","Anger"],"picked":"Burning Pact","floor":5},{"not_picked":["Uppercut","Cleave"],"picked":"Headbutt","floor":6},{"not_picked":["Power Through","Sword Boomerang"],"picked":"Shrug It Off","floor":7}],"player_experience":183027,"relics_obtained":[{"floor":6,"key":"Self Forming Clay"}],"event_choices":[{"damage_healed":0,"gold_gain":75,"player_choice":"Gather Gold","damage_taken":11,"max_hp_gain":0,"max_hp_loss":0,"event_name":"World of Goop","floor":2,"gold_loss":0},{"damage_healed":0,"gold_gain":0,"player_choice":"Grow","damage_taken":0,"max_hp_gain":0,"max_hp_loss":0,"event_name":"Living Wall","floor":3,"gold_loss":0,"cards_upgraded":["Corruption"]}],"is_beta":false,"boss_relics":[],"items_purged_floors":[],"is_endless":false,"potions_floor_spawned":[1],"killed_by":"3 Louse","ascension_level":0}