{"gold_per_floor":[112,132,144,158,170,170,195,195,195,207,262,279,295,50,50,148,148,166,182,182],"floor_reached":20,"playtime":1208,"items_purged":[],"score":180,"play_id":"788d4997-cbb8-4208-ba2a-a79659ac433c","local_time":"20180703144042","is_ascension_mode":false,"campfire_choices":[{"data":"Distraction","floor":6,"key":"SMITH"},{"data":"Finisher","floor":8,"key":"SMITH"},{"floor":15,"key":"REST"}],"neow_cost":"NONE","seed_source_timestamp":159002868018814,"circlet_count":0,"master_deck":["Defend_G","Defend_G","Defend_G","Defend_G","Defend_G","Strike_G","Strike_G","Strike_G","Strike_G","Survivor","Neutralize","Well Laid Plans","Sucker Punch","Deadly Poison","Finisher+1","Distraction+1","Deadly Poison","Bane","Outmaneuver","Flying Knee","Poisoned Stab","Bane","Unload","Setup","Crippling Poison","Poisoned Stab","Infinite Blades","Leg Sweep","Noxious Fumes+1","Flying Knee+1"],"relics":["Ring of the Snake","Ancient Tea Set","Tough Bandages","Matryoshka","Kunai","Orrery"],"potions_floor_usage":[],"damage_taken":[{"damage":0,"enemies":"Small Slimes","floor":1,"turns":6},{"damage":5,"enemies":"2 Louse","floor":2,"turns":4},{"damage":0,"enemies":"Cultist","floor":3,"turns":4},{"damage":1,"enemies":"Red Slaver","floor":4,"turns":4},{"damage":2,"enemies":"Exordium Wildlife","floor":5,"turns":5},{"damage":32,"enemies":"Lagavulin","floor":7,"turns":8},{"damage":0,"enemies":"Blue Slaver","floor":10,"turns":2},{"damage":7,"enemies":"3 Sentries","floor":11,"turns":9},{"damage":8,"enemies":"3 Louse","floor":12,"turns":3},{"damage":0,"enemies":"Large Slime","floor":13,"turns":5},{"damage":24,"enemies":"The Guardian","floor":16,"turns":9},{"damage":39,"enemies":"Chosen","floor":18,"turns":6},{"damage":15,"enemies":"Shell Parasite","floor":19,"turns":6}],"seed_played":"5402712390540199251","potions_obtained":[{"floor":4,"key":"Weak Potion"},{"floor":5,"key":"SkillPotion"},{"floor":7,"key":"Fire Potion"},{"floor":10,"key":"Regen Potion"},{"floor":11,"key":"Energy Potion"}],"is_trial":false,"path_per_floor":["M","M","M","M","M","R","E","R","T","M","?","M","M","$","R","B",null,"M","M"],"character_chosen":"THE_SILENT","items_purchased":["Kunai"],"campfire_rested":1,"item_purchase_floors":[14],"current_hp_per_floor":[70,65,65,64,62,62,30,30,30,30,23,15,15,15,36,12,70,31,16,0],"gold":182,"neow_bonus":"TRANSFORM_CARD","is_prod":false,"is_daily":false,"chose_seed":false,"campfire_upgraded":2,"win_rate":0.0,"timestamp":1530650442,"path_taken":["M","M","M","M","M","R","E","R","T","M","?","M","M","$","R","BOSS","M","M","?"],"build_version":"2018-06-28","purchased_purges":0,"victory":false,"max_hp_per_floor":[70,70,70,70,70,70,70,70,70,70,70,70,70,70,70,70,70,70,70,70],"card_choices":[{"not_picked":["Outmaneuver","Calculated Gamble"],"picked":"Sucker Punch","floor":1},{"not_picked":["Dagger Spray","Dodge and Roll"],"picked":"Deadly Poison","floor":2},{"not_picked":["Cloak And Dagger","Acrobatics"],"picked":"Finisher","floor":3},{"not_picked":["Backflip","Finisher"],"picked":"Distraction","floor":4},{"not_picked":["Choke","Underhanded Strike"],"picked":"Deadly Poison","floor":5},{"not_picked":["Masterful Stab","Phantasmal Killer"],"picked":"Bane","floor":7},{"not_picked":["Expertise","Dodge and Roll"],"picked":"Outmaneuver","floor":10},{"not_picked":["Dagger Throw","Sucker Punch"],"picked":"Flying Knee","floor":11},{"not_picked":["Slice","Bouncing Flask"],"picked":"Poisoned Stab","floor":12},{"not_picked":["Underhanded Strike","Prepared"],"picked":"Bane","floor":13},{"not_picked":["Glass Knife","Tactician"],"picked":"Unload","floor":16},{"not_picked":["PiercingWail","Crippling Poison"],"picked":"Setup","floor":17},{"not_picked":["Dagger Throw","Bane"],"picked":"Crippling Poison","floor":17},{"not_picked":["Well Laid Plans","Underhanded Strike"],"picked":"Poisoned Stab","floor":17},{"not_picked":["Dodge and Roll","Sucker Punch"],"picked":"Infinite Blades","floor":17},{"not_picked":["Dagger Spray","Choke"],"picked":"Leg Sweep","floor":17},{"not_picked":["Underhanded Strike+1","Escape Plan"],"picked":"Noxious Fumes+1","floor":18},{"not_picked":["Riddle With Holes","Underhanded Strike+1"],"picked":"Flying Knee+1","floor":19}],"player_experience":139565,"relics_obtained":[{"floor":7,"key":"Ancient Tea Set"},{"floor":9,"key":"Tough Bandages"},{"floor":11,"key":"Matryoshka"}],"event_choices":[{"event_name":"Dead Adventurer","player_choice":"Searched \u00271\u0027 times","floor":11,"damage_taken":0}],"boss_relics":[{"not_picked":["Ectoplasm","Tiny House"],"picked":"Orrery"}],"items_purged_floors":[],"is_endless":false,"potions_floor_spawned":[4,5,7,10,11,12,16,19],"ascension_level":0}