{"gold_per_floor":[115,115,135,135,154,174,218,143,189,189],"floor_reached":10,"playtime":325,"items_purged":["Defend_R"],"score":68,"play_id":"d82564d7-4d50-4492-92d2-801fd9051eff","local_time":"20190307140057","is_ascension_mode":false,"campfire_choices":[],"neow_cost":"NONE","seed_source_timestamp":1878668941971859,"circlet_count":0,"master_deck":["Strike_R","Strike_R","Strike_R","Strike_R","Defend_R","Defend_R","Defend_R","Bash","Shockwave","Clash"],"relics":["Burning Blood","Golden Idol","Pantograph","Ancient Tea Set"],"potions_floor_usage":[7],"damage_taken":[{"damage":5,"enemies":"2 Louse","floor":1,"turns":3},{"damage":6,"enemies":"Cultist","floor":3,"turns":4},{"damage":8,"enemies":"Jaw Worm","floor":5,"turns":4},{"damage":26,"enemies":"2 Fungi Beasts","floor":6,"turns":4},{"damage":42,"enemies":"Lagavulin","floor":7,"turns":8}],"seed_played":"-5717471087990744824","potions_obtained":[{"floor":5,"key":"Energy Potion"},{"floor":7,"key":"Explosive Potion"}],"is_trial":false,"path_per_floor":["M","?","M","?","M","M","E","$","T","?"],"character_chosen":"IRONCLAD","items_purchased":[],"campfire_rested":0,"item_purchase_floors":[],"current_hp_per_floor":[88,88,88,66,64,44,8,8,8,0],"gold":189,"neow_bonus":"TEN_PERCENT_HP_BONUS","is_prod":false,"is_daily":false,"chose_seed":false,"campfire_upgraded":0,"win_rate":0,"timestamp":1551934857,"path_taken":["M","?","?","?","M","M","E","$","T","?"],"build_version":"2019-01-23","purchased_purges":1,"victory":false,"max_hp_per_floor":[88,88,88,88,88,88,88,88,88,88],"card_choices":[{"not_picked":["Headbutt","Clash","Anger"],"picked":"SKIP","floor":1},{"not_picked":["Second Wind","Thunderclap","Armaments"],"picked":"SKIP","floor":3},{"not_picked":["Heavy Blade","Warcry","Wild Strike"],"picked":"SKIP","floor":5},{"not_picked":["Dual Wield","Armaments","Warcry"],"picked":"SKIP","floor":6},{"not_picked":["Shrug It Off","Iron Wave"],"picked":"Clash","floor":7}],"player_experience":174073,"relics_obtained":[{"floor":7,"key":"Pantograph"},{"floor":9,"key":"Ancient Tea Set"}],"event_choices":[{"damage_healed":0,"gold_gain":0,"cards_transformed":["Strike_R"],"player_choice":"Transformed","damage_taken":0,"max_hp_gain":0,"max_hp_loss":0,"event_name":"Transmorgrifier","floor":2,"gold_loss":0,"cards_obtained":["Shockwave"]},{"damage_healed":0,"gold_gain":0,"player_choice":"Take Damage","damage_taken":22,"relics_obtained":["Golden Idol"],"max_hp_gain":0,"max_hp_loss":0,"event_name":"Golden Idol","floor":4,"gold_loss":0}],"is_beta":false,"boss_relics":[],"items_purged_floors":[8],"is_endless":false,"potions_floor_spawned":[5,7],"ascension_level":0}