{"path_per_floor":["M","?","M","M","?","?","M","R","T","$","M","R","M","M","R","B",null,"M","$","?","$","?","R"],"character_chosen":"DEFECT","items_purchased":["Multi-Cast","Double Energy"],"gold_per_floor":[119,119,137,152,152,152,171,171,196,46,59,59,73,93,93,193,193,213,213,213,140,140,140,140],"floor_reached":24,"campfire_rested":1,"playtime":992,"current_hp_per_floor":[68,61,53,52,52,37,23,45,45,45,45,45,45,40,40,19,75,62,62,52,52,52,52,2],"items_purged":[],"gold":140,"score":239,"play_id":"31c7a171-87fe-4760-9a19-b127033bc02a","local_time":"20180511182315","is_prod":false,"is_daily":false,"chose_seed":false,"is_ascension_mode":true,"campfire_upgraded":3,"timestamp":1526080995,"path_taken":["M","?","?","M","?","?","?","R","T","$","M","R","M","M","R","BOSS","M","$","?","$","?","R","E"],"build_version":"2018-05-10","seed_source_timestamp":240915660411527,"purchased_purges":0,"victory":false,"master_deck":["Defend_B","Defend_B+1","Defend_B","Zap","Dualcast","Stack","Glacier+1","Go for the Eyes","Double Energy+1","Multi-Cast","Ball Lightning","Capacitor+1","Meteor Strike","Blizzard","Bite","Bite","Bite","Bite","Bite","Double Energy+1"],"max_hp_per_floor":[75,75,75,75,75,75,75,75,75,75,75,75,75,75,75,75,75,75,75,52,52,52,52,52],"relics":["Cracked Core","Happy Flower","Black Star"],"card_choices":[{"not_picked":["Cold Snap","Hologram"],"picked":"Stack","floor":1.0},{"not_picked":["Barrage","Steam"],"picked":"Glacier","floor":3.0},{"not_picked":["Capacitor","Barrage"],"picked":"Go for the Eyes","floor":4.0},{"not_picked":["Rebound","Conserve Battery"],"picked":"Double Energy","floor":7.0},{"not_picked":["Hologram","Glacier"],"picked":"Ball Lightning","floor":13.0},{"not_picked":["Cold Snap","Go for the Eyes"],"picked":"Capacitor","floor":14.0},{"not_picked":["Seek","Reboot"],"picked":"Meteor Strike","floor":16.0},{"not_picked":["Recycle","Rip and Tear"],"picked":"Blizzard","floor":18.0}],"player_experience":84062,"potions_floor_usage":[24,24],"damage_taken":[{"damage":7.0,"enemies":"Jaw Worm","floor":1.0,"turns":3.0},{"damage":8.0,"enemies":"Small Slimes","floor":3.0,"turns":3.0},{"damage":1.0,"enemies":"2 Louse","floor":4.0,"turns":4.0},{"damage":14.0,"enemies":"Gremlin Gang","floor":7.0,"turns":4.0},{"damage":0.0,"enemies":"Blue Slaver","floor":11.0,"turns":2.0},{"damage":0.0,"enemies":"Looter","floor":13.0,"turns":1.0},{"damage":5.0,"enemies":"Large Slime","floor":14.0,"turns":5.0},{"damage":21.0,"enemies":"Hexaghost","floor":16.0,"turns":12.0},{"damage":13.0,"enemies":"Spheric Guardian","floor":18.0,"turns":4.0},{"damage":67,"enemies":"Slavers","floor":24,"turns":5}],"event_choices":[{"event_name":"Golden Wing","player_choice":"Card Removal","floor":2.0,"damage_taken":0.0},{"event_name":"Living Wall","player_choice":"Grow","floor":5.0,"damage_taken":0.0},{"event_name":"Shining Light","player_choice":"Entered Light","floor":6.0,"damage_taken":0.0},{"event_name":"Vampires","player_choice":"Became a vampire","floor":20.0,"damage_taken":0.0},{"event_name":"Cursed Tome","player_choice":"Ignored","floor":22.0,"damage_taken":0.0}],"boss_relics":[],"potions_floor_spawned":[3,4,13,14,18],"seed_played":"-9067464475628615661","killed_by":"Slavers","ascension_level":3,"is_trial":false}