{"gold_per_floor":[115,115,134,153,153,185,185,210,210,210,224,224,235,250,250,355,355,371,391,391,408,92,92,122,122,122,138,158,184,184,184,184,285,285,298,309,329,75,94,121,121,135,135,153,153,153,153,153,153,153],"floor_reached":50,"playtime":2034,"items_purged":["Strike_R"],"score":549,"play_id":"898b91b2-b542-48d6-9930-2dee58dbed35","local_time":"20181201014942","is_ascension_mode":false,"campfire_choices":[{"data":"Rage","floor":7.0,"key":"SMITH"},{"data":"Armaments","floor":10.0,"key":"SMITH"},{"data":"Inflame","floor":12.0,"key":"SMITH"},{"floor":15,"key":"RECALL"},{"data":"Bash","floor":23,"key":"SMITH"},{"data":"Juggernaut","floor":25,"key":"SMITH"},{"floor":32,"key":"REST"},{"data":"Metallicize","floor":47,"key":"SMITH"},{"data":"Twin Strike","floor":49,"key":"SMITH"}],"neow_cost":"NONE","seed_source_timestamp":206808547462844,"circlet_count":0,"master_deck":["Strike_R","Strike_R","Defend_R+1","Defend_R","Bash+1","Armaments+1","Rage+1","Twin Strike+1","Body Slam+1","Limit Break+1","Inflame+1","Wild Strike+1","Infernal Blade+1","Juggernaut+1","Wild Strike+1","Sword Boomerang+1","Armaments+1","Flex+1","Spot Weakness+1","Metallicize+1","Ghostly Armor+1","Impervious+1","Thunderclap+1","Headbutt+1","Disarm+1","Body Slam+1","Madness+1","Dramatic Entrance+1","Panacea+1","Madness+1","Madness+1"],"special_seed":0,"relics":["Burning Blood","Toxic Egg 2","Molten Egg 2","Darkstone Periapt","Gremlin Horn","Busted Crown","War Paint","Blood Vial","FossilizedHelix","Lizard Tail","Shuriken","Juzu Bracelet","Unceasing Top"],"potions_floor_usage":[29,50,50],"damage_taken":[{"damage":0.0,"enemies":"Small Slimes","floor":1.0,"turns":3.0},{"damage":1.0,"enemies":"Jaw Worm","floor":3.0,"turns":5.0},{"damage":1.0,"enemies":"Cultist","floor":4.0,"turns":4.0},{"damage":21.0,"enemies":"Lagavulin","floor":6.0,"turns":6.0},{"damage":33.0,"enemies":"Gremlin Nob","floor":8.0,"turns":5.0},{"damage":15.0,"enemies":"Exordium Thugs","floor":11.0,"turns":4.0},{"damage":6,"enemies":"Large Slime","floor":13,"turns":6},{"damage":6,"enemies":"Lots of Slimes","floor":14,"turns":3},{"damage":24,"enemies":"Hexaghost","floor":16,"turns":7},{"damage":7,"enemies":"Shell Parasite","floor":18,"turns":4},{"damage":0,"enemies":"Chosen","floor":19,"turns":3},{"damage":18,"enemies":"Snake Plant","floor":21,"turns":3},{"damage":0,"enemies":"Gremlin Leader","floor":24,"turns":5},{"damage":0,"enemies":"Sentry and Sphere","floor":27,"turns":3},{"damage":20,"enemies":"Snecko","floor":28,"turns":4},{"damage":30,"enemies":"Book of Stabbing","floor":29,"turns":5},{"damage":16,"enemies":"Champ","floor":33,"turns":7},{"damage":8,"enemies":"3 Darklings","floor":35,"turns":4},{"damage":13,"enemies":"Orb Walker","floor":36,"turns":4},{"damage":0,"enemies":"Transient","floor":37,"turns":5},{"damage":15,"enemies":"Jaw Worm Horde","floor":39,"turns":4},{"damage":8,"enemies":"Nemesis","floor":40,"turns":5},{"damage":0,"enemies":"Maw","floor":42,"turns":5},{"damage":16,"enemies":"Sphere and 2 Shapes","floor":44,"turns":6},{"damage":107,"enemies":"Donu and Deca","floor":50,"turns":6}],"seed_played":"2991314845801298968","potions_obtained":[{"floor":3.0,"key":"AttackPotion"},{"floor":8.0,"key":"EssenceOfSteel"},{"floor":14,"key":"SteroidPotion"},{"floor":24,"key":"FairyPotion"},{"floor":27,"key":"SkillPotion"},{"floor":29,"key":"SteroidPotion"},{"floor":33,"key":"Strength Potion"},{"floor":35,"key":"EssenceOfSteel"}],"is_trial":false,"path_per_floor":["M","M","?","M","M","T","E","R","E","T","R","M","R","M","M","R","B",null,"M","M","?","M","$","R","E","R","T","M","M","E","?","?","R","B",null,"M","M","M","$","M","E","?","M","T","M","?","?","R","?","R","B"],"character_chosen":"IRONCLAD","items_purchased":["War Paint","Armaments+1","Flex+1","Shuriken"],"campfire_rested":1,"item_purchase_floors":[22,22,22,38],"current_hp_per_floor":[80,73,78,80,80,65,65,38,38,38,29,29,29,29,29,11,80,79,80,65,53,53,53,59,59,59,67,55,33,33,33,58,50,85,83,78,85,85,76,76,76,84,84,75,65,65,65,54,54,0],"gold":153,"neow_bonus":"REMOVE_CARD","is_prod":false,"is_daily":false,"chose_seed":false,"campfire_upgraded":7,"win_rate":0,"timestamp":1543654182,"path_taken":["M","?","M","M","?","E","R","E","T","R","M","R","?","M","R","BOSS","M","M","?","M","$","R","E","R","T","M","M","E","?","?","R","BOSS","M","?","M","$","M","E","?","M","T","M","?","?","R","?","R","BOSS"],"build_version":"2018-11-15","purchased_purges":1,"victory":false,"max_hp_per_floor":[80,80,80,80,80,80,80,80,80,80,80,80,80,80,80,80,80,80,80,85,85,85,85,85,85,85,85,85,85,85,85,85,85,85,85,85,85,85,85,85,85,85,85,85,85,85,85,85,85,85],"card_choices":[{"not_picked":["Body Slam","Hemokinesis"],"picked":"Armaments","floor":1.0},{"not_picked":["Headbutt","Cleave"],"picked":"Rage","floor":3.0},{"not_picked":["Clash","Ghostly Armor"],"picked":"Twin Strike","floor":4.0},{"not_picked":["Inflame","Evolve"],"picked":"Body Slam","floor":6.0},{"not_picked":["Brutality","Sever Soul+1"],"picked":"Limit Break+1","floor":8.0},{"not_picked":["Havoc+1","Dual Wield+1"],"picked":"Inflame","floor":11.0},{"not_picked":["Anger+1","Bloodletting+1"],"picked":"Wild Strike+1","floor":13},{"not_picked":["Dropkick+1","Clash+1"],"picked":"Infernal Blade+1","floor":14},{"not_picked":["Exhume+1","Fiend Fire+1"],"picked":"Juggernaut","floor":16},{"not_picked":["Fire Breathing"],"picked":"SKIP","floor":18},{"not_picked":[],"picked":"Wild Strike+1","floor":19},{"not_picked":[],"picked":"Sword Boomerang+1","floor":21},{"not_picked":[],"picked":"Spot Weakness+1","floor":24},{"not_picked":["Clash+1"],"picked":"SKIP","floor":27},{"not_picked":[],"picked":"Metallicize","floor":28},{"not_picked":[],"picked":"Ghostly Armor+1","floor":29},{"not_picked":[],"picked":"Impervious+1","floor":33},{"not_picked":["Fire Breathing+1"],"picked":"SKIP","floor":35},{"not_picked":[],"picked":"Thunderclap+1","floor":36},{"not_picked":["Flex+1"],"picked":"SKIP","floor":37},{"not_picked":[],"picked":"Headbutt+1","floor":39},{"not_picked":[],"picked":"Disarm+1","floor":40},{"not_picked":[],"picked":"Body Slam+1","floor":42},{"not_picked":["Carnage+1"],"picked":"SKIP","floor":44},{"not_picked":[],"picked":"Madness+1","floor":45},{"not_picked":[],"picked":"Dramatic Entrance+1","floor":45},{"not_picked":[],"picked":"Panacea+1","floor":45}],"player_experience":655021,"relics_obtained":[{"floor":5.0,"key":"Toxic Egg 2"},{"floor":6.0,"key":"Molten Egg 2"},{"floor":8.0,"key":"Darkstone Periapt"},{"floor":9.0,"key":"Gremlin Horn"},{"floor":24,"key":"Blood Vial"},{"floor":29,"key":"FossilizedHelix"},{"floor":40,"key":"Juzu Bracelet"},{"floor":43,"key":"Unceasing Top"}],"event_choices":[{"cards_removed":["Defend_R"],"damage_healed":0.0,"max_hp_gain":0.0,"max_hp_loss":0.0,"gold_gain":0.0,"event_name":"Golden Wing","player_choice":"Card Removal","floor":2.0,"gold_loss":0.0,"damage_taken":7.0},{"damage_healed":0,"gold_gain":0,"player_choice":"Shed Blood","damage_taken":20,"max_hp_gain":5,"max_hp_loss":0,"event_name":"Forgotten Altar","floor":20,"gold_loss":0},{"damage_healed":0,"gold_gain":0,"player_choice":"Ignored","damage_taken":0,"max_hp_gain":0,"max_hp_loss":0,"event_name":"Ghosts","floor":30,"gold_loss":0},{"cards_removed":["Strike_R"],"damage_healed":0,"gold_gain":0,"player_choice":"Offered Basic","damage_taken":0,"max_hp_gain":0,"max_hp_loss":0,"event_name":"Bonfire Elementals","floor":31,"gold_loss":0},{"cards_removed":["Defend_R"],"damage_healed":0,"gold_gain":0,"player_choice":"Removed Skill","damage_taken":0,"max_hp_gain":0,"max_hp_loss":0,"event_name":"Falling","floor":41,"gold_loss":0},{"damage_healed":0,"gold_gain":0,"player_choice":"Memory 3","damage_taken":10,"max_hp_gain":0,"max_hp_loss":0,"event_name":"SensoryStone","floor":45,"gold_loss":0},{"damage_healed":0,"gold_gain":0,"player_choice":"Ignored","damage_taken":0,"max_hp_gain":0,"max_hp_loss":0,"event_name":"Tomb of Lord Red Mask","floor":46,"gold_loss":0},{"damage_healed":0,"gold_gain":0,"player_choice":"Embrace Madness","damage_taken":11,"max_hp_gain":0,"max_hp_loss":0,"event_name":"Winding Halls","floor":48,"gold_loss":0,"cards_obtained":["Madness","Madness"]}],"is_beta":false,"boss_relics":[{"not_picked":["Runic Pyramid","Orrery"],"picked":"Busted Crown"},{"not_picked":["White Beast Statue","Cursed Key"],"picked":"Lizard Tail"}],"items_purged_floors":[22],"is_endless":false,"potions_floor_spawned":[3,8,14,24,27,29,33,35,39,42],"killed_by":"Donu and Deca","ascension_level":0}