{"path_per_floor":["M","M","?","M","?","E","?","M","T","M","?","R","M","?","R","B",null,"M","?","?","M","M","R","?","M","T","?","R","M","$","M","R","B",null,"M","$","M"],"character_chosen":"THE_SILENT","items_purchased":["Bouncing Flask","Bullet Time","Noxious Fumes","Anchor","Apotheosis","Caltrops"],"gold_per_floor":[109,126,201,219,219,250,250,264,264,279,357,357,376,376,376,504,504,518,518,518,509,527,527,527,540,563,563,563,586,176,200,200,330,330,353,141,154],"floor_reached":38,"campfire_rested":5,"playtime":2707,"current_hp_per_floor":[70,70,59,59,45,29,29,14,14,8,8,29,29,29,48,40,65,53,32,32,23,23,42,42,23,23,23,42,34,34,25,44,7,65,7,7,11],"items_purged":[],"gold":154,"play_id":"05954a29-5557-4e4b-a143-2a202d5e4b50","is_prod":false,"is_daily":false,"campfire_rituals":0,"campfire_upgraded":0,"is_hardmode":false,"path_taken":["M","M","?","M","?","E","?","M","T","?","?","R","M","?","R","BOSS","M","?","?","M","M","R","?","?","T","?","R","M","$","M","R","BOSS","M","$","M","M"],"build_version":"2018-01-18-PROD4","purchased_purges":0,"victory":false,"master_deck":["Defend_G","Defend_G","Defend_G","Defend_G","Defend_G","Strike_G","Strike_G","Strike_G","Strike_G","Strike_G","Survivor","Neutralize","Terror","Backstab","Quick Slash","Envenom","Leg Sweep","Malaise","Glass Knife","Backflip","Jack Of All Trades","Madness","Malaise","All Out Attack","Flechettes","Bane","Bouncing Flask","Bullet Time","Noxious Fumes","Dagger Spray","Glass Knife","Flying Knee","Apotheosis","Caltrops","Distraction"],"max_hp_per_floor":[70,70,70,70,70,70,70,70,70,70,70,70,70,65,65,65,65,65,65,65,65,65,65,65,65,65,65,65,65,65,65,65,65,65,65,65,65],"relics":["Ring of the Snake","NeowsBlessing","Orichalcum","Thread and Needle","Golden Idol","Lizard Tail","Bag of Marbles","Anchor","Eternal Feather"],"campfire_meditates":0,"card_choices":[{"not_picked":["Masterful Stab","Backflip"],"picked":"Terror"},{"not_picked":["Dagger Throw","Flechettes"],"picked":"Backstab"},{"not_picked":["Deadly Poison","Backflip"],"picked":"Quick Slash"},{"not_picked":["Footwork","Venomology"],"picked":"Envenom"},{"not_picked":["Poisoned Stab","Crippling Poison"],"picked":"Leg Sweep"},{"not_picked":["Dagger Spray","Sucker Punch"],"picked":"Malaise"},{"not_picked":["Dodge and Roll","Dagger Spray"],"picked":"Escape Plan"},{"not_picked":["Tools of the Trade","Venomology"],"picked":"Glass Knife"},{"not_picked":["Eviscerate","Dodge and Roll"],"picked":"Backflip"},{"not_picked":["Acrobatics","Finisher"],"picked":"Malaise"},{"not_picked":["Flying Knee","Prepared"],"picked":"All Out Attack"},{"not_picked":["Blade Dance","Prepared"],"picked":"Flechettes"},{"not_picked":["Acrobatics","Prepared"],"picked":"Bane"},{"not_picked":["Calculated Gamble","Outmaneuver"],"picked":"Dagger Spray"},{"not_picked":["Tools of the Trade","Bullet Time"],"picked":"Glass Knife"},{"not_picked":["Heel Hook","Acrobatics"],"picked":"Flying Knee"},{"not_picked":["Backflip","Caltrops"],"picked":"Distraction"}],"player_experience":14233,"potions_floor_usage":[33,33,37],"damage_taken":[{"damage":0.0,"enemies":"Cultist","floor":1.0,"turns":1.0},{"damage":0.0,"enemies":"Jaw Worm","floor":2.0,"turns":1.0},{"damage":0.0,"enemies":"Small Slimes","floor":4.0,"turns":1.0},{"damage":16.0,"enemies":"Lagavulin","floor":6.0,"turns":5.0},{"damage":15.0,"enemies":"Exordium Thugs","floor":8.0,"turns":4.0},{"damage":6.0,"enemies":"Red Slaver","floor":10.0,"turns":5.0},{"damage":0.0,"enemies":"3 Louse","floor":13.0,"turns":4.0},{"damage":8.0,"enemies":"Hexaghost","floor":16.0,"turns":10.0},{"damage":12.0,"enemies":"Spheric Guardian","floor":18.0,"turns":5.0},{"damage":9.0,"enemies":"2 Thieves","floor":21.0,"turns":4.0},{"damage":0.0,"enemies":"Snecko","floor":22.0,"turns":6.0},{"damage":19,"enemies":"Snake Plant","floor":25,"turns":5},{"damage":8,"enemies":"Centurion and Healer","floor":29,"turns":7},{"damage":41,"enemies":"3 Cultists","floor":31,"turns":8},{"damage":49,"enemies":"Automaton","floor":33,"turns":12},{"damage":58,"enemies":"3 Shapes","floor":35,"turns":5},{"damage":0,"enemies":"Orb Walker","floor":37,"turns":5},{"damage":15,"enemies":"4 Shapes","floor":38,"turns":3}],"event_choices":[{"event_name":"World of Goop","player_choice":"Gather Gold","floor":3.0,"damage_taken":0.0},{"event_name":"Shining Light","player_choice":"Entered Light","floor":5.0,"damage_taken":0.0},{"event_name":"Living Wall","player_choice":"Grow","floor":7.0,"damage_taken":0.0},{"event_name":"Golden Wing","player_choice":"Gained Gold","floor":11.0,"damage_taken":0.0},{"event_name":"Golden Idol","player_choice":"Lose Max HP","floor":14.0,"damage_taken":0.0},{"event_name":"Knowing Skull","player_choice":"CARD CARD ","floor":19.0,"damage_taken":0.0},{"event_name":"Vampires","player_choice":"Ignored","floor":20.0,"damage_taken":0.0},{"event_name":"Purifier","player_choice":"One Purge","floor":24.0,"damage_taken":0.0},{"event_name":"Back to Basics","player_choice":"Simplicity","floor":27,"damage_taken":0}],"boss_relics":[{"not_picked":["Calling Bell","Philosopher\u0027s Stone"],"picked":"Eternal Feather"}],"potions_floor_spawned":[1,2,10,13,21,29,31,33,35],"seed_played":"7512526703121996480","killed_by":"4 Shapes","is_trial":false}