{"gold_per_floor":[115,115,115,131,8,8,24,24,24,0,26,26,59,87,99,111],"floor_reached":16,"playtime":414,"items_purged":["Strike_R"],"score":108,"play_id":"5c9931a0-6142-4a79-8a97-8064e1c5700e","local_time":"20180730133442","is_ascension_mode":false,"campfire_choices":[{"data":"Armaments","floor":6,"key":"SMITH"},{"data":"Flex","floor":8,"key":"SMITH"},{"data":"Sword Boomerang","floor":12,"key":"SMITH"},{"data":"Inflame","floor":15,"key":"SMITH"}],"neow_cost":"NONE","seed_source_timestamp":1343452049412019,"circlet_count":0,"master_deck":["Strike_R","Strike_R","Strike_R","Strike_R","Defend_R","Defend_R","Defend_R","Defend_R","Bash","Dark Embrace","Thunderclap","Armaments+1","Thunderclap","Flex+1","Sword Boomerang+1","Iron Wave","Inflame+1","Exhume"],"relics":["Burning Blood","Mummified Hand","MawBank"],"potions_floor_usage":[16,16,16],"damage_taken":[{"damage":6,"enemies":"Jaw Worm","floor":1,"turns":3},{"damage":0,"enemies":"Small Slimes","floor":4,"turns":3},{"damage":0,"enemies":"2 Louse","floor":7,"turns":3},{"damage":5,"enemies":"Looter","floor":10,"turns":4},{"damage":30,"enemies":"3 Sentries","floor":11,"turns":8},{"damage":29,"enemies":"Gremlin Nob","floor":13,"turns":5},{"damage":6,"enemies":"3 Louse","floor":14,"turns":3},{"damage":38,"enemies":"Slime Boss","floor":16,"turns":6}],"seed_played":"-2054731399753812228","potions_obtained":[{"floor":7,"key":"EssenceOfSteel"},{"floor":13,"key":"Weak Potion"},{"floor":14,"key":"GamblersBrew"}],"is_trial":false,"path_per_floor":["M","?","?","M","$","R","M","R","T","M","E","R","E","M","R"],"character_chosen":"IRONCLAD","items_purchased":["Thunderclap"],"campfire_rested":0,"item_purchase_floors":[5],"current_hp_per_floor":[80,80,85,85,85,85,85,85,85,85,61,61,38,38,38,0],"gold":111,"neow_bonus":"ONE_RANDOM_RARE_CARD","is_prod":false,"is_daily":false,"chose_seed":false,"campfire_upgraded":4,"win_rate":0,"timestamp":1532979282,"path_taken":["M","?","?","M","$","R","M","R","T","M","E","R","E","M","R","BOSS"],"build_version":"2018-07-26","purchased_purges":1,"victory":false,"max_hp_per_floor":[80,80,85,85,85,85,85,85,85,85,85,85,85,85,85,85],"card_choices":[{"not_picked":["Iron Wave","Clash"],"picked":"Thunderclap","floor":1},{"not_picked":["Body Slam","Wild Strike"],"picked":"Armaments","floor":4},{"not_picked":["Intimidate","Sever Soul"],"picked":"Flex","floor":7},{"not_picked":["Dual Wield","Cleave"],"picked":"Sword Boomerang","floor":10},{"not_picked":["True Grit","Sever Soul"],"picked":"Iron Wave","floor":11},{"not_picked":["Havoc","Cleave"],"picked":"Inflame","floor":13},{"not_picked":["Body Slam","Havoc"],"picked":"Exhume","floor":14}],"player_experience":295376,"relics_obtained":[{"floor":11,"key":"Mummified Hand"},{"floor":13,"key":"MawBank"}],"event_choices":[{"event_name":"Golden Idol","player_choice":"Ignored","floor":2,"damage_taken":0},{"event_name":"Big Fish","player_choice":"Donut","floor":3,"damage_taken":0}],"is_beta":false,"boss_relics":[],"items_purged_floors":[5],"is_endless":false,"potions_floor_spawned":[7,13,14],"killed_by":"Slime Boss","ascension_level":0}