{"gold_per_floor":[113,113,130,144,157,157,157,175,199,227,245,276,276,295,295,391,391,407,347,365,378,328,353,353,229,229,249,269,284,284,298,298,394,394,405,416,416,435,148,148,148],"floor_reached":41,"playtime":4020,"items_purged":["Strike_G","Strike_G","Malaise"],"score":554,"play_id":"c82c8014-f306-4820-b93c-9188a59063b5","local_time":"20190307012448","is_ascension_mode":true,"campfire_choices":[{"data":"Deadly Poison","floor":6,"key":"SMITH"},{"data":"Deadly Poison","floor":13,"key":"SMITH"},{"data":"Dash","floor":15,"key":"SMITH"},{"floor":24,"key":"REST"},{"data":"Catalyst","floor":30,"key":"SMITH"},{"floor":32,"key":"REST"},{"floor":40,"key":"REST"}],"neow_cost":"NONE","seed_source_timestamp":17529453785678,"circlet_count":0,"master_deck":["Defend_G","Defend_G","Defend_G","Defend_G","Defend_G","Strike_G","Survivor","Neutralize","PiercingWail","Dash","Deadly Poison+1","Deadly Poison","PiercingWail","Deadly Poison+1","Dash+1","Night Terror","Footwork","After Image","Catalyst+1","Noxious Fumes","Parasite","Blur"],"relics":["Ring of the Snake","Prayer Wheel","Ice Cream","Smiling Mask","Sozu","PreservedInsect","The Courier","Black Star","Lantern","Regal Pillow"],"potions_floor_usage":[4,8,10,10,23],"damage_taken":[{"damage":0,"enemies":"Cultist","floor":1,"turns":5},{"damage":0,"enemies":"Small Slimes","floor":3,"turns":4},{"damage":9,"enemies":"Jaw Worm","floor":4,"turns":7},{"damage":0,"enemies":"Blue Slaver","floor":5,"turns":5},{"damage":2,"enemies":"3 Louse","floor":8,"turns":3},{"damage":13,"enemies":"Gremlin Nob","floor":10,"turns":5},{"damage":5,"enemies":"Exordium Wildlife","floor":11,"turns":5},{"damage":8,"enemies":"Lagavulin","floor":12,"turns":6},{"damage":7,"enemies":"Large Slime","floor":14,"turns":11},{"damage":15,"enemies":"Hexaghost","floor":16,"turns":10},{"damage":0,"enemies":"Chosen","floor":18,"turns":5},{"damage":0,"enemies":"Shell Parasite","floor":20,"turns":5},{"damage":11,"enemies":"Snecko","floor":21,"turns":5},{"damage":44,"enemies":"Slavers","floor":23,"turns":8},{"damage":4,"enemies":"Centurion and Healer","floor":27,"turns":8},{"damage":0,"enemies":"Snake Plant","floor":28,"turns":4},{"damage":9,"enemies":"Sentry and Sphere","floor":29,"turns":6},{"damage":11,"enemies":"Snecko","floor":31,"turns":4},{"damage":0,"enemies":"Champ","floor":33,"turns":8},{"damage":29,"enemies":"3 Darklings","floor":35,"turns":7},{"damage":27,"enemies":"Orb Walker","floor":36,"turns":6},{"damage":18,"enemies":"Writhing Mass","floor":38,"turns":6},{"damage":48,"enemies":"Giant Head","floor":41,"turns":8}],"seed_played":"-5957647209287694666","potions_obtained":[{"floor":1,"key":"LiquidBronze"},{"floor":3,"key":"EssenceOfSteel"},{"floor":5,"key":"Regen Potion"},{"floor":8,"key":"GhostInAJar"},{"floor":16,"key":"AttackPotion"}],"is_trial":false,"path_per_floor":["M","T","M","M","M","R","?","M","T","E","M","E","R","M","R","B",null,"M","?","M","M","$","E","R","$","T","M","M","M","R","M","R","B",null,"M","M","?","M","$","R","E"],"character_chosen":"THE_SILENT","items_purchased":["Noxious Fumes","Lantern","Regal Pillow"],"campfire_rested":3,"item_purchase_floors":[25,39,39],"current_hp_per_floor":[77,77,77,68,68,68,68,66,66,65,60,52,52,45,45,30,77,77,77,77,66,66,22,45,45,45,41,41,32,32,21,44,44,77,48,21,21,3,3,41,0],"gold":148,"neow_bonus":"TEN_PERCENT_HP_BONUS","is_prod":false,"is_daily":false,"chose_seed":false,"campfire_upgraded":4,"win_rate":0,"timestamp":1551950688,"path_taken":["M","?","M","M","M","R","?","M","T","E","M","E","R","M","R","BOSS","M","?","M","M","$","E","R","$","T","M","?","M","R","M","R","BOSS","M","M","?","M","$","R","E"],"build_version":"2019-01-23","purchased_purges":3,"victory":false,"max_hp_per_floor":[77,77,77,77,77,77,77,77,77,77,77,77,77,77,77,77,77,77,77,77,77,77,77,77,77,77,77,77,77,77,77,77,77,77,77,77,77,77,77,77,77],"card_choices":[{"not_picked":["Well Laid Plans","Finisher"],"picked":"PiercingWail","floor":1},{"not_picked":["Dagger Spray","Poisoned Stab","Sucker Punch"],"picked":"SKIP","floor":3},{"not_picked":["Riddle With Holes","Prepared","Flechettes"],"picked":"SKIP","floor":3},{"not_picked":["Envenom","Prepared"],"picked":"Dash","floor":4},{"not_picked":["Deflect","Underhanded Strike","Caltrops"],"picked":"SKIP","floor":4},{"not_picked":["Endless Agony","Bane"],"picked":"Deadly Poison","floor":5},{"not_picked":["Poisoned Stab","Blade Dance"],"picked":"Malaise","floor":5},{"not_picked":["Cloak And Dagger","Prepared"],"picked":"Deadly Poison","floor":8},{"not_picked":["Tactician","All Out Attack"],"picked":"PiercingWail","floor":8},{"not_picked":["Bane","Riddle With Holes","Reflex"],"picked":"SKIP","floor":10},{"not_picked":["Quick Slash","Flying Knee"],"picked":"Deadly Poison","floor":11},{"not_picked":["Tools of the Trade","Tactician","Dodge and Roll"],"picked":"SKIP","floor":11},{"not_picked":["Poisoned Stab","Expertise","Deflect"],"picked":"SKIP","floor":12},{"not_picked":["Cloak And Dagger","Backstab"],"picked":"Dash","floor":14},{"not_picked":["Outmaneuver","Accuracy","Flechettes"],"picked":"SKIP","floor":14},{"not_picked":["A Thousand Cuts","Phantasmal Killer"],"picked":"Night Terror","floor":16},{"not_picked":["Eviscerate+1","Deflect"],"picked":"Footwork","floor":18},{"not_picked":["Finisher+1","Predator","Quick Slash"],"picked":"SKIP","floor":18},{"not_picked":["Calculated Gamble","Acrobatics+1","Backstab"],"picked":"SKIP","floor":20},{"not_picked":["Eviscerate","Caltrops+1","Prepared"],"picked":"SKIP","floor":20},{"not_picked":["Skewer","Crippling Poison"],"picked":"After Image","floor":21},{"not_picked":["Dagger Throw","Poisoned Stab+1","Setup"],"picked":"SKIP","floor":21},{"not_picked":["Underhanded Strike","Backflip"],"picked":"Catalyst","floor":23},{"not_picked":["Dagger Spray","Flying Knee","Deflect+1"],"picked":"SKIP","floor":27},{"not_picked":["Deadly Poison","Deflect","Well Laid Plans"],"picked":"SKIP","floor":27},{"not_picked":["Noxious Fumes+1","Distraction","Finisher"],"picked":"SKIP","floor":28},{"not_picked":["Outmaneuver","Sucker Punch","Quick Slash"],"picked":"SKIP","floor":28},{"not_picked":["Dagger Spray","Wraith Form v2","Leg Sweep"],"picked":"SKIP","floor":29},{"not_picked":["Backstab","Dash","Deadly Poison"],"picked":"SKIP","floor":29},{"not_picked":["Escape Plan+1","Quick Slash","PiercingWail+1"],"picked":"SKIP","floor":31},{"not_picked":["Reflex","Sucker Punch","Blur"],"picked":"SKIP","floor":31},{"not_picked":["Blade Dance+1","Cloak And Dagger","Slice+1"],"picked":"SKIP","floor":35},{"not_picked":["Expertise+1","Malaise","Flying Knee+1"],"picked":"SKIP","floor":35},{"not_picked":["Dagger Spray+1","Eviscerate+1","Flying Knee"],"picked":"SKIP","floor":36},{"not_picked":["Reflex+1","Leg Sweep+1","Bane"],"picked":"SKIP","floor":36},{"not_picked":["Backflip","Outmaneuver"],"picked":"Blur","floor":38},{"not_picked":["Tactician+1","Dagger Throw+1","Noxious Fumes"],"picked":"SKIP","floor":38}],"player_experience":87473,"relics_obtained":[{"floor":2,"key":"Prayer Wheel"},{"floor":10,"key":"Ice Cream"},{"floor":12,"key":"Smiling Mask"},{"floor":23,"key":"PreservedInsect"},{"floor":26,"key":"The Courier"}],"event_choices":[{"cards_removed":["Strike_G"],"damage_healed":0,"gold_gain":0,"player_choice":"Forget","damage_taken":0,"max_hp_gain":0,"max_hp_loss":0,"event_name":"Living Wall","floor":7,"gold_loss":0},{"cards_removed":["Strike_G"],"damage_healed":0,"gold_gain":0,"player_choice":"Single Remove","damage_taken":0,"max_hp_gain":0,"max_hp_loss":0,"event_name":"Designer","floor":19,"gold_loss":60},{"damage_healed":0,"gold_gain":0,"player_choice":"Ignored","damage_taken":0,"max_hp_gain":0,"max_hp_loss":0,"event_name":"Tomb of Lord Red Mask","floor":37,"gold_loss":0}],"is_beta":false,"boss_relics":[{"not_picked":["Snecko Eye","Busted Crown"],"picked":"Sozu"},{"not_picked":["Orrery","HoveringKite"],"picked":"Black Star"}],"items_purged_floors":[22,25,39],"is_endless":false,"potions_floor_spawned":[1,3,5,8,16,18,21,31,33,35],"killed_by":"Giant Head","ascension_level":2}