{"gold_per_floor":[117,128,128,138,157,186,186,214,260,260,335,347,359,372,372,473,473,486,486,486,486,486,486,89,121,171,181,181,195,210,227,227,324,324,344,344,357,357,7,40,53,53,53,53,83,103,103,103,103,103],"floor_reached":51,"playtime":3031,"items_purged":[],"score":773,"play_id":"71d09aeb-f8ba-410b-914f-4e1b879f7497","local_time":"20180716000540","is_ascension_mode":true,"campfire_choices":[{"data":"Power Through","floor":7,"key":"SMITH"},{"data":"Inflame","floor":10,"key":"SMITH"},{"floor":15,"key":"REST"},{"data":"Entrench","floor":23,"key":"SMITH"},{"data":"Barricade","floor":28,"key":"SMITH"},{"data":"Shrug It Off","floor":32,"key":"SMITH"},{"data":"Juggernaut","floor":42,"key":"SMITH"},{"data":"Fire Breathing","floor":44,"key":"SMITH"},{"data":"Entrench","floor":47,"key":"SMITH"},{"data":"1","floor":49,"key":"LIFT"}],"neow_cost":"TEN_PERCENT_HP_LOSS","seed_source_timestamp":82844212744759,"circlet_count":0,"master_deck":["Strike_R","Strike_R+1","Strike_R","Strike_R","Defend_R","Defend_R","Defend_R","Bash","Rampage+1","Power Through+1","Shockwave","Entrench+1","Inflame+1","Fire Breathing+1","Flex","Barricade+1","Demon Form","Shrug It Off+1","Ghostly Armor+1","Juggernaut+1","Entrench+1","Master of Strategy","Panacea","Entrench+1"],"relics":["Burning Blood","Mango","Juzu Bracelet","The Courier","Bronze Scales","Bag of Marbles","Velvet Choker","Girya","Ice Cream","ClockworkSouvenir","Bottled Tornado","Whetstone","Eternal Feather","NlothsMask","Frozen Egg 2","Bag of Preparation","Lantern","Red Skull"],"potions_floor_usage":[8,16,25,30,31,50],"damage_taken":[{"damage":9,"enemies":"Cultist","floor":1,"turns":4},{"damage":10,"enemies":"Jaw Worm","floor":2,"turns":5},{"damage":0,"enemies":"Small Slimes","floor":4,"turns":3},{"damage":12,"enemies":"3 Louse","floor":5,"turns":4},{"damage":28,"enemies":"3 Sentries","floor":6,"turns":10},{"damage":26,"enemies":"Lagavulin","floor":8,"turns":9},{"damage":5,"enemies":"Red Slaver","floor":12,"turns":4},{"damage":13,"enemies":"Exordium Wildlife","floor":13,"turns":4},{"damage":9,"enemies":"Gremlin Gang","floor":14,"turns":4},{"damage":22,"enemies":"The Guardian","floor":16,"turns":16},{"damage":17,"enemies":"3 Byrds","floor":18,"turns":4},{"damage":30,"enemies":"Slavers","floor":25,"turns":7},{"damage":5,"enemies":"Chosen","floor":27,"turns":7},{"damage":23,"enemies":"Slaver and Parasite","floor":29,"turns":7},{"damage":15,"enemies":"Centurion and Healer","floor":30,"turns":7},{"damage":0,"enemies":"3 Cultists","floor":31,"turns":6},{"damage":34,"enemies":"Collector","floor":33,"turns":18},{"damage":7,"enemies":"3 Darklings","floor":35,"turns":9},{"damage":9,"enemies":"3 Shapes","floor":37,"turns":7},{"damage":0,"enemies":"Giant Head","floor":40,"turns":11},{"damage":45,"enemies":"Sphere and 2 Shapes","floor":41,"turns":8},{"damage":2,"enemies":"Nemesis","floor":45,"turns":9},{"damage":0,"enemies":"Maw","floor":46,"turns":10},{"damage":10,"enemies":"Time Eater","floor":50,"turns":12}],"seed_played":"5593928903054115596","potions_obtained":[{"floor":1,"key":"Strength Potion"},{"floor":5,"key":"SpeedPotion"},{"floor":12,"key":"Explosive Potion"},{"floor":14,"key":"FairyPotion"},{"floor":18,"key":"GamblersBrew"},{"floor":29,"key":"Swift Potion"},{"floor":31,"key":"Energy Potion"},{"floor":40,"key":"Ancient Potion"},{"floor":45,"key":"SmokeBomb"}],"is_trial":false,"path_per_floor":["M","M","?","M","M","E","R","E","T","R","?","M","M","M","R","B",null,"M","?","?","?","?","R","$","E","T","M","R","M","M","M","R","B",null,"M","?","M","?","$","E","M","R","T","R","E","M","R","$","R","B"],"character_chosen":"IRONCLAD","items_purchased":["Ice Cream","ClockworkSouvenir","Master of Strategy","Bag of Preparation","Panacea"],"campfire_rested":1,"item_purchase_floors":[24,24,39,39,39],"current_hp_per_floor":[83,79,72,78,72,50,50,30,30,30,19,20,13,10,35,19,86,75,75,75,75,75,75,75,51,51,52,52,35,26,32,32,14,86,85,85,82,82,82,86,47,55,55,63,67,73,81,81,86,82],"gold":103,"neow_bonus":"ONE_RARE_RELIC","is_prod":false,"is_daily":false,"chose_seed":false,"campfire_upgraded":8,"win_rate":0,"timestamp":1531721140,"path_taken":["M","?","?","M","M","E","R","E","T","R","?","M","M","M","R","BOSS","M","?","?","?","?","R","?","E","T","M","R","M","M","M","R","BOSS","M","?","M","?","$","E","M","R","T","R","E","M","R","$","R","BOSS"],"build_version":"2018-07-12","purchased_purges":0,"victory":true,"max_hp_per_floor":[86,86,86,86,86,86,86,86,86,86,86,86,86,86,86,86,86,86,86,86,86,86,86,86,86,86,86,86,86,86,86,86,86,86,86,86,86,86,86,86,86,86,86,86,86,86,86,86,86,86],"card_choices":[{"not_picked":["True Grit","Perfected Strike"],"picked":"Rampage","floor":1},{"not_picked":["Wild Strike","Carnage","Perfected Strike"],"picked":"SKIP","floor":2},{"not_picked":["Combust","Shrug It Off"],"picked":"Power Through","floor":4},{"not_picked":["Corruption","Sword Boomerang"],"picked":"Shockwave","floor":5},{"not_picked":["Sword Boomerang","Flame Barrier"],"picked":"Entrench","floor":6},{"not_picked":["Pummel","Corruption"],"picked":"Inflame","floor":8},{"not_picked":["Cleave","Warcry"],"picked":"Fire Breathing","floor":12},{"not_picked":["Pommel Strike","Twin Strike"],"picked":"Flex","floor":13},{"not_picked":["Heavy Blade","Havoc"],"picked":"Barricade","floor":14},{"not_picked":["Berserk","Brutality"],"picked":"Demon Form","floor":16},{"not_picked":["Wild Strike","Thunderclap"],"picked":"Shrug It Off","floor":18},{"not_picked":["Pummel+1","Flex","True Grit"],"picked":"SKIP","floor":25},{"not_picked":["Pummel+1","Flex","True Grit"],"picked":"SKIP","floor":25},{"not_picked":["Pommel Strike","Second Wind+1","True Grit+1"],"picked":"SKIP","floor":27},{"not_picked":["Hemokinesis","Iron Wave","True Grit"],"picked":"SKIP","floor":29},{"not_picked":["Anger","Havoc","Pommel Strike+1"],"picked":"SKIP","floor":30},{"not_picked":["Clash","Disarm+1"],"picked":"Ghostly Armor+1","floor":31},{"not_picked":["Bludgeon","Demon Form"],"picked":"Juggernaut","floor":33},{"not_picked":["Sever Soul","Sword Boomerang","Evolve+1"],"picked":"SKIP","floor":35},{"not_picked":["Heavy Blade+1","Flex+1"],"picked":"Entrench+1","floor":37},{"not_picked":["Uppercut+1","Heavy Blade+1","Shrug It Off"],"picked":"SKIP","floor":40},{"not_picked":["Clothesline+1","Pummel+1","Dual Wield+1"],"picked":"SKIP","floor":41},{"not_picked":["Blood for Blood","Wild Strike+1","Clothesline"],"picked":"SKIP","floor":45},{"not_picked":["Pommel Strike","True Grit"],"picked":"Entrench","floor":46}],"player_experience":204884,"relics_obtained":[{"floor":6,"key":"The Courier"},{"floor":8,"key":"Bronze Scales"},{"floor":9,"key":"Bag of Marbles"},{"floor":25,"key":"Bottled Tornado"},{"floor":26,"key":"Whetstone"},{"floor":40,"key":"Lantern"},{"floor":45,"key":"Red Skull"}],"event_choices":[{"event_name":"Scrap Ooze","player_choice":"success","floor":3,"damage_taken":7},{"event_name":"World of Goop","player_choice":"Gather Gold","floor":11,"damage_taken":0},{"event_name":"The Woman in Blue","player_choice":"Bought 0 Potions","floor":19,"damage_taken":0},{"event_name":"Purifier","player_choice":"One Purge","floor":20,"damage_taken":0},{"event_name":"The Mausoleum","player_choice":"Yes","floor":21,"damage_taken":0},{"event_name":"Bonfire Elementals","player_choice":"BASIC","floor":22,"damage_taken":0},{"event_name":"FaceTrader","player_choice":"Trade","floor":36,"damage_taken":0},{"event_name":"Wheel of Change","player_choice":"Relic","floor":38,"damage_taken":0}],"boss_relics":[{"not_picked":["White Beast Statue","Runic Dome"],"picked":"Velvet Choker"},{"not_picked":["Mark of Pain","Calling Bell"],"picked":"Eternal Feather"}],"items_purged_floors":[],"is_endless":false,"potions_floor_spawned":[1,5,12,14,18,29,31,40,45],"ascension_level":1}