{"gold_per_floor":[109,184,194,21,73,73,83,83,83,83,45,63,63,93,93,191,191,211,222,238,253,253],"floor_reached":22,"playtime":1081,"items_purged":[],"score":176,"play_id":"3dc0a859-d074-4388-8f8a-07b4d421a027","local_time":"20190319215124","is_ascension_mode":false,"campfire_choices":[{"floor":6,"key":"REST"},{"data":"Doom and Gloom","floor":8,"key":"SMITH"},{"floor":13,"key":"REST"},{"floor":15,"key":"REST"}],"neow_cost":"CURSE","seed_source_timestamp":397997778951100,"circlet_count":0,"master_deck":["Strike_B","Strike_B","Strike_B","Strike_B","Defend_B","Defend_B","Defend_B","Defend_B","Zap","Dualcast","Shame","All For One","Rip and Tear","Melter","Beam Cell","Doom and Gloom+1","Auto Shields","Static Discharge","Amplify","Pain","Regret","Writhe","Sunder+1","Glacier+1","Gash","Go for the Eyes"],"relics":["Cracked Core","Bag of Marbles","Bag of Preparation","Kunai","Tiny Chest","Calling Bell","Boot","Shuriken","Peace Pipe"],"potions_floor_usage":[16,20,20,21],"damage_taken":[{"damage":15,"enemies":"Small Slimes","floor":1,"turns":3},{"damage":11,"enemies":"Jaw Worm","floor":3,"turns":2},{"damage":6,"enemies":"Cultist","floor":7,"turns":3},{"damage":12,"enemies":"Blue Slaver","floor":12,"turns":3},{"damage":36,"enemies":"Hexaghost","floor":16,"turns":7},{"damage":23,"enemies":"Chosen","floor":18,"turns":4},{"damage":5,"enemies":"Spheric Guardian","floor":19,"turns":2},{"damage":10,"enemies":"Cultist and Chosen","floor":20,"turns":6},{"damage":7,"enemies":"Snecko","floor":21,"turns":5},{"damage":36,"enemies":"Masked Bandits","floor":22,"turns":3}],"seed_played":"-771452660727607873","potions_obtained":[{"floor":3,"key":"GamblersBrew"},{"floor":7,"key":"Block Potion"},{"floor":19,"key":"EssenceOfSteel"},{"floor":20,"key":"LiquidBronze"}],"is_trial":false,"path_per_floor":["M","?","M","$","?","R","M","R","T","?","$","M","R","?","R","B",null,"M","M","M","M","?"],"character_chosen":"DEFECT","items_purchased":["Beam Cell","Bag of Marbles","Auto Shields"],"campfire_rested":3,"item_purchase_floors":[4,4,11],"current_hp_per_floor":[60,49,38,38,38,60,54,54,54,47,47,35,57,57,75,39,75,52,47,37,30,0],"gold":253,"neow_bonus":"THREE_RARE_CARDS","is_prod":false,"is_daily":false,"chose_seed":false,"campfire_upgraded":1,"win_rate":0.0,"timestamp":1553046684,"path_taken":["M","?","M","$","?","R","M","R","T","?","?","?","R","?","R","BOSS","M","M","M","?","?"],"build_version":"2019-01-23","purchased_purges":0,"victory":false,"max_hp_per_floor":[75,75,75,75,75,75,75,75,75,75,75,75,75,75,75,75,75,75,75,75,75,75],"card_choices":[{"not_picked":["Seek","Amplify"],"picked":"All For One","floor":0},{"not_picked":["Cold Snap","Barrage"],"picked":"Rip and Tear","floor":1},{"not_picked":["Stack","Scrape"],"picked":"Melter","floor":3},{"not_picked":["Turbo","Conserve Battery"],"picked":"Doom and Gloom","floor":7},{"not_picked":["Gash","Steam"],"picked":"Static Discharge","floor":12},{"not_picked":["Biased Cognition","Seek"],"picked":"Amplify","floor":16},{"not_picked":["Turbo","Hello World+1"],"picked":"Sunder+1","floor":18},{"not_picked":["Gash","Turbo"],"picked":"Glacier+1","floor":19},{"not_picked":["Force Field","Cold Snap"],"picked":"Gash","floor":20},{"not_picked":["Rebound","Heatsinks"],"picked":"Go for the Eyes","floor":21}],"player_experience":82069,"relics_obtained":[{"floor":9,"key":"Bag of Preparation"},{"floor":14,"key":"Tiny Chest"},{"floor":17,"key":"Boot"},{"floor":17,"key":"Shuriken"},{"floor":17,"key":"Peace Pipe"}],"event_choices":[{"damage_healed":0,"gold_gain":75,"player_choice":"Gather Gold","damage_taken":11,"max_hp_gain":0,"max_hp_loss":0,"event_name":"World of Goop","floor":2,"gold_loss":0},{"damage_healed":0,"gold_gain":52,"player_choice":"Gained Gold","damage_taken":0,"max_hp_gain":0,"max_hp_loss":0,"event_name":"Golden Wing","floor":5,"gold_loss":0},{"damage_healed":0,"gold_gain":0,"player_choice":"Success","damage_taken":7,"relics_obtained":["Kunai"],"max_hp_gain":0,"max_hp_loss":0,"event_name":"Scrap Ooze","floor":10,"gold_loss":0},{"damage_healed":0,"gold_gain":0,"player_choice":"Relic","damage_taken":0,"max_hp_gain":0,"max_hp_loss":0,"event_name":"Wheel of Change","floor":14,"gold_loss":0},{"damage_healed":0,"gold_gain":0,"player_choice":"Fought Bandits","damage_taken":0,"max_hp_gain":0,"max_hp_loss":0,"event_name":"Masked Bandits","floor":22,"gold_loss":0}],"is_beta":false,"boss_relics":[{"not_picked":["Eternal Feather","Coffee Dripper"],"picked":"Calling Bell"}],"items_purged_floors":[],"is_endless":false,"potions_floor_spawned":[3,7,19,20],"killed_by":"Masked Bandits","ascension_level":0}