{"gold_per_floor":[115,115,133,152,171,205,205,249,249,269,293,293],"floor_reached":12,"playtime":610,"items_purged":[],"score":101,"play_id":"88c8c113-d67f-4cb3-8332-22a8c070a114","local_time":"20180722012808","is_ascension_mode":true,"campfire_choices":[{"floor":7,"key":"REST"}],"neow_cost":"FIFTY_PERCENT_DAMAGE","seed_source_timestamp":608554217422985,"circlet_count":0,"master_deck":["Strike_R","Strike_R","Strike_R","Defend_R","Defend_R","Defend_R","Defend_R","Bash","Sword Boomerang","Headbutt","Intimidate","Demon Form","Metallicize","Anger","Bloodletting"],"relics":["Burning Blood","Golden Idol","Girya","Singing Bowl","Mango"],"potions_floor_usage":[6],"damage_taken":[{"damage":8,"enemies":"2 Louse","floor":1,"turns":4},{"damage":6,"enemies":"Jaw Worm","floor":3,"turns":6},{"damage":1,"enemies":"Cultist","floor":4,"turns":3},{"damage":13,"enemies":"Red Slaver","floor":5,"turns":5},{"damage":18,"enemies":"3 Sentries","floor":6,"turns":8},{"damage":16,"enemies":"Lagavulin","floor":8,"turns":5},{"damage":9,"enemies":"Large Slime","floor":10,"turns":5},{"damage":36,"enemies":"Lots of Slimes","floor":11,"turns":6},{"damage":26,"enemies":"Exordium Thugs","floor":12,"turns":3}],"seed_played":"-9160180708783295119","potions_obtained":[{"floor":3,"key":"Explosive Potion"},{"floor":10,"key":"SpeedPotion"}],"is_trial":false,"path_per_floor":["M","?","M","M","M","E","R","E","T","M","M"],"character_chosen":"IRONCLAD","items_purchased":[],"campfire_rested":1,"item_purchase_floors":[],"current_hp_per_floor":[38,38,38,43,36,24,46,36,50,47,17,0],"gold":293,"neow_bonus":"REMOVE_TWO","is_prod":false,"is_daily":false,"chose_seed":false,"campfire_upgraded":0,"win_rate":0,"timestamp":1532244488,"path_taken":["M","?","M","M","M","E","R","E","T","M","?","M"],"build_version":"2018-07-19v2","purchased_purges":0,"victory":false,"max_hp_per_floor":[80,74,74,74,74,74,74,74,88,88,88,88],"card_choices":[{"not_picked":["Wild Strike","Carnage","Combust"],"picked":"SKIP","floor":1},{"not_picked":["Armaments","Headbutt"],"picked":"Sword Boomerang","floor":3},{"not_picked":["Warcry","Infernal Blade"],"picked":"Headbutt","floor":4},{"not_picked":["Clothesline","Corruption"],"picked":"Intimidate","floor":5},{"not_picked":["Iron Wave","Metallicize"],"picked":"Demon Form","floor":6},{"not_picked":["Uppercut","Intimidate"],"picked":"Metallicize","floor":8},{"not_picked":["Evolve","Inflame"],"picked":"Anger","floor":10},{"not_picked":["Wild Strike","Blood for Blood"],"picked":"Bloodletting","floor":11}],"player_experience":251058,"relics_obtained":[{"floor":6,"key":"Girya"},{"floor":8,"key":"Singing Bowl"},{"floor":9,"key":"Mango"}],"event_choices":[{"event_name":"Golden Idol","player_choice":"Lose Max HP","floor":2,"damage_taken":0}],"is_beta":false,"boss_relics":[],"items_purged_floors":[],"is_endless":false,"potions_floor_spawned":[3,10],"killed_by":"Exordium Thugs","ascension_level":2}