{"gold_per_floor":[113,188,201,17,17,17,17,17,42,59,59,70,70,90,90,186,186,197,230,245,82,93,93,113,113,167,167,180,180,280,290,290,395,395,409,427,427,35,48,48,48,48,48,48,66,66,82,98,98,98],"floor_reached":51,"playtime":2093,"items_purged":["Strike_B","Strike_B"],"score":639,"play_id":"958451fe-6adc-46f5-9770-f1e1fd78c356","local_time":"20180812014324","is_ascension_mode":false,"campfire_choices":[{"data":"Zap","floor":6,"key":"SMITH"},{"data":"Dualcast","floor":8,"key":"SMITH"},{"data":"Hologram","floor":11,"key":"SMITH"},{"data":"Panache","floor":13,"key":"SMITH"},{"data":"Beam Cell","floor":15,"key":"SMITH"},{"data":"Madness","floor":23,"key":"SMITH"},{"data":"Defend_B","floor":27,"key":"SMITH"},{"data":"All For One","floor":29,"key":"SMITH"},{"data":"Defend_B","floor":32,"key":"SMITH"},{"floor":40,"key":"REST"},{"floor":42,"key":"REST"},{"data":"Defend_B","floor":44,"key":"SMITH"},{"floor":49,"key":"REST"}],"neow_cost":"","seed_source_timestamp":2422125896379916,"circlet_count":0,"master_deck":["Strike_B","Defend_B+1","Defend_B+1","Defend_B+1","Defend_B","Zap+1","Dualcast+1","Hologram+1","Panache+1","Beam Cell+1","Scrape","All For One+1","Steam+1","Gash+1","Madness+1","Steam+1","White Noise+1","Machine Learning","Go for the Eyes+1","Bandage Up","Panache","Panache","Chill","Gash"],"relics":["Cracked Core"],"potions_floor_usage":[18,19,19,19,19,22,31,48,50,50],"damage_taken":[{"damage":2,"enemies":"2 Louse","floor":1,"turns":2},{"damage":0,"enemies":"Cultist","floor":3,"turns":3},{"damage":3,"enemies":"Jaw Worm","floor":10,"turns":2},{"damage":6,"enemies":"3 Louse","floor":12,"turns":2},{"damage":13,"enemies":"Looter","floor":14,"turns":3},{"damage":12,"enemies":"Slime Boss","floor":16,"turns":8},{"damage":9,"enemies":"3 Byrds","floor":18,"turns":4},{"damage":0,"floor":19,"turns":2},{"damage":5,"enemies":"Shell Parasite","floor":20,"turns":4},{"damage":5,"enemies":"Cultist and Chosen","floor":22,"turns":4},{"damage":0,"enemies":"Chosen and Byrds","floor":24,"turns":3},{"damage":0,"enemies":"Centurion and Healer","floor":28,"turns":3},{"damage":0,"enemies":"3 Cultists","floor":31,"turns":3},{"damage":43,"enemies":"Champ","floor":33,"turns":9},{"damage":44,"enemies":"3 Darklings","floor":35,"turns":5},{"damage":0,"enemies":"3 Shapes","floor":36,"turns":6},{"damage":21,"enemies":"Flame Bruiser 2 Orb","floor":39,"turns":4},{"damage":8,"enemies":"3 Darklings","floor":45,"turns":2},{"damage":20,"enemies":"Sphere and 2 Shapes","floor":47,"turns":7},{"damage":0,"enemies":"4 Shapes","floor":48,"turns":4},{"damage":76,"enemies":"Donu and Deca","floor":50,"turns":7}],"seed_played":"1160994929056838024","potions_obtained":[{"floor":12,"key":"SpeedPotion"},{"floor":14,"key":"EntropicBrew"},{"floor":16,"key":"SteroidPotion"},{"floor":18,"key":"Explosive Potion"},{"floor":22,"key":"AttackPotion"},{"floor":24,"key":"FearPotion"},{"floor":36,"key":"SteroidPotion"},{"floor":47,"key":"Regen Potion"}],"is_trial":false,"path_per_floor":["M","?","M","$","?","R","?","R","T","M","R","M","R","M","R","B",null,"M","?","M","$","M","R","M","?","T","R","M","R","?","M","R","B",null,"M","M","?","$","M","R","?","R","T","R","M","$","M","M","R","B"],"character_chosen":"DEFECT","items_purchased":["Panache","Madness","Bandage Up","Panache"],"campfire_rested":3,"item_purchase_floors":[4,21,38,38],"current_hp_per_floor":[73,66,66,66,59,59,59,59,59,56,56,50,50,37,37,25,75,66,66,61,61,56,56,56,56,56,56,56,56,56,56,56,13,75,31,31,31,31,14,36,36,58,58,58,54,54,38,54,75,1],"gold":98,"neow_bonus":"","is_prod":false,"is_daily":false,"chose_seed":false,"campfire_upgraded":10,"win_rate":0,"timestamp":1534059804,"path_taken":["M","?","M","$","?","R","?","R","T","M","R","M","R","M","R","BOSS","M","?","M","$","M","R","M","?","T","R","M","R","?","?","R","BOSS","M","?","?","$","M","R","?","R","T","R","M","$","M","M","R","BOSS"],"build_version":"2018-08-09","purchased_purges":2,"victory":true,"max_hp_per_floor":[75,75,75,75,75,75,75,75,75,75,75,75,75,75,75,75,75,75,75,75,75,75,75,75,75,75,75,75,75,75,75,75,75,75,75,75,75,75,75,75,75,75,75,75,75,75,75,75,75,75],"card_choices":[{"not_picked":["Scrape","Hello World"],"picked":"Coolheaded","floor":1},{"not_picked":["Skim","Chaos"],"picked":"Hologram","floor":3},{"not_picked":["Scrape","Sweeping Beam"],"picked":"Beam Cell","floor":10},{"not_picked":["Chaos","Amplify"],"picked":"Scrape","floor":12},{"not_picked":["Heatsinks","Reprogram","Turbo"],"picked":"SKIP","floor":14},{"not_picked":["Meteor Strike","Buffer"],"picked":"All For One","floor":16},{"not_picked":["Beam Cell","Barrage+1","Hello World+1"],"picked":"SKIP","floor":18},{"not_picked":["Aggregate","Scrape"],"picked":"Steam+1","floor":19},{"not_picked":["Meteor Strike","Turbo"],"picked":"Gash+1","floor":20},{"not_picked":["Sweeping Beam+1","Hologram","Cold Snap"],"picked":"SKIP","floor":22},{"not_picked":["Skim","Capacitor","Reinforced Body+1"],"picked":"SKIP","floor":24},{"not_picked":["Ball Lightning","Rebound"],"picked":"Steam+1","floor":28},{"not_picked":["Coolheaded","Rebound"],"picked":"White Noise+1","floor":31},{"not_picked":["All For One","Creative AI"],"picked":"Machine Learning","floor":33},{"not_picked":["Hologram+1","Loop+1","Lockon"],"picked":"SKIP","floor":35},{"not_picked":["Heatsinks","Reprogram+1"],"picked":"Go for the Eyes+1","floor":36},{"not_picked":["Conserve Battery","Static Discharge","Barrage"],"picked":"SKIP","floor":39},{"not_picked":["Enlightenment","Magnetism"],"picked":"Panache","floor":41},{"not_picked":["Sunder+1","Sweeping Beam+1"],"picked":"Chill","floor":45},{"not_picked":["Barrage+1","Sunder+1","Conserve Battery"],"picked":"SKIP","floor":47},{"not_picked":["Steam","Stack"],"picked":"Gash","floor":48}],"player_experience":372579,"relics_obtained":[],"event_choices":[{"event_name":"FaceTrader","player_choice":"Touch","floor":2,"damage_taken":0},{"event_name":"Golden Wing","player_choice":"Card Removal","floor":5,"damage_taken":0},{"event_name":"Golden Idol","player_choice":"Ignored","floor":7,"damage_taken":0},{"event_name":"Masked Bandits","player_choice":"Fought Bandits","floor":19,"damage_taken":0},{"event_name":"Addict","player_choice":"Ignored","floor":25,"damage_taken":0},{"event_name":"Golden Shrine","player_choice":"Pray","floor":30,"damage_taken":0},{"event_name":"Falling","player_choice":"Removed Skill","floor":37,"damage_taken":0},{"event_name":"SensoryStone","player_choice":"Memory 1","floor":41,"damage_taken":0}],"is_beta":false,"boss_relics":[{"not_picked":["Sozu","Nuclear Battery","White Beast Statue"]},{"not_picked":["Empty Cage","Cursed Key","Black Star"]}],"items_purged_floors":[21,38],"is_endless":false,"potions_floor_spawned":[12,14,16,18,22,24,28,36,39,47],"ascension_level":0}