{"gold_per_floor":[118,130,145,26,26,56,56,82,82,82],"floor_reached":10,"playtime":496,"items_purged":["Strike_G"],"score":162,"play_id":"5552a696-4346-4fb9-822f-14fe9b7059c9","local_time":"20181120004955","is_ascension_mode":true,"campfire_choices":[],"neow_cost":"NONE","seed_source_timestamp":737838083523849,"circlet_count":0,"master_deck":["AscendersBane","Defend_G","Defend_G","Defend_G","Defend_G","Defend_G","Strike_G","Strike_G","Strike_G","Strike_G","Survivor","Neutralize","Noxious Fumes","Cloak And Dagger","Well Laid Plans","Leg Sweep","Footwork+1","Poisoned Stab"],"special_seed":0,"relics":["Ring of the Snake","Smiling Mask","Matryoshka","Tingsha","Girya","Centennial Puzzle","The Specimen"],"potions_floor_usage":[8],"damage_taken":[{"damage":4.0,"enemies":"Cultist","floor":1.0,"turns":5.0},{"damage":11,"enemies":"Jaw Worm","floor":2,"turns":5},{"damage":0,"enemies":"Small Slimes","floor":3,"turns":3},{"damage":12,"enemies":"3 Sentries","floor":6,"turns":10},{"damage":0,"enemies":"Lagavulin","floor":8,"turns":10},{"damage":4,"enemies":"Gremlin Nob","floor":10,"turns":5}],"seed_played":"2131684905770789405","potions_obtained":[{"floor":6,"key":"Dexterity Potion"},{"floor":8,"key":"Ancient Potion"}],"is_trial":false,"path_per_floor":["M","M","M","M","$","?","E","?","E","T","E"],"character_chosen":"THE_SILENT","items_purchased":["Leg Sweep"],"campfire_rested":0,"item_purchase_floors":[4],"current_hp_per_floor":[59,48,48,48,15,3,3,3,3,0],"gold":82,"neow_bonus":"RANDOM_COMMON_RELIC","is_prod":false,"is_daily":false,"chose_seed":false,"campfire_upgraded":0,"win_rate":0,"timestamp":1542700195,"path_taken":["M","M","?","$","?","E","?","E","T","E"],"build_version":"2018-11-15","purchased_purges":1,"victory":false,"max_hp_per_floor":[70,70,70,70,70,70,70,70,70,70],"card_choices":[{"not_picked":["Blade Dance","Bane"],"picked":"Noxious Fumes","floor":1},{"not_picked":["Endless Agony","Tactician"],"picked":"Cloak And Dagger","floor":2},{"not_picked":["Flying Knee","Masterful Stab"],"picked":"Well Laid Plans","floor":3},{"not_picked":["Flechettes","Underhanded Strike"],"picked":"Footwork","floor":6},{"not_picked":["Quick Slash","Prepared"],"picked":"Poisoned Stab","floor":8}],"player_experience":633501,"relics_obtained":[{"floor":6,"key":"Tingsha"},{"floor":8,"key":"Girya"},{"floor":9,"key":"Centennial Puzzle"},{"floor":9,"key":"The Specimen"}],"event_choices":[{"damage_healed":0,"gold_gain":0,"player_choice":"Success","damage_taken":33,"relics_obtained":["Matryoshka"],"max_hp_gain":0,"max_hp_loss":0,"event_name":"Scrap Ooze","floor":5,"gold_loss":0},{"damage_healed":0,"gold_gain":0,"player_choice":"Forge","damage_taken":0,"max_hp_gain":0,"max_hp_loss":0,"event_name":"Accursed Blacksmith","floor":7,"gold_loss":0,"cards_upgraded":["Footwork"]}],"is_beta":false,"boss_relics":[],"items_purged_floors":[4],"is_endless":false,"potions_floor_spawned":[6,8],"killed_by":"Gremlin Nob","ascension_level":12}