{"gold_per_floor":[215,215,234,48,63,63,138,155,155,168,196,82,107,127,127,225,225,235,235,67,67,85,185,211,211,211,221,146,158,189,189,189,293,293,308,308,319,330,605,638,738,769,795,795,811,155,155,172,172,172],"floor_reached":51,"playtime":5299,"items_purged":["Strike_B","Regret"],"score":840,"play_id":"af6b2eb4-a2e6-4950-a732-8cc6b6dc273b","local_time":"20190308142256","is_ascension_mode":true,"campfire_choices":[{"floor":6,"key":"REST"},{"floor":15,"key":"REST"},{"floor":25,"key":"REST"},{"floor":32,"key":"REST"},{"floor":44,"key":"REST"},{"floor":47,"key":"REST"},{"data":"1","floor":49,"key":"LIFT"}],"neow_cost":"NONE","seed_source_timestamp":990196952724501,"circlet_count":0,"master_deck":["Strike_B","Strike_B","Strike_B","Defend_B","Defend_B","Defend_B","Defend_B","Zap","Dualcast","Turbo","Defragment","Glacier","Chill","Blizzard","Go for the Eyes","Conserve Battery","Self Repair","Defragment","Turbo","Defragment","White Noise","Leap","Biased Cognition","Ball Lightning+1","Cold Snap+1","Self Repair","Cold Snap+1","Self Repair","Conserve Battery","Stack","Ball Lightning+1","Rebound+1","Multi-Cast","RitualDagger+1","Buffer","Barrage+1","Turbo+1","Undo","Defragment+1","Turbo+1","BootSequence+1","Turbo+1","Double Energy","Capacitor"],"relics":["Cracked Core","Girya","Incense Burner","Potion Belt","Runic Pyramid","Anchor","Gambling Chip","Meat on the Bone","Molten Egg 2","Ice Cream","Juzu Bracelet","Inserter","Vajra","StoneCalendar","Sundial","Whetstone","Oddly Smooth Stone","Pocketwatch"],"potions_floor_usage":[11,13,14,16,18,24,40,40,40,40,50,50,50],"damage_taken":[{"damage":4,"enemies":"2 Louse","floor":1,"turns":4},{"damage":6,"enemies":"Jaw Worm","floor":3,"turns":3},{"damage":3,"enemies":"Small Slimes","floor":5,"turns":4},{"damage":2,"enemies":"2 Fungi Beasts","floor":8,"turns":4},{"damage":0,"enemies":"Large Slime","floor":10,"turns":7},{"damage":27,"enemies":"Gremlin Nob","floor":11,"turns":5},{"damage":19,"enemies":"Lagavulin","floor":13,"turns":6},{"damage":0,"enemies":"Blue Slaver","floor":14,"turns":4},{"damage":39,"enemies":"Slime Boss","floor":16,"turns":18},{"damage":22,"enemies":"2 Thieves","floor":18,"turns":5},{"damage":3,"enemies":"Shell Parasite","floor":22,"turns":9},{"damage":10,"enemies":"Colosseum Slavers","floor":23,"turns":6},{"damage":41,"enemies":"Colosseum Nobs","floor":23,"turns":7},{"damage":30,"enemies":"Book of Stabbing","floor":24,"turns":10},{"damage":7,"enemies":"Snake Plant","floor":27,"turns":5},{"damage":5,"enemies":"3 Cultists","floor":29,"turns":8},{"damage":5,"enemies":"Gremlin Leader","floor":30,"turns":10},{"damage":45,"enemies":"Automaton","floor":33,"turns":16},{"damage":10,"enemies":"Orb Walker","floor":35,"turns":4},{"damage":0,"enemies":"3 Shapes","floor":37,"turns":3},{"damage":16,"enemies":"Maw","floor":38,"turns":9},{"damage":76,"enemies":"Reptomancer","floor":40,"turns":12},{"damage":3,"enemies":"Mind Bloom Boss Battle","floor":41,"turns":9},{"damage":38,"enemies":"Nemesis","floor":42,"turns":7},{"damage":29,"enemies":"3 Darklings","floor":45,"turns":7},{"damage":21,"enemies":"4 Shapes","floor":48,"turns":7},{"damage":47,"enemies":"Donu and Deca","floor":50,"turns":11}],"seed_played":"4831112125827995296","potions_obtained":[{"floor":1,"key":"FocusPotion"},{"floor":8,"key":"Poison Potion"},{"floor":11,"key":"AttackPotion"},{"floor":14,"key":"Dexterity Potion"},{"floor":16,"key":"Swift Potion"},{"floor":23,"key":"GamblersBrew"},{"floor":27,"key":"EssenceOfSteel"},{"floor":29,"key":"FearPotion"},{"floor":30,"key":"Regen Potion"},{"floor":35,"key":"EssenceOfSteel"},{"floor":42,"key":"SkillPotion"},{"floor":45,"key":"Explosive Potion"},{"floor":48,"key":"Poison Potion"}],"is_trial":false,"path_per_floor":["M","?","M","$","M","R","?","M","T","M","E","$","E","M","R","B",null,"M","?","$","?","M","?","E","R","T","M","?","M","E","?","R","B",null,"M","?","M","M","?","E","?","E","T","R","M","$","R","M","R","B",null],"character_chosen":"DEFECT","items_purchased":["Glacier","Chill","Blizzard","Turbo","Defragment","Cold Snap","Self Repair","Double Energy","Capacitor","Oddly Smooth Stone","Pocketwatch"],"campfire_rested":6,"item_purchase_floors":[4,4,4,12,12,20,20,46,46,46,46],"current_hp_per_floor":[71,71,65,65,62,75,64,62,62,62,42,42,30,30,52,20,75,60,60,60,60,71,55,58,75,75,75,75,75,75,69,75,63,75,72,72,72,70,70,42,60,48,48,70,62,62,75,75,75,40],"gold":172,"neow_bonus":"HUNDRED_GOLD","is_prod":false,"is_daily":false,"chose_seed":false,"campfire_upgraded":0,"win_rate":0,"timestamp":1552065776,"path_taken":["M","?","M","$","M","R","?","M","T","M","E","?","E","M","R","BOSS","M","?","$","?","M","?","E","R","T","M","?","M","E","?","R","BOSS","M","?","M","M","?","E","?","E","T","R","M","$","R","M","R","BOSS"],"build_version":"2019-01-23","purchased_purges":2,"victory":true,"max_hp_per_floor":[75,75,75,75,75,75,75,75,75,75,75,75,75,75,75,75,75,75,75,75,75,75,75,75,75,75,75,75,75,75,75,75,75,75,75,75,75,75,75,75,75,75,75,75,75,75,75,75,75,75],"card_choices":[{"not_picked":["Reinforced Body","Redo"],"picked":"Turbo","floor":1},{"not_picked":["Streamline","Beam Cell"],"picked":"Defragment","floor":3},{"not_picked":["Streamline","Rebound"],"picked":"Go for the Eyes","floor":5},{"not_picked":["Ball Lightning","Lockon"],"picked":"Conserve Battery","floor":8},{"not_picked":["Machine Learning","Rebound"],"picked":"Self Repair","floor":10},{"not_picked":["Ball Lightning","Reinforced Body"],"picked":"Defragment","floor":11},{"not_picked":["Gash","Beam Cell"],"picked":"White Noise","floor":13},{"not_picked":["Thunder Strike","Rebound"],"picked":"Leap","floor":14},{"not_picked":["Machine Learning","Seek"],"picked":"Biased Cognition","floor":16},{"not_picked":["Conserve Battery","Sweeping Beam"],"picked":"Ball Lightning+1","floor":18},{"not_picked":["Sweeping Beam","Genetic Algorithm"],"picked":"Self Repair","floor":22},{"not_picked":["Darkness","Auto Shields+1"],"picked":"Conserve Battery","floor":23},{"not_picked":["Reprogram","Redo"],"picked":"Stack","floor":24},{"not_picked":["Loop","Streamline+1"],"picked":"Ball Lightning+1","floor":27},{"not_picked":["Sweeping Beam+1","Hologram"],"picked":"Rebound+1","floor":29},{"not_picked":["Barrage+1","White Noise"],"picked":"Multi-Cast","floor":30},{"not_picked":["Multi-Cast","Reboot"],"picked":"Buffer","floor":33},{"not_picked":["Double Energy","Compile Driver+1"],"picked":"Barrage+1","floor":35},{"not_picked":["Barrage+1","Cold Snap+1"],"picked":"Turbo+1","floor":37},{"not_picked":["Hologram","Heatsinks"],"picked":"Undo","floor":38},{"not_picked":["Go for the Eyes+1","Heatsinks+1"],"picked":"Defragment+1","floor":40},{"not_picked":["Redo+1","Coolheaded+1"],"picked":"Turbo+1","floor":41},{"not_picked":["Beam Cell+1","Reboot"],"picked":"BootSequence+1","floor":42},{"not_picked":["Coolheaded+1","Ball Lightning+1"],"picked":"Turbo+1","floor":45},{"not_picked":["Hologram","Lockon+1","Compile Driver+1"],"picked":"SKIP","floor":48}],"player_experience":52525,"relics_obtained":[{"floor":9,"key":"Girya"},{"floor":11,"key":"Incense Burner"},{"floor":13,"key":"Potion Belt"},{"floor":23,"key":"Gambling Chip"},{"floor":23,"key":"Meat on the Bone"},{"floor":24,"key":"Molten Egg 2"},{"floor":26,"key":"Ice Cream"},{"floor":30,"key":"Juzu Bracelet"},{"floor":40,"key":"Vajra"},{"floor":41,"key":"StoneCalendar"},{"floor":42,"key":"Sundial"},{"floor":43,"key":"Whetstone"}],"event_choices":[{"damage_healed":0,"gold_gain":0,"player_choice":"Leave","damage_taken":0,"max_hp_gain":0,"max_hp_loss":0,"event_name":"The Cleric","floor":2,"gold_loss":0},{"damage_healed":0,"gold_gain":75,"player_choice":"Gather Gold","damage_taken":11,"max_hp_gain":0,"max_hp_loss":0,"event_name":"World of Goop","floor":7,"gold_loss":0},{"damage_healed":0,"gold_gain":0,"player_choice":"Opened","damage_taken":0,"relics_obtained":["Anchor"],"max_hp_gain":0,"max_hp_loss":0,"event_name":"The Mausoleum","floor":19,"gold_loss":0,"cards_obtained":["Writhe"]},{"damage_healed":0,"gold_gain":0,"player_choice":"Read","damage_taken":0,"max_hp_gain":0,"max_hp_loss":0,"event_name":"The Library","floor":21,"gold_loss":0,"cards_obtained":["Cold Snap"]},{"damage_healed":0,"gold_gain":0,"player_choice":"Fight","damage_taken":0,"max_hp_gain":0,"max_hp_loss":0,"event_name":"Colosseum","floor":23,"gold_loss":0},{"damage_healed":0,"gold_gain":0,"player_choice":"Fought Nobs","damage_taken":0,"max_hp_gain":0,"max_hp_loss":0,"event_name":"Colosseum","floor":23,"gold_loss":0},{"cards_removed":["Writhe"],"damage_healed":0,"gold_gain":0,"player_choice":"Gave Gold","damage_taken":0,"max_hp_gain":0,"max_hp_loss":0,"event_name":"Beggar","floor":28,"gold_loss":75},{"damage_healed":0,"gold_gain":0,"player_choice":"Joined the Cult","damage_taken":6,"max_hp_gain":0,"max_hp_loss":0,"event_name":"Nest","floor":31,"gold_loss":0,"cards_obtained":["RitualDagger"]},{"damage_healed":0,"gold_gain":0,"player_choice":"Ignored","damage_taken":0,"max_hp_gain":0,"max_hp_loss":0,"event_name":"Tomb of Lord Red Mask","floor":36,"gold_loss":0},{"damage_healed":0,"gold_gain":275,"player_choice":"Desecrate","damage_taken":0,"max_hp_gain":0,"max_hp_loss":0,"event_name":"Golden Shrine","floor":39,"gold_loss":0,"cards_obtained":["Regret"]},{"damage_healed":0,"gold_gain":0,"player_choice":"Fight","damage_taken":0,"max_hp_gain":0,"max_hp_loss":0,"event_name":"MindBloom","floor":41,"gold_loss":0}],"is_beta":false,"boss_relics":[{"not_picked":["Empty Cage","Sozu"],"picked":"Runic Pyramid"},{"not_picked":["Fusion Hammer","Philosopher\u0027s Stone"],"picked":"Inserter"}],"items_purged_floors":[20,46],"is_endless":false,"potions_floor_spawned":[1,8,11,14,16,23,23,27,29,30,35,42,45,48],"ascension_level":1}