{"gold_per_floor":[118,118,137,59,59,59,59,75,75,100,100,100,143,182,182,306,306,320,320,235,6,77,77],"floor_reached":23,"playtime":862,"items_purged":[],"score":370,"play_id":"7e95a8af-5e8d-40d7-9cd7-e19548f0b3aa","local_time":"20190311113803","daily_mods":["SealedDeck","Vintage","Heirloom","Flight"],"is_ascension_mode":false,"campfire_choices":[{"floor":6,"key":"REST"},{"floor":11,"key":"REST"},{"floor":15,"key":"REST"}],"neow_cost":"","seed_source_timestamp":508077352995111,"circlet_count":0,"master_deck":["Go for the Eyes","Reinforced Body","Genetic Algorithm","Consume+1","Defragment","Static Discharge","Capacitor","Redo","Redo","Tempest","Capacitor","Barrage","Thunder Strike","Bite","Bite","Bite","Bite","Bite","Capacitor"],"relics":["Cracked Core","Shovel","Letter Opener","Bag of Marbles","Cables","Golden Idol","Bottled Flame","Symbiotic Virus","Prayer Wheel","Strawberry","Lantern","Sozu","Centennial Puzzle","Singing Bowl","Regal Pillow","Pantograph"],"potions_floor_usage":[23,23,23],"damage_taken":[{"damage":5,"enemies":"Jaw Worm","floor":1,"turns":4},{"damage":4,"enemies":"2 Louse","floor":3,"turns":3},{"damage":0,"enemies":"Small Slimes","floor":8,"turns":3},{"damage":12,"enemies":"3 Louse","floor":10,"turns":4},{"damage":12,"enemies":"Lagavulin","floor":13,"turns":5},{"damage":27,"enemies":"3 Sentries","floor":14,"turns":5},{"damage":0,"enemies":"Slime Boss","floor":16,"turns":6},{"damage":28,"enemies":"3 Byrds","floor":18,"turns":4},{"damage":56,"enemies":"Slavers","floor":23,"turns":4}],"seed_played":"2122888184087977774","potions_obtained":[{"floor":8,"key":"LiquidBronze"},{"floor":10,"key":"Explosive Potion"},{"floor":13,"key":"Weak Potion"}],"is_trial":true,"path_per_floor":["?","?","?","M","?","?","?","T"],"character_chosen":"DEFECT","items_purchased":["Capacitor","Regal Pillow","Capacitor"],"campfire_rested":3,"item_purchase_floors":[4,21,21],"current_hp_per_floor":[70,52,48,48,48,68,68,68,68,56,69,69,64,37,59,59,76,48,48,48,48,48,0],"gold":77,"neow_bonus":"","is_prod":false,"is_daily":false,"chose_seed":false,"campfire_upgraded":0,"win_rate":0,"timestamp":1552300683,"path_taken":["M","?","M","$","?","R","?","M","T","?","R","?","E","E","R","BOSS","M","?","?","$","?","E"],"build_version":"2019-01-23","purchased_purges":0,"victory":false,"max_hp_per_floor":[75,75,75,75,69,69,69,69,69,69,69,69,76,76,76,76,76,76,53,53,53,53,53],"card_choices":[{"not_picked":["Skim","Steam Power","Coolheaded"],"picked":"SKIP","floor":13},{"not_picked":["Rebound","Aggregate"],"picked":"Barrage","floor":14},{"not_picked":["Biased Cognition","Echo Form"],"picked":"Thunder Strike","floor":16}],"player_experience":215328,"relics_obtained":[{"floor":1,"key":"Letter Opener"},{"floor":3,"key":"Cables"},{"floor":8,"key":"Bottled Flame"},{"floor":9,"key":"Symbiotic Virus"},{"floor":10,"key":"Prayer Wheel"},{"floor":13,"key":"Strawberry"},{"floor":14,"key":"Lantern"},{"floor":18,"key":"Centennial Puzzle"},{"floor":22,"key":"Pantograph"}],"event_choices":[{"damage_healed":0,"gold_gain":0,"player_choice":"Success","damage_taken":18,"relics_obtained":["Bag of Marbles"],"max_hp_gain":0,"max_hp_loss":0,"event_name":"Scrap Ooze","floor":2,"gold_loss":0},{"damage_healed":0,"gold_gain":0,"player_choice":"Lose Max HP","damage_taken":0,"relics_obtained":["Golden Idol"],"max_hp_gain":0,"max_hp_loss":6,"event_name":"Golden Idol","floor":5,"gold_loss":0},{"damage_healed":0,"gold_gain":0,"player_choice":"Ignored","damage_taken":0,"max_hp_gain":0,"max_hp_loss":0,"event_name":"Golden Wing","floor":7,"gold_loss":0},{"damage_healed":0,"gold_gain":0,"player_choice":"Grow","damage_taken":0,"max_hp_gain":0,"max_hp_loss":0,"event_name":"Living Wall","floor":12,"gold_loss":0,"cards_upgraded":["Consume"]},{"damage_healed":0,"gold_gain":0,"player_choice":"Became a vampire","damage_taken":0,"max_hp_gain":0,"max_hp_loss":23,"event_name":"Vampires","floor":19,"gold_loss":0,"cards_obtained":["Bite","Bite","Bite","Bite","Bite"]},{"damage_healed":0,"gold_gain":0,"player_choice":"Obtained Relic","damage_taken":0,"relics_obtained":["Singing Bowl"],"max_hp_gain":0,"max_hp_loss":0,"event_name":"Addict","floor":20,"gold_loss":85}],"is_beta":false,"boss_relics":[{"not_picked":["Black Star","FrozenCore"],"picked":"Sozu"}],"items_purged_floors":[],"is_endless":true,"potions_floor_spawned":[8,10,13],"killed_by":"Slavers","ascension_level":0}