{"gold_per_floor":[118,118,68,88,103,130,130,157,180,180,199,217,217],"floor_reached":13,"playtime":560,"items_purged":[],"score":105,"play_id":"7e310dae-bae2-4962-8454-7efc9cfe1ca2","local_time":"20180717011106","is_ascension_mode":true,"campfire_choices":[{"data":"Storm of Steel","floor":7,"key":"SMITH"},{"data":"Dodge and Roll","floor":10,"key":"SMITH"}],"neow_cost":"NONE","seed_source_timestamp":175643737115788,"circlet_count":0,"master_deck":["Defend_G","Defend_G","Defend_G","Defend_G","Defend_G","Strike_G","Strike_G","Strike_G","Strike_G","Survivor+1","Neutralize","Flechettes+1","Cloak And Dagger","PiercingWail","Storm of Steel+1","Dodge and Roll+1","Poisoned Stab","Dagger Spray"],"relics":["Runic Dome","Bag of Preparation","Snake Skull","Happy Flower"],"potions_floor_usage":[8],"damage_taken":[{"damage":0,"enemies":"Jaw Worm","floor":1,"turns":5},{"damage":0,"enemies":"Small Slimes","floor":4,"turns":4},{"damage":0,"enemies":"2 Louse","floor":5,"turns":3},{"damage":17,"enemies":"3 Sentries","floor":6,"turns":13},{"damage":20,"enemies":"Gremlin Nob","floor":8,"turns":4},{"damage":0,"enemies":"Exordium Wildlife","floor":11,"turns":3},{"damage":0,"enemies":"Lots of Slimes","floor":12,"turns":3},{"damage":21,"enemies":"Gremlin Gang","floor":13,"turns":3}],"seed_played":"2718580377159659624","potions_obtained":[{"floor":1,"key":"EssenceOfSteel"},{"floor":5,"key":"Swift Potion"},{"floor":6,"key":"SmokeBomb"}],"is_trial":false,"path_per_floor":["M","?","?","M","M","E","R","E","T","R","M","M"],"character_chosen":"THE_SILENT","items_purchased":[],"campfire_rested":0,"item_purchase_floors":[],"current_hp_per_floor":[70,56,56,56,56,39,39,19,19,19,19,19,0],"gold":217,"neow_bonus":"BOSS_RELIC","is_prod":false,"is_daily":false,"chose_seed":false,"campfire_upgraded":2,"win_rate":0,"timestamp":1531811466,"path_taken":["M","?","?","M","M","E","R","E","T","R","M","M","M"],"build_version":"2018-07-12","purchased_purges":0,"victory":false,"max_hp_per_floor":[70,70,70,70,70,70,70,70,70,70,70,70,70],"card_choices":[{"not_picked":["Choke","Underhanded Strike"],"picked":"Flechettes","floor":1},{"not_picked":["PiercingWail","Prepared"],"picked":"Cloak And Dagger","floor":4},{"not_picked":["Underhanded Strike","Poisoned Stab"],"picked":"PiercingWail","floor":5},{"not_picked":["Backstab","Leg Sweep"],"picked":"Storm of Steel","floor":6},{"not_picked":["Eviscerate","Deflect"],"picked":"Dodge and Roll","floor":8},{"not_picked":["Masterful Stab","Acrobatics"],"picked":"Poisoned Stab","floor":11},{"not_picked":["Deadly Poison","Prepared"],"picked":"Dagger Spray","floor":12}],"player_experience":217404,"relics_obtained":[{"floor":6,"key":"Bag of Preparation"},{"floor":8,"key":"Snake Skull"},{"floor":9,"key":"Happy Flower"}],"event_choices":[{"event_name":"Shining Light","player_choice":"Entered Light","floor":2,"damage_taken":0},{"event_name":"The Cleric","player_choice":"Card Removal","floor":3,"damage_taken":0}],"boss_relics":[],"items_purged_floors":[],"is_endless":false,"potions_floor_spawned":[1,5,6],"killed_by":"Gremlin Gang","ascension_level":2}