{"gold_per_floor":[110,35,35,53,53,53,73,73,96,126,140,140,156,56,56,56],"floor_reached":16,"playtime":696,"items_purged":["Strike_R","Strike_R"],"score":105,"play_id":"a6afefe2-ee0c-4eea-8502-537993826b50","local_time":"20180710153043","is_ascension_mode":true,"campfire_choices":[{"data":"Rampage","floor":6,"key":"SMITH"},{"data":"Bash","floor":8,"key":"SMITH"},{"data":"Dropkick","floor":12,"key":"SMITH"},{"data":"Thunderclap","floor":15,"key":"SMITH"}],"neow_cost":"","seed_source_timestamp":767241218122838,"circlet_count":0,"master_deck":["Strike_R","Strike_R","Defend_R","Defend_R","Defend_R","Defend_R","Bash+1","Rampage+1","Dropkick+1","Thunderclap+1"],"relics":["Burning Blood","Blood Vial","Singing Bowl"],"potions_floor_usage":[16,16],"damage_taken":[{"damage":2,"enemies":"2 Louse","floor":1,"turns":3},{"damage":5,"enemies":"Small Slimes","floor":4,"turns":4},{"damage":1,"enemies":"Jaw Worm","floor":7,"turns":3},{"damage":26,"enemies":"3 Sentries","floor":10,"turns":10},{"damage":13,"enemies":"Exordium Thugs","floor":11,"turns":4},{"damage":7,"enemies":"Gremlin Gang","floor":13,"turns":5},{"damage":74,"enemies":"Hexaghost","floor":16,"turns":10}],"seed_played":"-9103235064112969824","potions_obtained":[{"floor":4,"key":"Regen Potion"},{"floor":13,"key":"Fire Potion"}],"is_trial":false,"path_per_floor":["M","$","?","M","$","R","M","R","T","E","M","R","M","$","R"],"character_chosen":"IRONCLAD","items_purchased":[],"campfire_rested":0,"item_purchase_floors":[],"current_hp_per_floor":[80,80,80,80,80,80,80,80,80,60,57,57,60,60,60,0],"gold":56,"neow_bonus":"","is_prod":false,"is_daily":false,"chose_seed":false,"campfire_upgraded":4,"win_rate":0,"timestamp":1531258243,"path_taken":["M","$","?","M","?","R","?","R","T","E","?","R","M","$","R","BOSS"],"build_version":"2018-07-05","purchased_purges":2,"victory":false,"max_hp_per_floor":[80,80,80,80,80,80,80,80,80,80,82,82,84,84,84,84],"card_choices":[{"not_picked":["Clothesline","Metallicize"],"picked":"Rampage","floor":1},{"not_picked":["Battle Trance","Armaments"],"picked":"Dropkick","floor":4},{"not_picked":["Sword Boomerang","Cleave","Havoc"],"picked":"SKIP","floor":7},{"not_picked":["Infernal Blade","Dropkick"],"picked":"Thunderclap","floor":10},{"not_picked":["Dual Wield","Heavy Blade","Clothesline"],"picked":"Singing Bowl","floor":11},{"not_picked":["Clash","Second Wind","Corruption"],"picked":"Singing Bowl","floor":13}],"player_experience":183043,"relics_obtained":[{"floor":9,"key":"Blood Vial"},{"floor":10,"key":"Singing Bowl"}],"event_choices":[{"event_name":"Living Wall","player_choice":"Forget","floor":3,"damage_taken":0}],"boss_relics":[],"items_purged_floors":[2,14],"is_endless":false,"potions_floor_spawned":[4,13],"killed_by":"Hexaghost","ascension_level":1}