{"gold_per_floor":[116,131,131,31,47,47,67,80,80,96,96,6,6,20,20,115,115,130,144,144,164,164,164,64,82,82,82,45,64,64,64,64,64],"floor_reached":33,"playtime":936,"items_purged":["Defend_B","Strike_B"],"score":239,"play_id":"569f933d-f399-4c0c-84ac-70d52b5160a7","local_time":"20180730160600","is_ascension_mode":false,"campfire_choices":[{"data":"Zap","floor":6,"key":"SMITH"},{"floor":15,"key":"REST"},{"data":"Fusion","floor":23,"key":"SMITH"},{"floor":30,"key":"REST"},{"data":"Defragment","floor":32,"key":"SMITH"}],"neow_cost":"FIFTY_PERCENT_DAMAGE","seed_source_timestamp":1352007681302612,"circlet_count":0,"master_deck":["Strike_B","Defend_B","Defend_B","Zap+1","Dualcast","Ball Lightning","Sweeping Beam","Leap","Streamline","Loop","White Noise","Ball Lightning","Self Repair","Beam Cell","Cold Snap","Electrodynamics","Darkness","Turbo","Fusion+1","Defragment+1","Conserve Battery"],"relics":["Cracked Core"],"potions_floor_usage":[14,14,25,25],"damage_taken":[{"damage":0,"enemies":"2 Louse","floor":1,"turns":2},{"damage":1,"enemies":"Jaw Worm","floor":2,"turns":2},{"damage":0,"enemies":"Cultist","floor":5,"turns":2},{"damage":13,"enemies":"Gremlin Gang","floor":7,"turns":2},{"damage":10,"enemies":"Looter","floor":8,"turns":3},{"damage":0,"enemies":"Large Slime","floor":10,"turns":3},{"damage":2,"enemies":"2 Fungi Beasts","floor":14,"turns":2},{"damage":28,"enemies":"Slime Boss","floor":16,"turns":7},{"damage":15,"enemies":"Shell Parasite","floor":18,"turns":4},{"damage":5,"enemies":"Chosen","floor":19,"turns":4},{"damage":25,"enemies":"Snecko","floor":21,"turns":5},{"damage":8,"enemies":"Cultist and Chosen","floor":25,"turns":5},{"damage":32,"enemies":"Snake Plant","floor":29,"turns":5},{"damage":45,"enemies":"Champ","floor":33,"turns":7}],"seed_played":"5104050277056219804","potions_obtained":[{"floor":5,"key":"SpeedPotion"},{"floor":10,"key":"LiquidBronze"},{"floor":16,"key":"Swift Potion"},{"floor":18,"key":"PowerPotion"}],"is_trial":false,"path_per_floor":["M","M","?","$","M","R","M","M","T","M","?","$","?","M","R","B",null,"M","M","?","M","?","R","$","M","T","?","$","M","R","$","R"],"character_chosen":"DEFECT","items_purchased":["Leap","Self Repair","Beam Cell","Defragment"],"campfire_rested":2,"item_purchase_floors":[4,12,12,28],"current_hp_per_floor":[38,37,37,37,37,37,24,14,14,14,14,14,14,12,34,13,75,67,69,69,51,37,37,37,36,36,36,36,11,35,35,35,0],"gold":64,"neow_bonus":"REMOVE_TWO","is_prod":false,"is_daily":false,"chose_seed":false,"campfire_upgraded":3,"win_rate":0,"timestamp":1532988360,"path_taken":["M","M","?","$","M","R","?","M","T","?","?","$","?","M","R","BOSS","M","M","?","M","?","R","$","M","T","?","?","M","R","?","R","BOSS"],"build_version":"2018-07-26","purchased_purges":2,"victory":false,"max_hp_per_floor":[75,75,75,75,75,75,75,75,75,75,75,75,75,75,75,75,75,75,75,75,75,80,80,80,80,80,80,80,80,80,80,80,80],"card_choices":[{"not_picked":["Tempest","Sweeping Beam"],"picked":"Ball Lightning","floor":1},{"not_picked":["Stack","Reprogram"],"picked":"Sweeping Beam","floor":2},{"not_picked":["Lockon","Barrage"],"picked":"Streamline","floor":5},{"not_picked":["BootSequence","Auto Shields"],"picked":"Loop","floor":7},{"not_picked":["Leap","Barrage"],"picked":"White Noise","floor":8},{"not_picked":["White Noise","Turbo"],"picked":"Ball Lightning","floor":10},{"not_picked":["Aggregate","Coolheaded"],"picked":"Cold Snap","floor":14},{"not_picked":["All For One","Meteor Strike"],"picked":"Electrodynamics","floor":16},{"not_picked":["Tempest","Go for the Eyes"],"picked":"Darkness","floor":18},{"not_picked":["Force Field","Compile Driver+1"],"picked":"Turbo","floor":19},{"not_picked":["Rebound","Cold Snap"],"picked":"Fusion","floor":21},{"not_picked":["Skim","Rebound","Force Field"],"picked":"SKIP","floor":25},{"not_picked":["Amplify","Compile Driver+1"],"picked":"Conserve Battery","floor":29}],"player_experience":303290,"relics_obtained":[],"event_choices":[{"event_name":"Liars Game","player_choice":"disagreed","floor":3,"damage_taken":0},{"event_name":"Dead Adventurer","player_choice":"Searched \u00270\u0027 times","floor":11,"damage_taken":0},{"event_name":"Shining Light","player_choice":"Ignored","floor":13,"damage_taken":0},{"event_name":"Cursed Tome","player_choice":"Ignored","floor":20,"damage_taken":0},{"event_name":"Forgotten Altar","player_choice":"Shed Blood","floor":22,"damage_taken":0},{"event_name":"Back to Basics","player_choice":"Elegance","floor":27,"damage_taken":0}],"is_beta":false,"boss_relics":[{"not_picked":["Velvet Choker","Tiny House","Pandora\u0027s Box"]}],"items_purged_floors":[4,24],"is_endless":false,"potions_floor_spawned":[5,10,16,18,29],"killed_by":"Champ","ascension_level":0}