{"gold_per_floor":[116,116,38,38,113,143,27,27,53,63,63,81,95,105,105,203,203,222,239,31,51,65,65],"floor_reached":23,"playtime":972,"items_purged":[],"score":349,"play_id":"1079715c-5144-4e0f-a34b-485855412bbe","local_time":"20181120135359","is_ascension_mode":true,"campfire_choices":[{"data":"Crippling Poison","floor":11.0,"key":"SMITH"},{"floor":15.0,"key":"REST"}],"neow_cost":"NONE","seed_source_timestamp":784387279416829,"circlet_count":0,"master_deck":["AscendersBane","Defend_G","Defend_G","Defend_G","Defend_G","Defend_G","Strike_G","Strike_G","Strike_G","Strike_G","Survivor","Neutralize","Crippling Poison+1","Footwork","Tools of the Trade","Blur","All Out Attack","Sucker Punch","Noxious Fumes","Poisoned Stab","Glass Knife","Bullet Time","Dash","Poisoned Stab","Dodge and Roll"],"special_seed":0,"relics":["Ring of the Snake","NeowsBlessing","Pantograph","GremlinMask","Runic Dome","TwistedFunnel"],"potions_floor_usage":[23,23],"damage_taken":[{"damage":0.0,"enemies":"Small Slimes","floor":1.0,"turns":1.0},{"damage":0.0,"enemies":"3 Sentries","floor":6.0,"turns":1.0},{"damage":0.0,"enemies":"2 Louse","floor":10.0,"turns":1.0},{"damage":1.0,"enemies":"Jaw Worm","floor":12.0,"turns":4.0},{"damage":3.0,"enemies":"Large Slime","floor":13.0,"turns":9.0},{"damage":34.0,"enemies":"Exordium Thugs","floor":14.0,"turns":6.0},{"damage":20.0,"enemies":"The Guardian","floor":16.0,"turns":14.0},{"damage":10.0,"enemies":"Shell Parasite","floor":18.0,"turns":8.0},{"damage":7.0,"enemies":"Spheric Guardian","floor":19.0,"turns":6.0},{"damage":13.0,"enemies":"Centurion and Healer","floor":21.0,"turns":7.0},{"damage":25,"enemies":"Snake Plant","floor":22,"turns":5},{"damage":14,"enemies":"Gremlin Leader","floor":23,"turns":4}],"seed_played":"-2584531415605887675","potions_obtained":[{"floor":10.0,"key":"SteroidPotion"},{"floor":12.0,"key":"SteroidPotion"}],"is_trial":false,"path_per_floor":["M","?","$","?","?","E","$","?","T","M","R","M","M","M","R","B",null,"M","M","M","$","M","M","M","E"],"character_chosen":"THE_SILENT","items_purchased":["Footwork","Blur","All Out Attack","TwistedFunnel"],"campfire_rested":1,"item_purchase_floors":[3,7,7,20],"current_hp_per_floor":[63,56,56,56,45,45,45,45,45,45,45,44,41,7,28,33,61,51,44,44,31,6,0],"gold":65,"neow_bonus":"THREE_ENEMY_KILL","is_prod":false,"is_daily":false,"chose_seed":false,"campfire_upgraded":1,"win_rate":0,"timestamp":1542747239,"path_taken":["M","?","$","?","?","E","?","?","T","M","R","M","M","M","R","BOSS","M","M","$","M","M","E"],"build_version":"2018-11-15","purchased_purges":0,"victory":false,"max_hp_per_floor":[70,70,70,70,70,70,70,70,70,70,70,70,70,70,70,70,70,70,70,70,70,70,70],"card_choices":[{"not_picked":["Backflip","Catalyst"],"picked":"Crippling Poison","floor":1.0},{"not_picked":["Quick Slash","Distraction"],"picked":"Tools of the Trade","floor":6.0},{"not_picked":["Backflip","Blade Dance"],"picked":"Sucker Punch","floor":10.0},{"not_picked":["Outmaneuver","Expertise"],"picked":"Noxious Fumes","floor":12.0},{"not_picked":["Bane","Bouncing Flask"],"picked":"Poisoned Stab","floor":13.0},{"not_picked":["Concentrate","Bane"],"picked":"Glass Knife","floor":14.0},{"not_picked":["Phantasmal Killer","Doppelganger"],"picked":"Bullet Time","floor":16.0},{"not_picked":["Finisher","Noxious Fumes"],"picked":"Dash","floor":18.0},{"not_picked":["Dagger Throw","All Out Attack"],"picked":"Poisoned Stab","floor":19.0},{"not_picked":["Dagger Spray","Outmaneuver"],"picked":"Dodge and Roll","floor":21},{"not_picked":["Prepared","Finisher","Reflex"],"picked":"SKIP","floor":22}],"player_experience":636450,"relics_obtained":[{"floor":6.0,"key":"Pantograph"}],"event_choices":[{"cards_removed":["Strike_G"],"damage_healed":0.0,"max_hp_gain":0.0,"max_hp_loss":0.0,"gold_gain":0.0,"event_name":"Golden Wing","player_choice":"Card Removal","floor":2.0,"gold_loss":0.0,"damage_taken":7.0},{"damage_healed":0.0,"max_hp_gain":0.0,"max_hp_loss":0.0,"gold_gain":0.0,"event_name":"Liars Game","player_choice":"Ignored","floor":4.0,"gold_loss":0.0,"damage_taken":0.0},{"damage_healed":0.0,"max_hp_gain":0.0,"max_hp_loss":0.0,"gold_gain":75.0,"event_name":"World of Goop","player_choice":"Gather Gold","floor":5.0,"gold_loss":0.0,"damage_taken":11.0},{"damage_healed":0.0,"max_hp_gain":0.0,"max_hp_loss":0.0,"gold_gain":0.0,"event_name":"FaceTrader","player_choice":"Trade","floor":8.0,"gold_loss":0.0,"damage_taken":0.0,"relics_obtained":["GremlinMask"]}],"is_beta":false,"boss_relics":[{"not_picked":["HoveringKite","Fusion Hammer"],"picked":"Runic Dome"}],"items_purged_floors":[],"is_endless":false,"potions_floor_spawned":[10,12,13,18,22],"killed_by":"Gremlin Leader","ascension_level":12}