{"gold_per_floor":[110,120,45,45,45,45,60,75,75,86,86,97,128,139,139,139],"floor_reached":16,"playtime":1176,"items_purged":["Strike_R"],"score":114,"play_id":"037a974b-ef39-42e8-81f2-e2290944494a","local_time":"20190204133915","is_ascension_mode":true,"campfire_choices":[{"data":"Thunderclap","floor":6,"key":"SMITH"},{"floor":15,"key":"REST"}],"neow_cost":"NONE","seed_source_timestamp":11773311574805,"circlet_count":0,"master_deck":["Strike_R","Strike_R","Defend_R","Defend_R","Defend_R","Defend_R","Bash","Dual Wield","Thunderclap+1","Rage","Cleave","Armaments","Entrench","Armaments","Power Through","Metallicize"],"relics":["Burning Blood","Potion Belt","Self Forming Clay"],"potions_floor_usage":[],"damage_taken":[{"damage":13,"enemies":"Jaw Worm","floor":1,"turns":4},{"damage":7,"enemies":"2 Louse","floor":2,"turns":3},{"damage":1,"enemies":"Cultist","floor":7,"turns":3},{"damage":0,"enemies":"Exordium Wildlife","floor":8,"turns":3},{"damage":29,"enemies":"Exordium Thugs","floor":10,"turns":4},{"damage":14,"enemies":"2 Fungi Beasts","floor":12,"turns":4},{"damage":15,"enemies":"3 Sentries","floor":13,"turns":10},{"damage":7,"enemies":"Exordium Wildlife","floor":14,"turns":2},{"damage":73,"enemies":"The Guardian","floor":16,"turns":19}],"seed_played":"-5239751947286941106","potions_obtained":[{"floor":7,"key":"FearPotion"},{"floor":8,"key":"Weak Potion"},{"floor":10,"key":"EntropicBrew"},{"floor":13,"key":"Explosive Potion"},{"floor":14,"key":"Block Potion"}],"is_trial":false,"path_per_floor":["?","?","M","?"],"character_chosen":"IRONCLAD","items_purchased":[],"campfire_rested":1,"item_purchase_floors":[],"current_hp_per_floor":[81,80,80,80,80,80,85,88,88,65,65,57,48,47,73,0],"gold":139,"neow_bonus":"TEN_PERCENT_HP_BONUS","is_prod":false,"is_daily":false,"chose_seed":false,"campfire_upgraded":1,"win_rate":0,"timestamp":1549283955,"path_taken":["M","M","$","?","?","R","M","M","T","?","?","M","E","M","R","BOSS"],"build_version":"2019-01-23","purchased_purges":1,"victory":false,"max_hp_per_floor":[88,88,88,88,88,88,88,88,88,88,88,88,88,88,88,88],"card_choices":[{"not_picked":["Clothesline","Rupture"],"picked":"Dual Wield","floor":1},{"not_picked":["Rupture","Warcry"],"picked":"Thunderclap","floor":2},{"not_picked":["Clash","Dropkick"],"picked":"Rage","floor":7},{"not_picked":["Anger","Havoc"],"picked":"Cleave","floor":8},{"not_picked":["Bloodletting","Double Tap"],"picked":"Armaments","floor":10},{"not_picked":["Perfected Strike","Entrench"],"picked":"Armaments","floor":12},{"not_picked":["Carnage","Sword Boomerang"],"picked":"Power Through","floor":13},{"not_picked":["Second Wind","Anger"],"picked":"Metallicize","floor":14}],"player_experience":86737,"relics_obtained":[{"floor":9,"key":"Potion Belt"},{"floor":13,"key":"Self Forming Clay"}],"event_choices":[{"damage_healed":0,"gold_gain":0,"player_choice":"Leave","damage_taken":0,"max_hp_gain":0,"max_hp_loss":0,"event_name":"The Cleric","floor":4,"gold_loss":0},{"cards_removed":["Strike_R"],"damage_healed":0,"gold_gain":0,"player_choice":"Card Removal","damage_taken":0,"max_hp_gain":0,"max_hp_loss":0,"event_name":"Wheel of Change","floor":5,"gold_loss":0},{"damage_healed":0,"gold_gain":0,"cards_transformed":["Strike_R"],"player_choice":"Transformed","damage_taken":0,"max_hp_gain":0,"max_hp_loss":0,"event_name":"Transmorgrifier","floor":11,"gold_loss":0,"cards_obtained":["Entrench"]}],"is_beta":false,"boss_relics":[],"items_purged_floors":[3],"is_endless":false,"potions_floor_spawned":[7,8,10,13,14],"killed_by":"The Guardian","ascension_level":2}