{"gold_per_floor":[110,140,140,190,206,238,238,269,269,40,90,160,160,210,210,210],"floor_reached":16,"playtime":423,"items_purged":[],"score":197,"play_id":"3842ede1-81d8-440e-8a6c-ef34cd68e3e8","local_time":"20180825004919","is_ascension_mode":true,"campfire_choices":[{"data":"Dualcast","floor":7,"key":"SMITH"},{"data":"Glacier","floor":13,"key":"SMITH"},{"data":"Coolheaded","floor":15,"key":"SMITH"}],"neow_cost":"NONE","seed_source_timestamp":482345010608735,"circlet_count":0,"master_deck":["Strike_B","Strike_B","Strike_B","Strike_B","Defend_B","Defend_B","Defend_B","Defend_B","Zap+1","Dualcast+1","AscendersBane","Cold Snap","Meteor Strike","Capacitor","Auto Shields","Glacier+1","Coolheaded+1"],"relics":["Cracked Core","NeowsBlessing","Tiny Chest","SsserpentHead","Darkstone Periapt","Potion Belt","Bottled Tornado","Medical Kit"],"potions_floor_usage":[8,16],"damage_taken":[{"damage":0,"enemies":"Jaw Worm","floor":1,"turns":1},{"damage":0,"enemies":"Cultist","floor":5,"turns":1},{"damage":0,"enemies":"3 Sentries","floor":6,"turns":1},{"damage":50,"enemies":"Lagavulin","floor":8,"turns":9},{"damage":0,"enemies":"Small Slimes","floor":12,"turns":3},{"damage":31,"enemies":"Hexaghost","floor":16,"turns":15}],"seed_played":"6029775928951893753","potions_obtained":[{"floor":5,"key":"Regen Potion"},{"floor":12,"key":"Fire Potion"}],"is_trial":false,"path_per_floor":["M","?","?","?","M","E","R","E","T","$","?","M","R","?","R"],"character_chosen":"DEFECT","items_purchased":["Glacier","Medical Kit"],"campfire_rested":0,"item_purchase_floors":[10,10],"current_hp_per_floor":[68,61,61,61,61,61,61,26,26,26,31,31,31,31,31,0],"gold":210,"neow_bonus":"THREE_ENEMY_KILL","is_prod":false,"is_daily":false,"chose_seed":false,"campfire_upgraded":3,"win_rate":0,"timestamp":1535179759,"path_taken":["M","?","?","?","M","E","R","E","T","?","?","?","R","?","R","BOSS"],"build_version":"2018-08-23v2","purchased_purges":0,"victory":false,"max_hp_per_floor":[75,75,75,75,75,75,75,75,75,75,80,80,80,80,80,80],"card_choices":[{"not_picked":["Turbo","Beam Cell"],"picked":"Cold Snap","floor":1},{"not_picked":["Coolheaded","Consume"],"picked":"Meteor Strike","floor":5},{"not_picked":["Tempest","Redo"],"picked":"Capacitor","floor":6},{"not_picked":["Rebound","Blizzard"],"picked":"Auto Shields","floor":8},{"not_picked":["Turbo","Auto Shields"],"picked":"Coolheaded","floor":12}],"player_experience":423943,"relics_obtained":[{"floor":6,"key":"Darkstone Periapt"},{"floor":8,"key":"Potion Belt"},{"floor":9,"key":"Bottled Tornado"}],"event_choices":[{"event_name":"Scrap Ooze","player_choice":"success","floor":2,"damage_taken":7},{"event_name":"FaceTrader","player_choice":"Trade","floor":3,"damage_taken":0},{"event_name":"Living Wall","player_choice":"Grow","floor":4,"damage_taken":0},{"event_name":"Big Fish","player_choice":"Donut","floor":11,"damage_taken":0},{"event_name":"Dead Adventurer","player_choice":"Searched \u00270\u0027 times","floor":14,"damage_taken":0}],"is_beta":false,"boss_relics":[],"items_purged_floors":[],"is_endless":false,"potions_floor_spawned":[5,12],"killed_by":"Hexaghost","ascension_level":10}