{"gold_per_floor":[112,123,134,146,146,146,166,166,212,212,44,44,73,85,85,188,188,206,131,131,0,15,47,47,61,61,73,73,86,86,100,100,197,197,217,97,97,197,197,227,227,254,306,370,168,182,197,113,113,113,113,113,63,90,90],"floor_reached":55,"playtime":2348,"items_purged":["Strike_G","Strike_G","Strike_G+1","Defend_G","Defend_G"],"score":1464,"play_id":"ba96718e-3346-4386-a2c2-531fdd7fa5f9","local_time":"20181119022444","is_ascension_mode":true,"campfire_choices":[{"floor":6.0,"key":"RECALL"},{"data":"Adrenaline","floor":8.0,"key":"SMITH"},{"data":"Neutralize","floor":10.0,"key":"SMITH"},{"data":"Blade Dance","floor":12.0,"key":"SMITH"},{"data":"Accuracy","floor":15.0,"key":"SMITH"},{"floor":24.0,"key":"REST"},{"data":"After Image","floor":30.0,"key":"SMITH"},{"data":"Cloak And Dagger","floor":32.0,"key":"SMITH"},{"data":"Adrenaline","floor":41.0,"key":"SMITH"},{"data":"Infinite Blades","floor":49.0,"key":"SMITH"},{"data":"Ghostly","floor":52.0,"key":"SMITH"}],"neow_cost":"NONE","seed_source_timestamp":654045762331958,"circlet_count":0,"master_deck":["AscendersBane","Defend_G","Defend_G","Strike_G+1","Survivor","Neutralize+1","Blade Dance+1","Dodge and Roll","PiercingWail","Die Die Die","Adrenaline+1","Accuracy+1","Quick Slash","Backflip","Blade Dance","After Image+1","Accuracy","Ghostly+1","Ghostly","Ghostly","Ghostly","Ghostly","Infinite Blades+1","Cloak And Dagger+1","Cloak And Dagger+1","Blade Dance+1","Adrenaline+1","Footwork","Finisher","Blade Dance","Accuracy+1","Cloak And Dagger+1","Cloak And Dagger+1","Accuracy"],"special_seed":0,"relics":["Ring of the Snake","Bag of Marbles","Whetstone","Bottled Tornado","WristBlade","Smiling Mask","Eternal Feather","WingedGreaves","Orichalcum","Mummified Hand","Bag of Preparation","Tiny Chest","Vajra","Strawberry"],"potions_floor_usage":[55],"damage_taken":[{"damage":0.0,"enemies":"Cultist","floor":1.0,"turns":3.0},{"damage":0.0,"enemies":"Jaw Worm","floor":2.0,"turns":4.0},{"damage":5.0,"enemies":"Small Slimes","floor":3.0,"turns":4.0},{"damage":1.0,"enemies":"Red Slaver","floor":4.0,"turns":6.0},{"damage":0.0,"enemies":"3 Louse","floor":7.0,"turns":1.0},{"damage":2.0,"enemies":"3 Sentries","floor":13.0,"turns":4.0},{"damage":0.0,"enemies":"2 Fungi Beasts","floor":14.0,"turns":2.0},{"damage":39.0,"enemies":"The Guardian","floor":16.0,"turns":14.0},{"damage":5.0,"enemies":"Chosen","floor":18.0,"turns":4.0},{"damage":14.0,"enemies":"2 Thieves","floor":22.0,"turns":4.0},{"damage":19.0,"enemies":"Slavers","floor":23.0,"turns":6.0},{"damage":0.0,"enemies":"Centurion and Healer","floor":25.0,"turns":6.0},{"damage":0.0,"enemies":"Chosen and Byrds","floor":27.0,"turns":7.0},{"damage":9.0,"enemies":"Snake Plant","floor":29.0,"turns":6.0},{"damage":0.0,"enemies":"Snecko","floor":31.0,"turns":3.0},{"damage":16.0,"enemies":"Collector","floor":33.0,"turns":9.0},{"damage":4.0,"enemies":"3 Shapes","floor":35.0,"turns":3.0},{"damage":0.0,"enemies":"Mind Bloom Boss Battle","floor":38.0,"turns":6.0},{"damage":0.0,"enemies":"Reptomancer","floor":40.0,"turns":6.0},{"damage":6.0,"enemies":"Nemesis","floor":42.0,"turns":5.0},{"damage":0.0,"enemies":"Reptomancer","floor":44.0,"turns":6.0},{"damage":0.0,"enemies":"3 Darklings","floor":46.0,"turns":1.0},{"damage":0.0,"enemies":"Jaw Worm Horde","floor":47.0,"turns":1.0},{"damage":0.0,"enemies":"Awakened One","floor":50.0,"turns":7.0},{"damage":0.0,"enemies":"Shield and Spear","floor":54.0,"turns":4.0},{"damage":84,"enemies":"The Heart","floor":55,"turns":3}],"seed_played":"4973474566893777987","potions_obtained":[{"floor":3.0,"key":"SpeedPotion"},{"floor":4.0,"key":"SteroidPotion"},{"floor":7.0,"key":"Fruit Juice"},{"floor":25.0,"key":"GamblersBrew"},{"floor":27.0,"key":"SteroidPotion"},{"floor":33.0,"key":"Swift Potion"},{"floor":40.0,"key":"Regen Potion"},{"floor":47.0,"key":"SteroidPotion"}],"is_trial":false,"path_per_floor":["M","M","M","M","?","R","M","R","T","R","$","R","E","M","R","B",null,"M","?","?","$","M","E","R","M","T","M","?","M","R","M","R","B",null,"M","$","?","?","?","E","R","E","T","E","$","M","M","$","R","B",null,"R","$","E","B"],"character_chosen":"THE_SILENT","items_purchased":["Accuracy","Quick Slash","Infinite Blades","Cloak And Dagger","Finisher","Vajra","Accuracy"],"campfire_rested":1,"item_purchase_floors":[11,11,21,21,36,45,48],"current_hp_per_floor":[63,63,58,57,57,57,62,62,62,62,62,62,60,60,60,21,62,57,57,37,37,23,4,15,15,15,15,37,28,28,28,28,12,31,27,27,27,27,27,27,37,31,31,31,31,31,31,31,37,37,37,37,37,44,0],"gold":90,"neow_bonus":"RANDOM_COMMON_RELIC","is_prod":false,"is_daily":false,"chose_seed":false,"campfire_upgraded":9,"win_rate":0,"timestamp":1542619484,"path_taken":["M","?","M","M","?","R","?","R","T","R","?","R","E","M","R","BOSS","M","?","?","$","M","E","R","M","T","M","?","M","R","M","R","BOSS","M","$","?","?","?","E","R","E","T","E","?","?","M","$","R","BOSS","R","$","E","BOSS"],"build_version":"2018-11-15","purchased_purges":5,"victory":false,"max_hp_per_floor":[70,70,70,70,70,70,75,75,75,75,75,75,75,75,75,75,75,75,75,37,37,37,37,37,37,37,37,37,37,37,37,37,37,37,37,37,37,37,37,37,37,37,37,37,37,37,37,37,37,37,37,37,37,44,44],"card_choices":[{"not_picked":["Prepared","Catalyst","Underhanded Strike"],"picked":"SKIP","floor":1.0},{"not_picked":["Underhanded Strike","Poisoned Stab"],"picked":"Blade Dance","floor":2.0},{"not_picked":["Outmaneuver","Deflect"],"picked":"Dodge and Roll","floor":3.0},{"not_picked":["Deflect","Slice"],"picked":"PiercingWail","floor":4.0},{"not_picked":["Sucker Punch","Cloak And Dagger"],"picked":"Adrenaline","floor":7.0},{"not_picked":["Dagger Throw","Riddle With Holes"],"picked":"Backflip","floor":13.0},{"not_picked":["Blur","Dash"],"picked":"Blade Dance","floor":14.0},{"not_picked":["Storm of Steel","Glass Knife"],"picked":"After Image","floor":16.0},{"not_picked":["Deadly Poison","Prepared+1"],"picked":"Accuracy","floor":18.0},{"not_picked":["Underhanded Strike","Dagger Spray+1"],"picked":"Backstab","floor":22.0},{"not_picked":["Flechettes","PiercingWail+1"],"picked":"Cloak And Dagger+1","floor":23.0},{"not_picked":["Dagger Throw","Underhanded Strike","Slice"],"picked":"SKIP","floor":25.0},{"not_picked":["Slice","Deadly Poison","Bane"],"picked":"SKIP","floor":27.0},{"not_picked":["Acrobatics+1","PiercingWail+1"],"picked":"Blade Dance+1","floor":29.0},{"not_picked":["Poisoned Stab","PiercingWail+1","Prepared+1"],"picked":"SKIP","floor":31.0},{"not_picked":["Tools of the Trade","Bullet Time"],"picked":"Adrenaline","floor":33.0},{"not_picked":["Well Laid Plans+1","Noxious Fumes+1"],"picked":"Footwork","floor":35.0},{"not_picked":["Concentrate+1","Tactician"],"picked":"Blade Dance","floor":38.0},{"not_picked":["Outmaneuver+1","Skewer+1"],"picked":"Accuracy+1","floor":40.0},{"not_picked":["Backflip","Glass Knife","Underhanded Strike"],"picked":"SKIP","floor":42.0},{"not_picked":["Dodge and Roll","Well Laid Plans"],"picked":"Cloak And Dagger+1","floor":44.0},{"not_picked":["PiercingWail+1","Masterful Stab+1","Noxious Fumes+1"],"picked":"SKIP","floor":46.0},{"not_picked":["Quick Slash","Choke"],"picked":"Cloak And Dagger+1","floor":47.0},{"not_picked":["Dodge and Roll+1","Dagger Throw+1","Masterful Stab+1"],"picked":"SKIP","floor":54.0}],"player_experience":628213,"relics_obtained":[{"floor":9.0,"key":"Whetstone"},{"floor":13.0,"key":"Bottled Tornado"},{"floor":23.0,"key":"Smiling Mask"},{"floor":38.0,"key":"WingedGreaves"},{"floor":40.0,"key":"Orichalcum"},{"floor":42.0,"key":"Mummified Hand"},{"floor":43.0,"key":"Bag of Preparation"},{"floor":44.0,"key":"Tiny Chest"},{"floor":54.0,"key":"Strawberry"}],"event_choices":[{"damage_healed":0.0,"max_hp_gain":0.0,"max_hp_loss":0.0,"gold_gain":0.0,"cards_transformed":["Defend_G"],"event_name":"Transmorgrifier","player_choice":"Transformed","floor":5.0,"gold_loss":0.0,"damage_taken":0.0,"cards_obtained":["Die Die Die"]},{"cards_removed":["Strike_G"],"damage_healed":0.0,"max_hp_gain":0.0,"max_hp_loss":0.0,"gold_gain":0.0,"event_name":"Beggar","player_choice":"Gave Gold","floor":19.0,"gold_loss":75.0,"damage_taken":0.0},{"damage_healed":0.0,"max_hp_gain":0.0,"max_hp_loss":38.0,"gold_gain":0.0,"event_name":"Ghosts","player_choice":"Became a Ghost","floor":20.0,"gold_loss":0.0,"damage_taken":0.0,"cards_obtained":["Ghostly","Ghostly","Ghostly","Ghostly","Ghostly"]},{"cards_removed":["Backstab"],"damage_healed":22.0,"max_hp_gain":0.0,"max_hp_loss":0.0,"gold_gain":0.0,"event_name":"Bonfire Elementals","player_choice":"Offered Uncommon","floor":28.0,"gold_loss":0.0,"damage_taken":0.0},{"damage_healed":0.0,"max_hp_gain":0.0,"max_hp_loss":0.0,"gold_gain":0.0,"event_name":"Mysterious Sphere","player_choice":"Ignored","floor":37.0,"gold_loss":0.0,"damage_taken":0.0},{"damage_healed":0.0,"max_hp_gain":0.0,"max_hp_loss":0.0,"gold_gain":0.0,"event_name":"MindBloom","player_choice":"Fight","floor":38.0,"gold_loss":0.0,"damage_taken":0.0},{"damage_healed":0.0,"max_hp_gain":0.0,"max_hp_loss":0.0,"gold_gain":0.0,"event_name":"Tomb of Lord Red Mask","player_choice":"Ignored","floor":39.0,"gold_loss":0.0,"damage_taken":0.0}],"is_beta":false,"boss_relics":[{"not_picked":["Runic Dome","Black Star"],"picked":"WristBlade"},{"not_picked":["Orrery","Empty Cage"],"picked":"Eternal Feather"}],"items_purged_floors":[11,36,45,48,53],"is_endless":false,"potions_floor_spawned":[3,4,7,25,27,33,40,47],"killed_by":"The Heart","ascension_level":11}