{"gold_per_floor":[117,192,367,101,117,142,142,156,156,175,200,1,1],"floor_reached":13,"playtime":320,"items_purged":["Doubt"],"score":201,"play_id":"11704fe1-e5d0-4497-a2f5-c0376479abe6","local_time":"20190319135302","is_ascension_mode":true,"campfire_choices":[{"data":"Whirlwind","floor":7,"key":"SMITH"}],"neow_cost":"NONE","seed_source_timestamp":355151781889877,"circlet_count":0,"master_deck":["AscendersBane","Strike_R","Strike_R","Strike_R","Strike_R","Strike_R","Defend_R","Defend_R","Defend_R","Defend_R","Bash","Whirlwind+1","Shrug It Off","Headbutt","Inflame","Reaper"],"relics":["Burning Blood","NeowsBlessing","Medical Kit","Champion Belt","Bird Faced Urn","Dream Catcher","Brimstone"],"potions_floor_usage":[],"damage_taken":[{"damage":0,"enemies":"2 Louse","floor":1,"turns":1},{"damage":0,"enemies":"Small Slimes","floor":5,"turns":1},{"damage":0,"enemies":"3 Sentries","floor":6,"turns":1},{"damage":9,"enemies":"Jaw Worm","floor":8,"turns":4},{"damage":14,"enemies":"Blue Slaver","floor":10,"turns":3},{"damage":50,"enemies":"Lagavulin","floor":11,"turns":7},{"damage":36,"enemies":"Gremlin Gang","floor":13,"turns":3}],"seed_played":"5409898599941894511","potions_obtained":[{"floor":1,"key":"Weak Potion"},{"floor":6,"key":"FearPotion"}],"is_trial":false,"path_per_floor":["M","?","?","$","M","E","R","M","T","M","E","$","M"],"character_chosen":"IRONCLAD","items_purchased":["Medical Kit","Brimstone"],"campfire_rested":0,"item_purchase_floors":[4,12],"current_hp_per_floor":[74,63,63,63,69,75,75,72,72,64,22,22,3],"gold":1,"neow_bonus":"THREE_ENEMY_KILL","is_prod":false,"is_daily":false,"chose_seed":false,"campfire_upgraded":1,"win_rate":0,"timestamp":1552971182,"path_taken":["M","?","?","?","?","E","R","M","T","M","E","$","M"],"build_version":"2019-01-23","purchased_purges":1,"victory":false,"max_hp_per_floor":[75,75,75,75,75,75,75,75,75,75,75,75,75],"card_choices":[{"not_picked":["Clothesline","Armaments"],"picked":"Whirlwind","floor":1},{"not_picked":["Anger","Clothesline"],"picked":"Shrug It Off","floor":5},{"not_picked":["Warcry","Havoc","Pommel Strike"],"picked":"SKIP","floor":6},{"not_picked":["Pommel Strike","Metallicize"],"picked":"Headbutt","floor":8},{"not_picked":["Combust","Anger"],"picked":"Inflame","floor":10},{"not_picked":["Pummel","Pommel Strike"],"picked":"Reaper","floor":11}],"player_experience":429698,"relics_obtained":[{"floor":6,"key":"Champion Belt"},{"floor":9,"key":"Bird Faced Urn"},{"floor":11,"key":"Dream Catcher"}],"event_choices":[{"damage_healed":0,"gold_gain":75,"player_choice":"Gather Gold","damage_taken":11,"max_hp_gain":0,"max_hp_loss":0,"event_name":"World of Goop","floor":2,"gold_loss":0},{"damage_healed":0,"gold_gain":175,"player_choice":"AGREE","damage_taken":0,"max_hp_gain":0,"max_hp_loss":0,"event_name":"Liars Game","floor":3,"gold_loss":0,"cards_obtained":["Doubt"]}],"is_beta":false,"boss_relics":[],"items_purged_floors":[4],"is_endless":false,"potions_floor_spawned":[1,6],"killed_by":"Gremlin Gang","ascension_level":14}