{"gold_per_floor":[119,35,53,53,53,53,91,91,144,164,184,184,232,256,256,375,375,398,323,316,330,330],"floor_reached":22,"playtime":2083,"items_purged":["Strike_G"],"score":186,"play_id":"f9f59122-8427-4a1e-b4fb-f6d6046336ff","local_time":"20190215013225","is_ascension_mode":false,"campfire_choices":[{"data":"Deadly Poison","floor":6.0,"key":"SMITH"},{"floor":12.0,"key":"REST"},{"data":"Deadly Poison","floor":15.0,"key":"SMITH"}],"neow_cost":"NONE","seed_source_timestamp":0,"circlet_count":0,"master_deck":["Defend_G","Defend_G","Defend_G","Defend_G","Defend_G","Strike_G","Strike_G","Strike_G","Strike_G","Survivor","Neutralize","Deadly Poison+1","Well Laid Plans","Deadly Poison+1","Deadly Poison"],"special_seed":0,"relics":["Ring of the Snake","Golden Idol","Pen Nib","Regal Pillow","Bronze Scales","Runic Pyramid"],"potions_floor_usage":[],"damage_taken":[{"damage":5.0,"enemies":"Jaw Worm","floor":1.0,"turns":4.0},{"damage":1.0,"enemies":"2 Louse","floor":3.0,"turns":4.0},{"damage":26.0,"enemies":"Lagavulin","floor":7.0,"turns":6.0},{"damage":0.0,"enemies":"Small Slimes","floor":10.0,"turns":3.0},{"damage":6.0,"enemies":"Exordium Wildlife","floor":11.0,"turns":4.0},{"damage":1.0,"enemies":"3 Louse","floor":14.0,"turns":3.0},{"damage":59.0,"enemies":"Slime Boss","floor":16.0,"turns":14.0},{"damage":19,"enemies":"Spheric Guardian","floor":18,"turns":6},{"damage":13,"enemies":"2 Thieves","floor":20,"turns":4},{"damage":27,"enemies":"Snake Plant","floor":21,"turns":4},{"damage":38,"enemies":"Colosseum Slavers","floor":22,"turns":4}],"seed_played":"1654714807281928759","potions_obtained":[{"floor":3.0,"key":"Swift Potion"},{"floor":14.0,"key":"Poison Potion"},{"floor":18,"key":"Swift Potion"}],"is_trial":false,"path_per_floor":["M","$","M","?","?","R","E","?","T","M","M","R","T","M","R","B",null,"M","$","M","M","?"],"character_chosen":"THE_SILENT","items_purchased":["Deadly Poison","Well Laid Plans"],"campfire_rested":1,"item_purchase_floors":[2,2],"current_hp_per_floor":[72,72,71,52,57,57,31,31,31,31,25,64,64,63,63,4,82,63,63,50,23,0],"gold":330,"neow_bonus":"TEN_PERCENT_HP_BONUS","is_prod":false,"is_daily":false,"chose_seed":false,"campfire_upgraded":2,"win_rate":0.0,"timestamp":1550223145,"path_taken":["M","$","M","?","?","R","E","?","T","?","M","R","?","M","R","BOSS","M","$","M","M","?"],"build_version":"2019-01-23","purchased_purges":1,"victory":false,"max_hp_per_floor":[77,77,77,77,82,82,82,82,82,82,82,82,82,82,82,82,82,82,82,82,82,82],"card_choices":[{"not_picked":["Underhanded Strike","Endless Agony","Calculated Gamble"],"picked":"SKIP","floor":1.0},{"not_picked":["Acrobatics","Dagger Throw","Cloak And Dagger"],"picked":"SKIP","floor":3.0},{"not_picked":["Adrenaline","Leg Sweep","Poisoned Stab"],"picked":"SKIP","floor":7.0},{"not_picked":["Dodge and Roll","Backflip"],"picked":"Deadly Poison","floor":10.0},{"not_picked":["Bane","Infinite Blades","Finisher"],"picked":"SKIP","floor":11.0},{"not_picked":["Choke","Dagger Spray","Sucker Punch"],"picked":"SKIP","floor":14.0},{"not_picked":["Poisoned Stab","Endless Agony"],"picked":"Deadly Poison","floor":18},{"not_picked":["Backflip+1","Acrobatics","Deflect+1"],"picked":"SKIP","floor":20},{"not_picked":["All Out Attack+1","Acrobatics","Backflip"],"picked":"SKIP","floor":21}],"player_experience":39401,"relics_obtained":[{"floor":7.0,"key":"Pen Nib"},{"floor":9.0,"key":"Regal Pillow"},{"floor":13.0,"key":"Bronze Scales"}],"event_choices":[{"damage_healed":0.0,"max_hp_gain":0.0,"max_hp_loss":0.0,"gold_gain":0.0,"event_name":"Golden Idol","player_choice":"Take Damage","floor":4.0,"gold_loss":0.0,"damage_taken":19.0,"relics_obtained":["Golden Idol"]},{"damage_healed":0.0,"max_hp_gain":5.0,"max_hp_loss":0.0,"gold_gain":0.0,"event_name":"Big Fish","player_choice":"Donut","floor":5.0,"gold_loss":0.0,"damage_taken":0.0},{"damage_healed":0.0,"max_hp_gain":0.0,"max_hp_loss":0.0,"gold_gain":0.0,"event_name":"Scrap Ooze","player_choice":"Fled","floor":8.0,"gold_loss":0.0,"damage_taken":0.0},{"damage_healed":0,"gold_gain":0,"player_choice":"Fight","damage_taken":0,"max_hp_gain":0,"max_hp_loss":0,"event_name":"Colosseum","floor":22,"gold_loss":0}],"is_beta":false,"boss_relics":[{"not_picked":["Philosopher\u0027s Stone","Eternal Feather"],"picked":"Runic Pyramid"}],"items_purged_floors":[19],"is_endless":false,"potions_floor_spawned":[3,14,18],"killed_by":"Colosseum Slavers","ascension_level":0}