{"gold_per_floor":[110,121,121,140,153,153,185,199,199,214,214,6,6,6,6,83,83,94,29,40,40,40,40],"floor_reached":23,"playtime":1407,"items_purged":[],"score":315,"play_id":"9ade0087-6aff-486a-a60a-36843d76be90","local_time":"20190212141028","is_ascension_mode":true,"campfire_choices":[{"data":"Predator","floor":6.0,"key":"SMITH"},{"floor":11.0,"key":"REST"},{"floor":15.0,"key":"REST"}],"neow_cost":"NONE","seed_source_timestamp":825456147400795,"circlet_count":0,"master_deck":["AscendersBane","Defend_G","Defend_G","Defend_G","Defend_G","Defend_G","Strike_G+1","Strike_G","Strike_G+1","Strike_G","Survivor","Neutralize","PiercingWail","Dagger Spray","Predator+1","Dagger Throw","Leg Sweep","Backflip","Cloak And Dagger","Wraith Form v2","Endless Agony+1","Dash+1"],"special_seed":0,"relics":["Ring of the Snake","Lantern","Bag of Marbles","The Courier","Molten Egg 2","Fusion Hammer"],"potions_floor_usage":[23],"damage_taken":[{"damage":0.0,"enemies":"Small Slimes","floor":1.0,"turns":3.0},{"damage":0.0,"enemies":"Cultist","floor":2.0,"turns":4.0},{"damage":6.0,"enemies":"Jaw Worm","floor":4.0,"turns":4.0},{"damage":0.0,"enemies":"Blue Slaver","floor":5.0,"turns":5.0},{"damage":32.0,"enemies":"3 Sentries","floor":7.0,"turns":8.0},{"damage":5.0,"enemies":"2 Fungi Beasts","floor":8.0,"turns":3.0},{"damage":0.0,"enemies":"Looter","floor":10.0,"turns":2.0},{"damage":25.0,"enemies":"The Guardian","floor":16.0,"turns":17.0},{"damage":0.0,"enemies":"Chosen","floor":18.0,"turns":4.0},{"damage":0,"enemies":"3 Byrds","floor":20,"turns":5},{"damage":81,"enemies":"Gremlin Leader","floor":23,"turns":16}],"seed_played":"-1415429735901797275","potions_obtained":[{"floor":2.0,"key":"LiquidBronze"},{"floor":4.0,"key":"EssenceOfSteel"},{"floor":10.0,"key":"EssenceOfSteel"},{"floor":20,"key":"SteroidPotion"}],"is_trial":false,"path_per_floor":["M","M","?","M","M","R","E","M","T","M","R","$","?","$","R","B",null,"M","$","M","$","?","E"],"character_chosen":"THE_SILENT","items_purchased":["Molten Egg 2","Dash+1"],"campfire_rested":2,"item_purchase_floors":[12,19],"current_hp_per_floor":[63,63,49,43,43,43,11,6,6,6,27,27,27,27,48,23,58,58,58,58,58,70,0],"gold":40,"neow_bonus":"RANDOM_COMMON_RELIC","is_prod":false,"is_daily":false,"chose_seed":false,"campfire_upgraded":1,"win_rate":0,"timestamp":1550005828,"path_taken":["M","M","?","M","M","R","E","M","T","M","R","$","?","?","R","BOSS","M","$","M","?","?","E"],"build_version":"2019-01-23","purchased_purges":0,"victory":false,"max_hp_per_floor":[70,70,70,70,70,70,70,70,70,70,70,70,70,70,70,70,70,70,70,70,70,70,70],"card_choices":[{"not_picked":["Dodge and Roll","Flechettes"],"picked":"PiercingWail","floor":1.0},{"not_picked":["Bane","Choke"],"picked":"Dagger Spray","floor":2.0},{"not_picked":["Tactician","Dagger Spray"],"picked":"Predator","floor":4.0},{"not_picked":["Eviscerate","Outmaneuver"],"picked":"Dagger Throw","floor":5.0},{"not_picked":["Storm of Steel","PiercingWail"],"picked":"Leg Sweep","floor":7.0},{"not_picked":["Dodge and Roll","Eviscerate"],"picked":"Backflip","floor":8.0},{"not_picked":["Skewer","Sucker Punch"],"picked":"Cloak And Dagger","floor":10.0},{"not_picked":["Phantasmal Killer","Storm of Steel"],"picked":"Wraith Form v2","floor":16.0},{"not_picked":["Infinite Blades","Heel Hook+1"],"picked":"Endless Agony+1","floor":18},{"not_picked":["Outmaneuver","Bane+1","Setup"],"picked":"SKIP","floor":20}],"player_experience":709522,"relics_obtained":[{"floor":7.0,"key":"Bag of Marbles"},{"floor":9.0,"key":"The Courier"}],"event_choices":[{"damage_healed":0.0,"max_hp_gain":0.0,"max_hp_loss":0.0,"gold_gain":0.0,"event_name":"Shining Light","player_choice":"Entered Light","floor":3.0,"gold_loss":0.0,"damage_taken":14.0,"cards_upgraded":["Strike_G","Strike_G"]},{"cards_removed":["Strike_G"],"damage_healed":0.0,"max_hp_gain":0.0,"max_hp_loss":0.0,"gold_gain":0.0,"event_name":"Purifier","player_choice":"Purged","floor":13.0,"gold_loss":0.0,"damage_taken":0.0},{"damage_healed":23,"gold_gain":0,"player_choice":"Heal","damage_taken":0,"max_hp_gain":0,"max_hp_loss":0,"event_name":"The Library","floor":22,"gold_loss":0}],"is_beta":false,"boss_relics":[{"not_picked":["Ring of the Serpent","Busted Crown"],"picked":"Fusion Hammer"}],"items_purged_floors":[],"is_endless":false,"potions_floor_spawned":[2,4,8,10,20],"killed_by":"Gremlin Leader","ascension_level":13}