{"gold_per_floor":[117,137,137,87,102,130,130,162,162,162,180,180,208,220,220,315,315,326,326,338,362,362,362],"floor_reached":23,"playtime":1075,"items_purged":[],"score":251,"play_id":"8ca79c88-8ee4-4f1b-bdbc-e23a93f0ead2","local_time":"20190315192240","is_ascension_mode":true,"campfire_choices":[{"floor":7,"key":"REST"},{"floor":10,"key":"REST"},{"data":"Riddle With Holes","floor":12,"key":"SMITH"},{"floor":15,"key":"REST"}],"neow_cost":"NONE","seed_source_timestamp":67667953631152,"circlet_count":0,"master_deck":["Defend_G","Defend_G","Defend_G","Defend_G","Strike_G","Survivor","Neutralize","Night Terror+1","Poisoned Stab+1","Deflect+1","Riddle With Holes+1","Dagger Throw","Catalyst","Deflect","Catalyst","Footwork","Die Die Die","Masterful Stab+1","Pain","Catalyst+1"],"relics":["Astrolabe","Regal Pillow","Ginger","Singing Bowl","Bag of Preparation","WristBlade","WarpedTongs","Potion Belt","MutagenicStrength"],"potions_floor_usage":[20,23,23],"damage_taken":[{"damage":0,"enemies":"Cultist","floor":1,"turns":3},{"damage":0,"enemies":"2 Louse","floor":2,"turns":3},{"damage":0,"enemies":"Jaw Worm","floor":5,"turns":3},{"damage":35,"enemies":"3 Sentries","floor":6,"turns":11},{"damage":30,"enemies":"Gremlin Nob","floor":8,"turns":5},{"damage":8,"enemies":"2 Fungi Beasts","floor":11,"turns":5},{"damage":18,"enemies":"Lagavulin","floor":13,"turns":9},{"damage":0,"enemies":"Exordium Thugs","floor":14,"turns":5},{"damage":3,"enemies":"The Guardian","floor":16,"turns":12},{"damage":23,"enemies":"3 Byrds","floor":18,"turns":7},{"damage":11,"enemies":"2 Thieves","floor":20,"turns":5},{"damage":40,"enemies":"Slavers","floor":23,"turns":6}],"seed_played":"-3803150697560264967","potions_obtained":[{"floor":1,"key":"Strength Potion"},{"floor":2,"key":"Fire Potion"},{"floor":5,"key":"Swift Potion"},{"floor":11,"key":"Weak Potion"}],"is_trial":false,"path_per_floor":["M","?","?","?","M","T","?"],"character_chosen":"THE_SILENT","items_purchased":[],"campfire_rested":3,"item_purchase_floors":[],"current_hp_per_floor":[70,70,63,63,63,28,64,34,34,70,62,62,46,48,74,71,74,51,51,40,40,40,0],"gold":362,"neow_bonus":"BOSS_RELIC","is_prod":false,"is_daily":false,"chose_seed":false,"campfire_upgraded":1,"win_rate":0,"timestamp":1552674160,"path_taken":["M","?","?","?","M","E","R","E","T","R","M","R","E","M","R","BOSS","M","?","?","?","?","E"],"build_version":"2019-01-23","purchased_purges":0,"victory":false,"max_hp_per_floor":[70,70,70,70,70,70,70,70,70,70,70,70,72,74,74,74,74,74,74,74,74,74,74],"card_choices":[{"not_picked":["Acrobatics","Eviscerate"],"picked":"Riddle With Holes","floor":1},{"not_picked":["Slice","Outmaneuver"],"picked":"Dagger Throw","floor":2},{"not_picked":["Deflect","PiercingWail"],"picked":"Catalyst","floor":5},{"not_picked":["Underhanded Strike","Grand Finale"],"picked":"Deflect","floor":6},{"not_picked":["Concentrate","Tactician"],"picked":"Catalyst","floor":8},{"not_picked":["Acrobatics","Quick Slash"],"picked":"Footwork","floor":11},{"not_picked":["Escape Plan","Dagger Spray","Tools of the Trade"],"picked":"Singing Bowl","floor":13},{"not_picked":["Dagger Throw","Expertise","Dodge and Roll"],"picked":"Singing Bowl","floor":14},{"not_picked":["Adrenaline","Phantasmal Killer"],"picked":"Die Die Die","floor":16},{"not_picked":["Deflect+1","Slice"],"picked":"Masterful Stab+1","floor":18},{"not_picked":["Underhanded Strike","Terror+1"],"picked":"Catalyst+1","floor":20}],"player_experience":322590,"relics_obtained":[{"floor":6,"key":"Regal Pillow"},{"floor":8,"key":"Ginger"},{"floor":9,"key":"Singing Bowl"},{"floor":13,"key":"Bag of Preparation"},{"floor":21,"key":"Potion Belt"}],"event_choices":[{"cards_removed":["Strike_G"],"damage_healed":0,"gold_gain":0,"player_choice":"Card Removal","damage_taken":7,"max_hp_gain":0,"max_hp_loss":0,"event_name":"Golden Wing","floor":3,"gold_loss":0},{"cards_removed":["Strike_G"],"damage_healed":0,"gold_gain":0,"player_choice":"Card Removal","damage_taken":0,"max_hp_gain":0,"max_hp_loss":0,"event_name":"The Cleric","floor":4,"gold_loss":50},{"damage_healed":0,"gold_gain":0,"player_choice":"Rummage","damage_taken":0,"relics_obtained":["WarpedTongs"],"max_hp_gain":0,"max_hp_loss":0,"event_name":"Accursed Blacksmith","floor":19,"gold_loss":0,"cards_obtained":["Pain"]},{"damage_healed":0,"gold_gain":0,"player_choice":"Inject Mutagens","damage_taken":0,"relics_obtained":["MutagenicStrength"],"max_hp_gain":0,"max_hp_loss":0,"event_name":"Drug Dealer","floor":22,"gold_loss":0}],"is_beta":false,"boss_relics":[{"not_picked":["Cursed Key","Empty Cage"],"picked":"WristBlade"}],"items_purged_floors":[],"is_endless":false,"potions_floor_spawned":[1,2,5,11,14],"killed_by":"Slavers","ascension_level":4}