{"gold_per_floor":[414,414,33,45,9,44,63,81,81,81,96,127,142,142,142,243,243,257,274,274,286,303,303],"floor_reached":23,"playtime":2280,"items_purged":[],"score":205,"play_id":"e3dd5be0-5936-4c1c-8d18-4724716b9886","local_time":"20180627023928","is_ascension_mode":false,"campfire_choices":[{"floor":10,"key":"REST"},{"floor":15,"key":"REST"}],"neow_cost":"TEN_PERCENT_HP_LOSS","seed_source_timestamp":34644461860310,"circlet_count":0,"master_deck":["Defend_G","Defend_G","Defend_G","Defend_G","Defend_G","Strike_G","Strike_G","Strike_G","Strike_G","Strike_G","Survivor","Neutralize","Deadly Poison","Acrobatics","Slice","Quick Slash","Dagger Throw","Leg Sweep","Backstab","Outmaneuver","Underhanded Strike","Backflip","Eviscerate","Poisoned Stab","Adrenaline","Flying Knee","Dash+1","Poisoned Stab","After Image"],"relics":["Ring of the Snake","Old Coin","Mummified Hand","Shuriken","Calipers","Ginger","Black Star"],"potions_floor_usage":[12,16,21,21,21],"damage_taken":[{"damage":2,"enemies":"Small Slimes","floor":1,"turns":4},{"damage":0,"enemies":"2 Louse","floor":4,"turns":2},{"damage":29,"enemies":"Gremlin Nob","floor":6,"turns":6},{"damage":0,"enemies":"Jaw Worm","floor":7,"turns":2},{"damage":0,"enemies":"Looter","floor":8,"turns":2},{"damage":6,"enemies":"3 Louse","floor":11,"turns":3},{"damage":17,"enemies":"3 Sentries","floor":12,"turns":9},{"damage":0,"enemies":"Red Slaver","floor":13,"turns":3},{"damage":42,"enemies":"The Guardian","floor":16,"turns":13},{"damage":5,"enemies":"Spheric Guardian","floor":18,"turns":4},{"damage":20,"enemies":"3 Byrds","floor":19,"turns":7},{"damage":13,"enemies":"3 Cultists","floor":21,"turns":6},{"damage":8,"enemies":"Centurion and Healer","floor":22,"turns":6},{"damage":20,"enemies":"Book of Stabbing","floor":23,"turns":3}],"seed_played":"-7327983256887985722","potions_obtained":[{"floor":1,"key":"Block Potion"},{"floor":6,"key":"Energy Potion"},{"floor":11,"key":"Weak Potion"},{"floor":12,"key":"Regen Potion"},{"floor":18,"key":"Explosive Potion"}],"is_trial":false,"path_per_floor":["M","?","$","M","$","E","M","M","T","R","M","E","M","?","R","B",null,"M","M","?","M","M"],"character_chosen":"THE_SILENT","items_purchased":["Acrobatics","Mummified Hand","Slice","Quick Slash","Leg Sweep"],"campfire_rested":2,"item_purchase_floors":[3,3,3,3,5],"current_hp_per_floor":[61,61,61,61,61,32,32,32,32,50,44,27,27,27,45,18,63,58,38,38,25,17,0],"gold":303,"neow_bonus":"ONE_RARE_RELIC","is_prod":false,"is_daily":false,"chose_seed":false,"campfire_upgraded":0,"win_rate":0.0,"timestamp":1530088768,"path_taken":["M","?","$","M","$","E","M","M","T","R","M","E","M","?","R","BOSS","M","M","?","M","M","E"],"build_version":"2018-06-21v2","purchased_purges":0,"victory":false,"max_hp_per_floor":[63,63,63,63,63,63,63,63,63,63,63,63,63,63,63,63,63,63,63,63,63,63,63],"card_choices":[{"not_picked":["Bouncing Flask","Dagger Spray"],"picked":"Deadly Poison","floor":1},{"not_picked":["Riddle With Holes","Well Laid Plans"],"picked":"Dagger Throw","floor":4},{"not_picked":["All Out Attack","Outmaneuver"],"picked":"Backstab","floor":6},{"not_picked":["Expertise","Backflip"],"picked":"Outmaneuver","floor":7},{"not_picked":["Sucker Punch","Deadly Poison"],"picked":"Underhanded Strike","floor":8},{"not_picked":["Outmaneuver","Dagger Throw"],"picked":"Backflip","floor":11},{"not_picked":["Calculated Gamble","Underhanded Strike"],"picked":"Eviscerate","floor":12},{"not_picked":["Heel Hook","Prepared"],"picked":"Poisoned Stab","floor":13},{"not_picked":["Venomology","Wraith Form v2"],"picked":"Adrenaline","floor":16},{"not_picked":["Slice","Underhanded Strike"],"picked":"Flying Knee","floor":18},{"not_picked":["Terror","Riddle With Holes"],"picked":"Dash+1","floor":19},{"not_picked":["Underhanded Strike+1","All Out Attack"],"picked":"Poisoned Stab","floor":21},{"not_picked":["Riddle With Holes","Choke"],"picked":"After Image","floor":22}],"player_experience":9427,"relics_obtained":[{"floor":6,"key":"Shuriken"},{"floor":9,"key":"Calipers"},{"floor":12,"key":"Ginger"}],"event_choices":[{"event_name":"Golden Wing","player_choice":"Ignored","floor":2,"damage_taken":0},{"event_name":"The Lab","player_choice":"Got Potions","floor":14,"damage_taken":0},{"event_name":"Vampires","player_choice":"Ignored","floor":20,"damage_taken":0}],"boss_relics":[{"not_picked":["Orrery","Velvet Choker"],"picked":"Black Star"}],"items_purged_floors":[],"is_endless":false,"potions_floor_spawned":[1,6,11,12,18,19],"killed_by":"Book of Stabbing","ascension_level":0}