{"gold_per_floor":[116,68,88,88,163,163,174,204,204,214,214,48,48,48,48,151,151,163,173,88,88,106,106,106,133,209,209],"floor_reached":27,"playtime":727,"items_purged":["Defend_R"],"score":254,"play_id":"f0ce6904-bd0f-4ddc-b953-053011d45165","local_time":"20190315171928","is_ascension_mode":false,"campfire_choices":[{"floor":6,"key":"REST"},{"floor":11,"key":"REST"},{"floor":13,"key":"REST"},{"floor":15,"key":"REST"},{"floor":23,"key":"REST"}],"neow_cost":"","seed_source_timestamp":59670104434573,"circlet_count":0,"master_deck":["Demon Form","Wraith Form v2","Echo Form+1","Defend_R","Defend_R","Defend_R","Bash","Infernal Blade","Clash","Pommel Strike","Twin Strike+1","Inflame","Cleave","Inflame","Flex","Limit Break","Thunderclap+1","Heavy Blade","Twin Strike","Bite","Bite","Bite","Bite","Bite","Demon Form"],"relics":["Burning Blood","Thread and Needle","Oddly Smooth Stone","Self Forming Clay","Fusion Hammer","Letter Opener","Bag of Preparation","Molten Egg 2"],"potions_floor_usage":[27,27,27],"damage_taken":[{"damage":2,"enemies":"Small Slimes","floor":1,"turns":5},{"damage":26,"enemies":"Jaw Worm","floor":3,"turns":5},{"damage":1,"enemies":"2 Louse","floor":7,"turns":5},{"damage":32,"enemies":"3 Sentries","floor":8,"turns":8},{"damage":16,"enemies":"Exordium Wildlife","floor":10,"turns":5},{"damage":31,"enemies":"Slime Boss","floor":16,"turns":4},{"damage":36,"enemies":"3 Byrds","floor":18,"turns":6},{"damage":20,"enemies":"Chosen","floor":19,"turns":6},{"damage":20,"enemies":"Centurion and Healer","floor":22,"turns":4},{"damage":48,"enemies":"Slavers","floor":25,"turns":4},{"damage":26,"enemies":"Gremlin Leader","floor":27,"turns":2}],"seed_played":"-6961137128427561898","potions_obtained":[{"floor":3,"key":"Regen Potion"},{"floor":10,"key":"Energy Potion"},{"floor":18,"key":"Block Potion"}],"is_trial":true,"path_per_floor":["?","?","?","?","?","M","?"],"character_chosen":"IRONCLAD","items_purchased":["Clash","Inflame","Flex"],"campfire_rested":5,"item_purchase_floors":[2,12,12],"current_hp_per_floor":[80,80,60,35,24,48,53,27,27,17,41,41,65,49,73,48,80,50,36,36,36,22,46,46,12,12,0],"gold":209,"neow_bonus":"","is_prod":false,"is_daily":false,"chose_seed":false,"campfire_upgraded":0,"win_rate":0,"timestamp":1552666768,"path_taken":["M","$","M","?","?","R","M","E","T","M","R","$","R","?","R","BOSS","M","M","?","?","?","R","?","E","T","E"],"build_version":"2019-01-23","purchased_purges":1,"victory":false,"max_hp_per_floor":[80,80,80,80,80,80,80,80,80,80,80,80,80,80,80,80,80,80,80,80,80,80,80,56,56,56,56],"card_choices":[{"not_picked":["Body Slam","Shrug It Off"],"picked":"Infernal Blade","floor":1},{"not_picked":["True Grit","Sword Boomerang"],"picked":"Pommel Strike","floor":3},{"not_picked":["Perfected Strike","Thunderclap"],"picked":"Twin Strike","floor":7},{"not_picked":["Rupture","Havoc"],"picked":"Inflame","floor":8},{"not_picked":["Warcry","Uppercut"],"picked":"Cleave","floor":10},{"not_picked":["Barricade","Exhume"],"picked":"Limit Break","floor":16},{"not_picked":["Uppercut+1","Second Wind"],"picked":"Thunderclap+1","floor":18},{"not_picked":["Clash+1","Flex+1"],"picked":"Heavy Blade","floor":19},{"not_picked":["Clothesline","Clash"],"picked":"Twin Strike","floor":22},{"not_picked":["Iron Wave","Shockwave"],"picked":"Demon Form","floor":25}],"player_experience":321266,"relics_obtained":[{"floor":8,"key":"Oddly Smooth Stone"},{"floor":9,"key":"Self Forming Clay"},{"floor":25,"key":"Bag of Preparation"},{"floor":26,"key":"Molten Egg 2"}],"event_choices":[{"damage_healed":0,"gold_gain":0,"player_choice":"Success","damage_taken":25,"relics_obtained":["Thread and Needle"],"max_hp_gain":0,"max_hp_loss":0,"event_name":"Scrap Ooze","floor":4,"gold_loss":0},{"damage_healed":0,"gold_gain":75,"player_choice":"Gather Gold","damage_taken":11,"max_hp_gain":0,"max_hp_loss":0,"event_name":"World of Goop","floor":5,"gold_loss":0},{"damage_healed":0,"gold_gain":0,"player_choice":"Entered Light","damage_taken":16,"max_hp_gain":0,"max_hp_loss":0,"event_name":"Shining Light","floor":14,"gold_loss":0,"cards_upgraded":["Echo Form","Twin Strike"]},{"damage_healed":0,"gold_gain":0,"player_choice":"Obtained Relic","damage_taken":0,"relics_obtained":["Letter Opener"],"max_hp_gain":0,"max_hp_loss":0,"event_name":"Addict","floor":20,"gold_loss":85},{"damage_healed":0,"gold_gain":0,"player_choice":"Bought 0 Potions","damage_taken":0,"max_hp_gain":0,"max_hp_loss":0,"event_name":"The Woman in Blue","floor":21,"gold_loss":0},{"damage_healed":0,"gold_gain":0,"player_choice":"Became a vampire","damage_taken":0,"max_hp_gain":0,"max_hp_loss":24,"event_name":"Vampires","floor":24,"gold_loss":0,"cards_obtained":["Bite","Bite","Bite","Bite","Bite"]}],"is_beta":false,"boss_relics":[{"not_picked":["Black Star","Runic Cube"],"picked":"Fusion Hammer"}],"items_purged_floors":[12],"is_endless":false,"potions_floor_spawned":[3,10,18,22,25],"killed_by":"Gremlin Leader","ascension_level":0}