{"path_per_floor":["M","T","?","?","?","R","E","R","T","M","$","E","M","?","R","B",null,"M","M"],"character_chosen":"IRONCLAD","items_purchased":["Shrug It Off"],"gold_per_floor":[117,117,117,117,117,117,150,150,177,197,171,209,224,224,224,349,349,368,391],"floor_reached":20,"campfire_rested":2,"playtime":2007,"current_hp_per_floor":[77,77,77,57,57,80,67,67,67,73,73,64,65,65,80,46,80,37,13],"items_purged":[],"gold":391,"play_id":"cff0b026-18ce-40d4-bd6a-0cf0e76385e2","is_prod":false,"is_daily":false,"campfire_rituals":0,"campfire_upgraded":1,"is_hardmode":false,"path_taken":["M","?","?","?","?","R","E","R","T","M","$","E","?","?","R","BOSS","M","M","M"],"build_version":"2018-01-18-PROD2","purchased_purges":0,"victory":false,"master_deck":["Strike_R","Strike_R","Strike_R","Strike_R","Defend_R","Defend_R","Defend_R","Bash","Rage","Juggernaut","Blood for Blood","Shrug It Off","Pommel Strike","Blood for Blood","Double Tap","Flex","Metallicize"],"max_hp_per_floor":[80,80,80,80,80,80,80,80,80,80,80,80,80,80,80,80,80,80,80],"relics":["Burning Blood","Oddly Smooth Stone","Golden Idol","Ginger","Bag of Marbles","Centennial Puzzle","White Beast Statue"],"campfire_meditates":0,"card_choices":[{"not_picked":["Burning Pact","Fire Breathing"],"picked":"Rage"},{"not_picked":["Cleave","Dropkick"],"picked":"Juggernaut"},{"not_picked":["Anger","Sword Boomerang"],"picked":"Blood for Blood"},{"not_picked":["Twin Strike","Sword Boomerang"],"picked":"Pommel Strike"},{"not_picked":["Thunderclap","Body Slam"],"picked":"Blood for Blood"},{"not_picked":["Juggernaut","Berserk"],"picked":"Double Tap"},{"not_picked":["Rage","Warcry"],"picked":"Flex"},{"not_picked":["Bloodletting","Armaments"],"picked":"Metallicize"}],"player_experience":3169,"potions_floor_usage":[],"damage_taken":[{"damage":9.0,"enemies":"Blue Slaver","floor":1.0,"turns":6.0},{"damage":19.0,"enemies":"3 Sentries","floor":7.0,"turns":10.0},{"damage":0.0,"enemies":"Cultist","floor":10.0,"turns":4.0},{"damage":15.0,"enemies":"Lagavulin","floor":12.0,"turns":9.0},{"damage":5.0,"enemies":"2 Louse","floor":13.0,"turns":4.0},{"damage":40.0,"enemies":"Slime Boss","floor":16.0,"turns":16.0},{"damage":49,"enemies":"3 Byrds","floor":18,"turns":7},{"damage":30,"enemies":"Spheric Guardian","floor":19,"turns":7},{"damage":0,"enemies":"Centurion and Healer","floor":20,"turns":1}],"event_choices":[{"event_name":"Accursed Blacksmith","player_choice":"Forge","floor":3.0,"damage_taken":0.0},{"event_name":"Golden Idol","player_choice":"Take Damage","floor":4.0,"damage_taken":0.0},{"event_name":"Wheel of Change","player_choice":"Card Removal","floor":5.0,"damage_taken":0.0},{"event_name":"Purifier","player_choice":"One Purge","floor":14.0,"damage_taken":0.0}],"boss_relics":[],"potions_floor_spawned":[1,7,10,13,18,19],"seed_played":"-1749598135925954532","killed_by":"Centurion and Healer","is_trial":false}