{"gold_per_floor":[20,35,35,48,48,66,66,85,164,129,129,140,159,176,176,276,276,287,300,300,21,37,37,37,49,72,72,72,72,106,46,46,143,143,158,4,23,38,38],"floor_reached":39,"playtime":1796,"items_purged":["Clothesline+1"],"score":668,"play_id":"5c7b837f-91f1-4192-b6bc-25926ad2a8ca","local_time":"20190320140600","is_ascension_mode":true,"campfire_choices":[{"floor":7,"key":"REST"},{"data":"Armaments","floor":15,"key":"SMITH"},{"floor":23,"key":"REST"},{"floor":27,"key":"REST"},{"data":"Ghostly","floor":29,"key":"SMITH"},{"data":"Ghostly","floor":32,"key":"SMITH"}],"neow_cost":"NO_GOLD","seed_source_timestamp":479950121620780,"circlet_count":0,"master_deck":["AscendersBane","Defend_R","Defend_R","Defend_R","Defend_R+1","Bash","Spot Weakness","Uppercut","Cleave","Armaments+1","Feel No Pain","Havoc","Shockwave","Dropkick","Demon Form","Armaments+1","Shrug It Off+1","Bite","Bite","Bite","Bite","Bite","Shrug It Off","Limit Break","Sever Soul","Pommel Strike+1","Sword Boomerang","Ghostly+1","Ghostly+1","Ghostly","Ghostly","Ghostly","Offering","Limit Break","Cleave+1","Clash"],"relics":["Burning Blood","GremlinMask","The Courier","Sozu","Dream Catcher","Enchiridion","Boot","Champion Belt","Runic Cube","Sling"],"potions_floor_usage":[14,22],"damage_taken":[{"damage":22,"enemies":"Jaw Worm","floor":1,"turns":7},{"damage":4,"enemies":"Small Slimes","floor":2,"turns":4},{"damage":23,"enemies":"Cultist","floor":4,"turns":6},{"damage":4,"enemies":"2 Fungi Beasts","floor":6,"turns":4},{"damage":25,"enemies":"Exordium Wildlife","floor":8,"turns":6},{"damage":11,"enemies":"3 Louse","floor":12,"turns":3},{"damage":0,"enemies":"Large Slime","floor":13,"turns":6},{"damage":6,"enemies":"Red Slaver","floor":14,"turns":3},{"damage":44,"enemies":"The Guardian","floor":16,"turns":12},{"damage":20,"enemies":"2 Thieves","floor":18,"turns":4},{"damage":18,"enemies":"Shell Parasite","floor":19,"turns":5},{"damage":34,"enemies":"Snecko","floor":22,"turns":5},{"damage":46,"enemies":"Sentry and Sphere","floor":25,"turns":9},{"damage":22,"enemies":"Book of Stabbing","floor":30,"turns":9},{"damage":3,"enemies":"Automaton","floor":33,"turns":8},{"damage":32,"enemies":"3 Darklings","floor":35,"turns":8},{"damage":1,"enemies":"Orb Walker","floor":37,"turns":4},{"damage":35,"enemies":"Sphere and 2 Shapes","floor":38,"turns":9},{"damage":42,"enemies":"Spire Growth","floor":39,"turns":6}],"seed_played":"-7326070106697092223","potions_obtained":[{"floor":1,"key":"Energy Potion"},{"floor":8,"key":"AttackPotion"},{"floor":13,"key":"Dexterity Potion"}],"is_trial":false,"path_per_floor":["?","?","M","?","T","?","?","?"],"character_chosen":"IRONCLAD","items_purchased":["Shrug It Off","Dream Catcher","Limit Break","Sling"],"campfire_rested":3,"item_purchase_floors":[21,21,21,36],"current_hp_per_floor":[56,58,42,25,25,27,51,32,32,52,52,49,57,59,59,23,66,54,44,44,44,22,46,30,12,12,36,36,36,33,33,33,40,40,26,26,40,24,0],"gold":38,"neow_bonus":"REMOVE_TWO","is_prod":false,"is_daily":false,"chose_seed":false,"campfire_upgraded":3,"win_rate":0,"timestamp":1553087160,"path_taken":["M","M","?","M","?","?","R","M","T","?","?","M","M","M","R","BOSS","M","M","?","$","M","R","?","M","T","R","?","R","E","$","R","BOSS","M","$","M","M","M"],"build_version":"2019-01-23","purchased_purges":1,"victory":false,"max_hp_per_floor":[80,80,80,80,80,80,80,80,80,80,80,80,80,80,80,80,80,80,80,80,80,80,80,80,80,80,80,40,40,40,40,40,40,40,40,40,40,40,40],"card_choices":[{"not_picked":["Flame Barrier","Twin Strike"],"picked":"Spot Weakness","floor":1},{"not_picked":["Thunderclap","Wild Strike"],"picked":"Uppercut","floor":2},{"not_picked":["Seeing Red","Anger"],"picked":"Cleave","floor":4},{"not_picked":["Shrug It Off","Bloodletting"],"picked":"Armaments","floor":6},{"not_picked":["Evolve","Burning Pact"],"picked":"Feel No Pain","floor":8},{"not_picked":["Warcry","Twin Strike"],"picked":"Havoc","floor":12},{"not_picked":["Twin Strike","Anger"],"picked":"Shockwave","floor":13},{"not_picked":["Pummel","Feed"],"picked":"Dropkick","floor":14},{"not_picked":["Barricade","Double Tap"],"picked":"Demon Form","floor":16},{"not_picked":["Thunderclap","Body Slam"],"picked":"Armaments+1","floor":18},{"not_picked":["Entrench","Sever Soul"],"picked":"Shrug It Off+1","floor":19},{"not_picked":["Armaments+1","Wild Strike+1"],"picked":"Sever Soul","floor":22},{"not_picked":["Sword Boomerang+1","Rampage+1"],"picked":"Pommel Strike+1","floor":23},{"not_picked":["Shockwave","Perfected Strike"],"picked":"Sword Boomerang","floor":25},{"not_picked":["True Grit+1","Reckless Charge"],"picked":"Clothesline+1","floor":27},{"not_picked":["True Grit","Fire Breathing+1"],"picked":"Offering","floor":30},{"not_picked":["Demon Form","Bludgeon"],"picked":"Limit Break","floor":33},{"not_picked":["Wild Strike+1","Metallicize"],"picked":"Cleave+1","floor":35},{"not_picked":["True Grit","Clothesline+1","Feel No Pain"],"picked":"SKIP","floor":37},{"not_picked":["Metallicize","Uppercut"],"picked":"Clash","floor":38}],"player_experience":429853,"relics_obtained":[{"floor":9,"key":"The Courier"},{"floor":11,"key":"Blood Vial"},{"floor":24,"key":"Enchiridion"},{"floor":26,"key":"Boot"},{"floor":30,"key":"Champion Belt"}],"event_choices":[{"damage_healed":0,"gold_gain":0,"player_choice":"Entered Light","damage_taken":16,"max_hp_gain":0,"max_hp_loss":0,"event_name":"Shining Light","floor":3,"gold_loss":0,"cards_upgraded":["Defend_R","Strike_R"]},{"damage_healed":0,"gold_gain":0,"player_choice":"Trade","damage_taken":0,"relics_obtained":["GremlinMask"],"max_hp_gain":0,"max_hp_loss":0,"event_name":"FaceTrader","floor":5,"gold_loss":0},{"damage_healed":20,"gold_gain":0,"player_choice":"Healed","damage_taken":0,"max_hp_gain":0,"max_hp_loss":0,"event_name":"The Cleric","floor":10,"gold_loss":35},{"damage_healed":0,"gold_gain":0,"player_choice":"Became a vampire (Vial)","damage_taken":0,"max_hp_gain":0,"max_hp_loss":0,"event_name":"Vampires","floor":20,"relics_lost":["Blood Vial"],"gold_loss":0,"cards_obtained":["Bite","Bite","Bite","Bite","Bite"]},{"damage_healed":0,"gold_gain":0,"player_choice":"Obtained Book","damage_taken":16,"max_hp_gain":0,"max_hp_loss":0,"event_name":"Cursed Tome","floor":24,"gold_loss":0},{"damage_healed":0,"gold_gain":0,"player_choice":"Became a Ghost","damage_taken":0,"max_hp_gain":0,"max_hp_loss":40,"event_name":"Ghosts","floor":28,"gold_loss":0,"cards_obtained":["Ghostly","Ghostly","Ghostly","Ghostly","Ghostly"]}],"is_beta":false,"boss_relics":[{"not_picked":["Calling Bell","Lizard Tail"],"picked":"Sozu"},{"not_picked":["Orrery","Mark of Pain"],"picked":"Runic Cube"}],"items_purged_floors":[31],"is_endless":false,"potions_floor_spawned":[1,8,13,18,25,33,37],"killed_by":"Spire Growth","ascension_level":10}