{"gold_per_floor":[117,117,134,148,148,148,167,183,183,7,25,25,25,36,36,133,133,153,172,43,61,61,61,79,99,150,166,166,181,193,206,206,304,304,317,329,329,343,363,363,373,384,458,471,471,471,471,487,487,487],"floor_reached":50,"playtime":2582,"items_purged":["Strike_B"],"score":498,"play_id":"83903ed9-1d1e-480e-b5b8-239a3fb68607","local_time":"20180802011229","is_ascension_mode":false,"campfire_choices":[{"data":"Fusion","floor":6,"key":"SMITH"},{"data":"Zap","floor":13,"key":"SMITH"},{"data":"Panache","floor":15,"key":"SMITH"},{"data":"Buffer","floor":23,"key":"SMITH"},{"data":"Hologram","floor":28,"key":"SMITH"},{"data":"Dualcast","floor":32,"key":"SMITH"},{"data":"Scrape","floor":40,"key":"SMITH"},{"data":"Echo Form","floor":45,"key":"SMITH"},{"data":"Jack Of All Trades","floor":49,"key":"SMITH"}],"neow_cost":"NONE","seed_source_timestamp":1555922320167030,"circlet_count":0,"master_deck":["Strike_B+1","Defend_B","Defend_B","Defend_B","Defend_B","Zap+1","Dualcast+1","Go for the Eyes","Coolheaded+1","Fusion+1","Leap","Cold Snap","Panache+1","Ball Lightning","Meteor Strike","Steam Power+1","Hello World","Hologram+1","Buffer+1","Chill+1","Auto Shields","Coolheaded","FTL","Steam+1","Beam Cell","Echo Form+1","Rebound","Defragment+1","Scrape+1","Steam+1","Fusion+1","Jack Of All Trades+1"],"relics":["Coffee Dripper"],"potions_floor_usage":[11,16,21,30,33,35,39,48,50],"damage_taken":[{"damage":3,"enemies":"Jaw Worm","floor":1,"turns":3},{"damage":5,"enemies":"Small Slimes","floor":3,"turns":3},{"damage":0,"enemies":"Cultist","floor":4,"turns":4},{"damage":0,"enemies":"Blue Slaver","floor":7,"turns":4},{"damage":0,"enemies":"3 Louse","floor":8,"turns":4},{"damage":0,"enemies":"Gremlin Gang","floor":11,"turns":5},{"damage":0,"enemies":"Exordium Thugs","floor":14,"turns":4},{"damage":0,"enemies":"Slime Boss","floor":16,"turns":6},{"damage":5,"enemies":"Shell Parasite","floor":18,"turns":5},{"damage":0,"enemies":"Spheric Guardian","floor":19,"turns":3},{"damage":0,"enemies":"Centurion and Healer","floor":21,"turns":5},{"damage":0,"enemies":"Chosen and Byrds","floor":24,"turns":6},{"damage":1,"enemies":"Snecko","floor":25,"turns":4},{"damage":0,"enemies":"Sentry and Sphere","floor":27,"turns":5},{"damage":12,"enemies":"Snake Plant","floor":29,"turns":5},{"damage":0,"enemies":"Slaver and Parasite","floor":30,"turns":6},{"damage":0,"enemies":"3 Cultists","floor":31,"turns":4},{"damage":11,"enemies":"Collector","floor":33,"turns":9},{"damage":3,"enemies":"Orb Walker","floor":35,"turns":5},{"damage":2,"enemies":"3 Darklings","floor":36,"turns":5},{"damage":4,"enemies":"4 Shapes","floor":38,"turns":3},{"damage":10,"enemies":"Spire Growth","floor":39,"turns":5},{"damage":8,"enemies":"Flame Bruiser 2 Orb","floor":41,"turns":6},{"damage":0,"enemies":"Transient","floor":42,"turns":5},{"damage":0,"enemies":"3 Darklings","floor":44,"turns":5},{"damage":28,"enemies":"Sphere and 2 Shapes","floor":48,"turns":7},{"damage":26,"enemies":"Donu and Deca","floor":50,"turns":3}],"seed_played":"5281501454556084799","potions_obtained":[{"floor":3,"key":"Strength Potion"},{"floor":8,"key":"SkillPotion"},{"floor":14,"key":"AttackPotion"},{"floor":16,"key":"PowerPotion"},{"floor":18,"key":"SteroidPotion"},{"floor":24,"key":"Ancient Potion"},{"floor":25,"key":"AttackPotion"},{"floor":30,"key":"Fire Potion"},{"floor":35,"key":"Poison Potion"},{"floor":38,"key":"SpeedPotion"},{"floor":42,"key":"Ancient Potion"}],"is_trial":false,"path_per_floor":["M","?","M","M","?","R","M","M","T","$","M","$","R","M","R","B",null,"M","M","$","M","$","R","M","M","T","M","R","M","M","M","R","B",null,"M","M","?","M","M","R","M","M","T","M","R","$","?","M","R"],"character_chosen":"DEFECT","items_purchased":["Panache","Hologram"],"campfire_rested":0,"item_purchase_floors":[10,20],"current_hp_per_floor":[72,65,60,60,45,45,45,45,45,45,45,45,45,45,45,45,75,70,70,70,70,70,70,70,69,69,69,69,57,57,57,57,46,75,72,70,70,66,56,56,48,48,48,48,48,48,48,24,24,0],"gold":487,"neow_bonus":"BOSS_RELIC","is_prod":false,"is_daily":false,"chose_seed":false,"campfire_upgraded":9,"win_rate":0,"timestamp":1533193949,"path_taken":["M","?","M","M","?","R","?","M","T","?","?","$","R","M","R","BOSS","M","M","$","M","$","R","M","M","T","M","R","M","M","M","R","BOSS","M","M","?","M","M","R","M","M","T","M","R","$","?","M","R","BOSS"],"build_version":"2018-07-26","purchased_purges":1,"victory":false,"max_hp_per_floor":[75,75,75,75,75,75,75,75,75,75,75,75,75,75,75,75,75,75,75,75,75,75,75,75,75,75,75,75,75,75,75,75,75,75,75,75,75,75,75,75,75,75,75,75,75,75,75,75,75,75],"card_choices":[{"not_picked":["Cold Snap","Coolheaded"],"picked":"Go for the Eyes","floor":1},{"not_picked":["Turbo","Stack"],"picked":"Coolheaded","floor":3},{"not_picked":["Sweeping Beam","Auto Shields"],"picked":"Fusion","floor":4},{"not_picked":["Coolheaded","Lockon"],"picked":"Leap","floor":7},{"not_picked":["Steam","Go for the Eyes"],"picked":"Cold Snap","floor":8},{"not_picked":["Stack","Streamline"],"picked":"Ball Lightning","floor":11},{"not_picked":["Compile Driver","Recycle","Turbo"],"picked":"SKIP","floor":14},{"not_picked":["Machine Learning","Biased Cognition"],"picked":"Meteor Strike","floor":16},{"not_picked":["Go for the Eyes+1","Stack+1"],"picked":"Steam Power+1","floor":18},{"not_picked":["Compile Driver","Gash+1"],"picked":"Hello World","floor":19},{"not_picked":["BootSequence+1","Reinforced Body"],"picked":"Buffer","floor":21},{"not_picked":["Steam Power","Cold Snap"],"picked":"Chill+1","floor":24},{"not_picked":["Sweeping Beam","Turbo"],"picked":"Auto Shields","floor":25},{"not_picked":["Streamline+1","Lockon"],"picked":"Coolheaded","floor":27},{"not_picked":["Recycle","Ball Lightning"],"picked":"FTL","floor":29},{"not_picked":["Reprogram","Gash"],"picked":"Steam+1","floor":30},{"not_picked":["Amplify","Hello World"],"picked":"Beam Cell","floor":31},{"not_picked":["Reboot","Machine Learning"],"picked":"Echo Form","floor":33},{"not_picked":["Go for the Eyes","Barrage+1","Capacitor"],"picked":"SKIP","floor":35},{"not_picked":["Lockon+1","Streamline"],"picked":"Rebound","floor":36},{"not_picked":["FTL","Beam Cell+1"],"picked":"Defragment+1","floor":38},{"not_picked":["Recycle","Ball Lightning"],"picked":"Scrape","floor":39},{"not_picked":["Chaos","Rebound+1","Scrape"],"picked":"SKIP","floor":41},{"not_picked":["Beam Cell+1","Stack"],"picked":"Steam+1","floor":42},{"not_picked":["Glacier","Hello World+1"],"picked":"Fusion+1","floor":44},{"not_picked":["Good Instincts","Blind"],"picked":"Jack Of All Trades","floor":47},{"not_picked":["Turbo+1","Hologram","Recycle"],"picked":"SKIP","floor":48}],"player_experience":321356,"relics_obtained":[],"event_choices":[{"event_name":"Golden Wing","player_choice":"Card Removal","floor":2,"damage_taken":0},{"event_name":"Shining Light","player_choice":"Entered Light","floor":5,"damage_taken":0},{"event_name":"Falling","player_choice":"Removed Attack","floor":37,"damage_taken":0},{"event_name":"SensoryStone","player_choice":"Memory 1","floor":47,"damage_taken":0}],"is_beta":false,"boss_relics":[{"not_picked":["Philosopher\u0027s Stone","Tiny House","Snecko Eye"]},{"not_picked":["Busted Crown","Runic Dome","Cursed Key"]}],"items_purged_floors":[20],"is_endless":false,"potions_floor_spawned":[3,8,14,16,18,24,25,27,30,35,38,42],"killed_by":"Donu and Deca","ascension_level":0}