{"path_per_floor":["M","M","$","?","?","E","M","R","T","M","R","?","M","M","R","B",null,"M","?","?","M","M","R","E"],"character_chosen":"DEFECT","items_purchased":["Capacitor","Darkness"],"gold_per_floor":[112,130,7,7,7,40,60,60,60,75,75,97,110,129,129,227,227,238,238,238,256,268,268,298,298],"floor_reached":25,"campfire_rested":1,"playtime":943,"current_hp_per_floor":[75,75,75,68,68,68,68,68,68,68,68,52,31,28,28,22,75,40,40,40,38,7,29,8,0],"items_purged":[],"gold":298,"score":273,"play_id":"d2284130-3a0f-442b-b7e2-012037ab59b0","local_time":"20180507222138","is_prod":false,"is_daily":false,"chose_seed":false,"is_ascension_mode":true,"campfire_upgraded":3,"timestamp":1525749698,"path_taken":["M","M","$","?","?","E","M","R","T","?","R","?","M","M","R","BOSS","M","?","?","M","M","R","E","M"],"build_version":"2018-05-03","seed_source_timestamp":1884862497468491,"purchased_purges":0,"victory":false,"master_deck":["Strike_B","Strike_B","Defend_B","Defend_B","Defend_B","Defend_B","Zap","Dualcast","Rip and Tear+1","Auto Shields","Capacitor+1","Darkness+1","Rip and Tear+1","Stack","Machine Learning+1","Buffer+1","Static Discharge+1","Leap+1","Thunder Strike","FTL","Defragment+1","Defragment+1","Static Discharge+1"],"max_hp_per_floor":[75,75,75,75,75,75,75,75,75,75,75,75,75,75,75,75,75,75,75,75,75,75,75,75,75],"relics":["Cracked Core","NeowsBlessing","Frozen Egg 2","Toxic Egg 2","Odd Mushroom","Nuclear Battery","Mercury Hourglass"],"card_choices":[{"not_picked":["Axe Kick","Beam Cell"],"picked":"Rip and Tear","floor":1.0},{"not_picked":["Streamline","Hologram"],"picked":"Auto Shields","floor":2.0},{"not_picked":["Cold Snap","Rebound"],"picked":"Rip and Tear","floor":6.0},{"not_picked":["Impulse","Skim"],"picked":"Stack","floor":7.0},{"not_picked":["Reinforced Body","Gash"],"picked":"Machine Learning","floor":10.0},{"not_picked":["Aggregate","Force Field"],"picked":"Buffer","floor":12.0},{"not_picked":["FTL","Rebound"],"picked":"Static Discharge","floor":13.0},{"not_picked":["Cold Snap","Coolheaded"],"picked":"Leap","floor":14.0},{"not_picked":["Hyperbeam","All For One"],"picked":"Thunder Strike","floor":16.0},{"not_picked":["Cold Snap","Doom and Gloom"],"picked":"FTL","floor":18},{"not_picked":["Sweeping Beam","Leap"],"picked":"Defragment","floor":21},{"not_picked":["Beam Cell","Capacitor"],"picked":"Static Discharge","floor":22}],"player_experience":53629,"potions_floor_usage":[24,25],"damage_taken":[{"damage":0.0,"enemies":"Small Slimes","floor":1.0,"turns":1.0},{"damage":0.0,"enemies":"Jaw Worm","floor":2.0,"turns":1.0},{"damage":0.0,"enemies":"Lagavulin","floor":6.0,"turns":1.0},{"damage":0.0,"enemies":"Cultist","floor":7.0,"turns":3.0},{"damage":0.0,"enemies":"Large Slime","floor":10.0,"turns":5.0},{"damage":16.0,"enemies":"The Mushroom Lair","floor":12.0,"turns":5.0},{"damage":21.0,"enemies":"3 Louse","floor":13.0,"turns":3.0},{"damage":3.0,"enemies":"Red Slaver","floor":14.0,"turns":3.0},{"damage":6.0,"enemies":"Slime Boss","floor":16.0,"turns":9.0},{"damage":35,"enemies":"2 Thieves","floor":18,"turns":4},{"damage":2,"enemies":"Spheric Guardian","floor":21,"turns":5},{"damage":31,"enemies":"Centurion and Healer","floor":22,"turns":6},{"damage":21,"enemies":"Gremlin Leader","floor":24,"turns":5},{"damage":8,"enemies":"3 Cultists","floor":25,"turns":3}],"event_choices":[{"event_name":"Golden Wing","player_choice":"Card Removal","floor":4.0,"damage_taken":0.0},{"event_name":"Upgrade Shrine","player_choice":"Upgraded","floor":5.0,"damage_taken":0.0},{"event_name":"Mushrooms","player_choice":"Fought Mushrooms","floor":12.0,"damage_taken":0.0},{"event_name":"Ghosts","player_choice":"Ignored","floor":19,"damage_taken":0},{"event_name":"Transmorgrifier","player_choice":"Transform","floor":20,"damage_taken":0}],"boss_relics":[{"not_picked":["Lizard Tail","Runic Dome"],"picked":"Nuclear Battery"}],"potions_floor_spawned":[2,7,12,21],"seed_played":"-6199546553101060898","killed_by":"3 Cultists","ascension_level":2,"is_trial":false}