{"gold_per_floor":[114,131,149,149,149,149,189,203,230,210,223,239,239,277,277,405,405,419,344,339,339,363,363,382,413,467,467,488,15,15,31,31,154,154,173,189,210,271,286,286,317,336,363,363,363,363],"floor_reached":46,"playtime":2491,"items_purged":["Pain"],"score":836,"play_id":"33179a45-4d25-4baf-86d5-ce4b0b3c7600","local_time":"20181112001511","is_ascension_mode":true,"campfire_choices":[{"data":"Neutralize","floor":6,"key":"SMITH"},{"data":"Adrenaline","floor":13,"key":"SMITH"},{"data":"Dash","floor":15,"key":"SMITH"},{"data":"Predator","floor":23,"key":"SMITH"},{"floor":30,"key":"REST"},{"data":"Envenom","floor":32,"key":"SMITH"}],"neow_cost":"NONE","seed_source_timestamp":49290020914477,"circlet_count":0,"master_deck":["Defend_G","Defend_G","Defend_G","Defend_G","Defend_G","Strike_G","Strike_G+1","Strike_G+1","Strike_G","Survivor","Neutralize+1","Predator+1","Slice","Noxious Fumes+1","Adrenaline+1","Cloak And Dagger","Slice","Well Laid Plans","Dash+1","Unload","Deadly Poison+1","Poisoned Stab+1","Necronomicurse","Leg Sweep+1","Dodge and Roll+1","Envenom+1","Regret","Backflip","Slice","Dagger Throw+1","After Image","Noxious Fumes+1","Prepared+1","Dagger Throw","Prepared+1","Escape Plan+1","Doubt","A Thousand Cuts","Bane+1","Decay"],"relics":["Ring of the Snake","Golden Idol","Whetstone","Oddly Smooth Stone","Art of War","Cursed Key","Necronomicon","Tough Bandages","Tiny Chest","WarpedTongs","Ninja Scroll","Dream Catcher","Philosopher\u0027s Stone","The Specimen","PreservedInsect","Strawberry","Pen Nib"],"potions_floor_usage":[14,14,37,38],"damage_taken":[{"damage":1,"enemies":"2 Louse","floor":1,"turns":5},{"damage":0,"enemies":"Cultist","floor":2,"turns":3},{"damage":4,"enemies":"Small Slimes","floor":3,"turns":4},{"damage":26,"enemies":"Gremlin Nob","floor":7,"turns":4},{"damage":0,"enemies":"2 Fungi Beasts","floor":8,"turns":4},{"damage":0,"enemies":"Red Slaver","floor":11,"turns":3},{"damage":1,"enemies":"Exordium Wildlife","floor":12,"turns":3},{"damage":0,"enemies":"3 Sentries","floor":14,"turns":7},{"damage":2,"enemies":"Hexaghost","floor":16,"turns":9},{"damage":0,"enemies":"3 Byrds","floor":18,"turns":4},{"damage":14,"enemies":"2 Thieves","floor":20,"turns":4},{"damage":6,"enemies":"Snecko","floor":22,"turns":5},{"damage":6,"enemies":"Centurion and Healer","floor":24,"turns":5},{"damage":0,"enemies":"Gremlin Leader","floor":25,"turns":7},{"damage":8,"enemies":"Chosen and Byrds","floor":28,"turns":6},{"damage":3,"enemies":"Snake Plant","floor":31,"turns":3},{"damage":26,"enemies":"Collector","floor":33,"turns":8},{"damage":1,"enemies":"3 Darklings","floor":35,"turns":6},{"damage":0,"enemies":"Orb Walker","floor":36,"turns":3},{"damage":30,"enemies":"Spire Growth","floor":37,"turns":5},{"damage":10,"enemies":"2 Orb Walkers","floor":38,"turns":6},{"damage":4,"enemies":"Transient","floor":39,"turns":5},{"damage":0,"enemies":"Giant Head","floor":41,"turns":6},{"damage":0,"enemies":"3 Darklings","floor":42,"turns":4},{"damage":28,"enemies":"Jaw Worm Horde","floor":46,"turns":2}],"seed_played":"-5638352718751527670","potions_obtained":[{"floor":2,"key":"Swift Potion"},{"floor":7,"key":"Ancient Potion"},{"floor":10,"key":"Swift Potion"},{"floor":11,"key":"Energy Potion"},{"floor":12,"key":"Weak Potion"},{"floor":16,"key":"PowerPotion"},{"floor":18,"key":"SteroidPotion"},{"floor":20,"key":"Weak Potion"},{"floor":24,"key":"Block Potion"},{"floor":38,"key":"PowerPotion"},{"floor":41,"key":"Energy Potion"},{"floor":42,"key":"Energy Potion"}],"is_trial":false,"path_per_floor":["M","M","M","?","?","R","E","M","T","?","M","M","R","E","R","B",null,"M","?","M","?","M","R","M","E","T","?","M","$","R","M","R","B",null,"M","M","M","?","M","T","E","M","T","?","?","M"],"character_chosen":"THE_SILENT","items_purchased":["Ninja Scroll","Dream Catcher"],"campfire_rested":1,"item_purchase_floors":[29,29],"current_hp_per_floor":[69,69,65,46,46,46,20,20,20,20,20,19,19,19,19,17,62,62,62,48,32,26,26,20,20,20,20,12,12,35,32,32,6,59,58,58,28,18,14,14,21,21,21,21,21,0],"gold":363,"neow_bonus":"TEN_PERCENT_HP_BONUS","is_prod":false,"is_daily":false,"chose_seed":false,"campfire_upgraded":5,"win_rate":0,"timestamp":1542010511,"path_taken":["M","M","M","?","?","R","E","?","T","?","?","M","R","E","R","BOSS","M","?","M","?","M","R","M","E","T","?","M","$","R","?","R","BOSS","M","M","M","?","M","?","E","?","T","?","?","M"],"build_version":"2018-11-08","purchased_purges":1,"victory":false,"max_hp_per_floor":[77,77,77,77,77,77,77,77,77,77,77,77,77,77,77,77,77,77,77,77,77,77,77,77,77,77,77,77,77,77,77,77,77,77,77,77,77,77,77,77,84,84,84,84,84,84],"card_choices":[{"not_picked":["Poisoned Stab","Blur"],"picked":"Predator","floor":1},{"not_picked":["Flying Knee","Outmaneuver"],"picked":"Slice","floor":2},{"not_picked":["Backflip","Dagger Spray"],"picked":"Noxious Fumes","floor":3},{"not_picked":["Bane","Setup"],"picked":"Adrenaline","floor":7},{"not_picked":["Dagger Spray","Prepared"],"picked":"Cloak And Dagger","floor":8},{"not_picked":["Sucker Punch","Underhanded Strike"],"picked":"Slice","floor":11},{"not_picked":["Underhanded Strike","Accuracy"],"picked":"Well Laid Plans","floor":12},{"not_picked":["Sucker Punch","Eviscerate"],"picked":"Dash","floor":14},{"not_picked":["Malaise","Phantasmal Killer"],"picked":"Unload","floor":16},{"not_picked":["Outmaneuver","Flying Knee+1"],"picked":"Deadly Poison+1","floor":18},{"not_picked":["Underhanded Strike+1","Riddle With Holes"],"picked":"Poisoned Stab+1","floor":20},{"not_picked":["Prepared","Flechettes"],"picked":"Leg Sweep+1","floor":22},{"not_picked":["Acrobatics","Catalyst"],"picked":"Dodge and Roll+1","floor":24},{"not_picked":["Blade Dance","Riddle With Holes+1"],"picked":"Envenom","floor":25},{"not_picked":["Sucker Punch","Dodge and Roll"],"picked":"Backflip","floor":28},{"not_picked":["Dodge and Roll","Blade Dance"],"picked":"Slice","floor":30},{"not_picked":["Outmaneuver","Dagger Spray+1"],"picked":"Dagger Throw+1","floor":31},{"not_picked":["Unload","Phantasmal Killer"],"picked":"After Image","floor":33},{"not_picked":["Dodge and Roll+1","Slice"],"picked":"Noxious Fumes+1","floor":35},{"not_picked":["Concentrate+1","Choke"],"picked":"Prepared+1","floor":36},{"not_picked":["Catalyst","Accuracy+1"],"picked":"Dagger Throw","floor":37},{"not_picked":["A Thousand Cuts","Infinite Blades"],"picked":"Prepared+1","floor":38},{"not_picked":["Prepared+1","Underhanded Strike+1"],"picked":"Escape Plan+1","floor":39},{"not_picked":["Setup+1","Poisoned Stab+1"],"picked":"A Thousand Cuts","floor":41},{"not_picked":["Choke","Caltrops"],"picked":"Bane+1","floor":42},{"not_picked":["Secret Weapon","The Bomb"],"picked":"Chrysalis","floor":44}],"player_experience":555597,"relics_obtained":[{"floor":7,"key":"Whetstone"},{"floor":9,"key":"Oddly Smooth Stone"},{"floor":14,"key":"Art of War"},{"floor":21,"key":"Necronomicon"},{"floor":25,"key":"Tough Bandages"},{"floor":26,"key":"Tiny Chest"},{"floor":38,"key":"The Specimen"},{"floor":40,"key":"PreservedInsect"},{"floor":41,"key":"Strawberry"},{"floor":43,"key":"Pen Nib"}],"event_choices":[{"damage_healed":0,"gold_gain":0,"player_choice":"Take Damage","damage_taken":19,"relics_obtained":["Golden Idol"],"max_hp_gain":0,"max_hp_loss":0,"event_name":"Golden Idol","floor":4,"gold_loss":0},{"damage_healed":0,"gold_gain":0,"player_choice":"Upgraded","damage_taken":0,"max_hp_gain":0,"max_hp_loss":0,"event_name":"Upgrade Shrine","floor":5,"gold_loss":0,"cards_upgraded":["Noxious Fumes"]},{"damage_healed":0,"gold_gain":0,"player_choice":"Bought 1 Potion","damage_taken":0,"max_hp_gain":0,"max_hp_loss":0,"event_name":"The Woman in Blue","floor":10,"gold_loss":0},{"cards_removed":["Strike_G"],"damage_healed":0,"gold_gain":0,"player_choice":"Gave Gold","damage_taken":0,"max_hp_gain":0,"max_hp_loss":0,"event_name":"Beggar","floor":19,"gold_loss":75},{"damage_healed":0,"gold_gain":0,"player_choice":"Obtained Book","damage_taken":16,"max_hp_gain":0,"max_hp_loss":0,"event_name":"Cursed Tome","floor":21,"gold_loss":0},{"damage_healed":0,"gold_gain":0,"player_choice":"Rummage","damage_taken":0,"relics_obtained":["WarpedTongs"],"max_hp_gain":0,"max_hp_loss":0,"event_name":"Accursed Blacksmith","floor":27,"gold_loss":0,"cards_obtained":["Pain"]},{"damage_healed":0,"gold_gain":0,"player_choice":"Fight","damage_taken":0,"max_hp_gain":0,"max_hp_loss":0,"event_name":"Mysterious Sphere","floor":38,"gold_loss":0},{"damage_healed":0,"gold_gain":0,"player_choice":"Memory 1","damage_taken":0,"max_hp_gain":0,"max_hp_loss":0,"event_name":"SensoryStone","floor":44,"gold_loss":0},{"cards_removed":["Chrysalis"],"damage_healed":0,"gold_gain":0,"player_choice":"Removed Skill","damage_taken":0,"max_hp_gain":0,"max_hp_loss":0,"event_name":"Falling","floor":45,"gold_loss":0}],"is_beta":false,"boss_relics":[{"not_picked":["Calling Bell","Pandora\u0027s Box"],"picked":"Cursed Key"},{"not_picked":["Velvet Choker","Tiny House"],"picked":"Philosopher\u0027s Stone"}],"items_purged_floors":[29],"is_endless":false,"potions_floor_spawned":[2,7,11,12,16,18,20,24,38,41,42],"killed_by":"Jaw Worm Horde","ascension_level":9}