{"gold_per_floor":[114,192,5,24,24,24,52,64,64,64,13,47,47,67,67,172,172,190,190,82,100,111,111,111,158,237,247,274,274,285,302,302,302],"floor_reached":33,"playtime":2016,"items_purged":[],"score":303,"play_id":"3339e87e-540a-4678-9b05-4b6600f644ff","local_time":"20190201132948","is_ascension_mode":true,"campfire_choices":[{"data":"Apotheosis","floor":6,"key":"SMITH"},{"floor":10,"key":"REST"},{"data":"Flex","floor":13,"key":"SMITH"},{"floor":15,"key":"REST"},{"floor":23,"key":"REST"},{"floor":29,"key":"REST"},{"floor":32,"key":"REST"}],"neow_cost":"NONE","seed_source_timestamp":336864953418604,"circlet_count":0,"master_deck":["Strike_R","Strike_R+1","Strike_R+1","Strike_R","Defend_R","Defend_R","Defend_R","Defend_R","Bash+1","Shrug It Off","Apotheosis+1","Pommel Strike","Warcry","Burning Pact","Anger","Anger","Flex+1","Anger","Headbutt","Offering","Thunderclap","Enlightenment","Twin Strike","Iron Wave","Perfected Strike","Flex","Blood for Blood","Uppercut","Sword Boomerang+1"],"relics":["Burning Blood","Omamori","Gremlin Horn","Whetstone","Black Star","Boot","Bag of Marbles","Bottled Flame","Bag of Preparation","Nunchaku"],"potions_floor_usage":[27,33,33,33,33,33,33,33,33],"damage_taken":[{"damage":1,"enemies":"Cultist","floor":1,"turns":3},{"damage":7,"enemies":"Jaw Worm","floor":4,"turns":4},{"damage":36,"enemies":"Lagavulin","floor":7,"turns":7},{"damage":0,"enemies":"2 Louse","floor":8,"turns":2},{"damage":10,"enemies":"Gremlin Nob","floor":12,"turns":3},{"damage":14,"enemies":"Red Slaver","floor":14,"turns":2},{"damage":42,"enemies":"The Guardian","floor":16,"turns":7},{"damage":10,"enemies":"Chosen","floor":18,"turns":4},{"damage":6,"enemies":"2 Thieves","floor":21,"turns":2},{"damage":24,"enemies":"Snake Plant","floor":22,"turns":4},{"damage":4,"enemies":"Sentry and Sphere","floor":27,"turns":3},{"damage":49,"enemies":"Slavers","floor":28,"turns":4},{"damage":7,"enemies":"Cultist and Chosen","floor":30,"turns":3},{"damage":27,"enemies":"Centurion and Healer","floor":31,"turns":4},{"damage":61,"enemies":"Automaton","floor":33,"turns":6}],"seed_played":"3215835726043230558","potions_obtained":[{"floor":1,"key":"Energy Potion"},{"floor":14,"key":"Poison Potion"},{"floor":28,"key":"PowerPotion"},{"floor":31,"key":"EntropicBrew"}],"is_trial":false,"path_per_floor":["?","?","M","$","?","M","M","?","T","M"],"character_chosen":"IRONCLAD","items_purchased":["Apotheosis","Pommel Strike","Flex","Enlightenment","Twin Strike"],"campfire_rested":5,"item_purchase_floors":[3,3,11,20,20],"current_hp_per_floor":[80,80,80,79,79,79,49,55,55,79,79,75,75,67,80,44,80,76,68,68,68,50,74,74,74,74,76,33,57,56,35,59,0],"gold":302,"neow_bonus":"UPGRADE_CARD","is_prod":false,"is_daily":false,"chose_seed":false,"campfire_upgraded":2,"win_rate":0,"timestamp":1549024188,"path_taken":["M","?","$","M","?","R","E","?","T","R","?","E","R","M","R","BOSS","M","?","$","?","?","R","?","?","T","M","E","R","?","M","R","BOSS"],"build_version":"2019-01-23","purchased_purges":0,"victory":false,"max_hp_per_floor":[80,80,80,80,80,80,80,80,80,80,80,80,80,80,80,80,80,80,80,80,80,80,80,80,80,80,80,80,80,80,80,80,80],"card_choices":[{"not_picked":["Headbutt","Clothesline"],"picked":"Shrug It Off","floor":1},{"not_picked":["Wild Strike","Dual Wield"],"picked":"Warcry","floor":4},{"not_picked":["Ghostly Armor","Wild Strike"],"picked":"Anger","floor":7},{"not_picked":["Iron Wave","Inflame"],"picked":"Anger","floor":8},{"not_picked":["Shockwave","Hemokinesis"],"picked":"Anger","floor":12},{"not_picked":["Sentinel","True Grit"],"picked":"Headbutt","floor":14},{"not_picked":["Exhume","Juggernaut"],"picked":"Offering","floor":16},{"not_picked":["Pommel Strike","Body Slam"],"picked":"Thunderclap","floor":18},{"not_picked":["Dropkick","Fire Breathing"],"picked":"Iron Wave","floor":21},{"not_picked":["Sword Boomerang","Pommel Strike"],"picked":"Perfected Strike","floor":22},{"not_picked":["Sword Boomerang+1","Brutality"],"picked":"Flex","floor":27},{"not_picked":["Cleave","Spot Weakness"],"picked":"Blood for Blood","floor":28},{"not_picked":["Intimidate+1","Rupture"],"picked":"Uppercut","floor":30},{"not_picked":["Heavy Blade","Shrug It Off"],"picked":"Sword Boomerang+1","floor":31}],"player_experience":66322,"relics_obtained":[{"floor":7,"key":"Omamori"},{"floor":9,"key":"Gremlin Horn"},{"floor":12,"key":"Whetstone"},{"floor":25,"key":"Bag of Marbles"},{"floor":26,"key":"Bottled Flame"},{"floor":28,"key":"Bag of Preparation"},{"floor":28,"key":"Nunchaku"}],"event_choices":[{"damage_healed":0,"gold_gain":78,"player_choice":"Gained Gold","damage_taken":0,"max_hp_gain":0,"max_hp_loss":0,"event_name":"Golden Wing","floor":2,"gold_loss":0},{"damage_healed":0,"gold_gain":0,"cards_transformed":["Strike_R"],"player_choice":"Transformed","damage_taken":0,"max_hp_gain":0,"max_hp_loss":0,"event_name":"Transmorgrifier","floor":5,"gold_loss":0,"cards_obtained":["Burning Pact"]},{"damage_healed":0,"gold_gain":0,"player_choice":"Damaged","damage_taken":8,"max_hp_gain":0,"max_hp_loss":0,"event_name":"Wheel of Change","floor":19,"gold_loss":0},{"damage_healed":0,"gold_gain":0,"player_choice":"Opened","damage_taken":0,"relics_obtained":["Boot"],"max_hp_gain":0,"max_hp_loss":0,"event_name":"The Mausoleum","floor":24,"gold_loss":0}],"is_beta":false,"boss_relics":[{"not_picked":["Cursed Key","Velvet Choker"],"picked":"Black Star"}],"items_purged_floors":[],"is_endless":false,"potions_floor_spawned":[1,14,28,31],"killed_by":"Automaton","ascension_level":2}