{"gold_per_floor":[116,116,116,116,116,150,110,136,136,147,200,216,229,179,179,281,281,299,72,84,97,97,97,116,132,132,132,152,170,170],"floor_reached":30,"playtime":1408,"items_purged":[],"score":409,"play_id":"9203cadd-1212-4368-ad38-d4f980f5097b","local_time":"20190319175921","is_ascension_mode":true,"campfire_choices":[{"data":"Double Energy","floor":15.0,"key":"SMITH"},{"data":"Consume","floor":23.0,"key":"SMITH"},{"floor":27,"key":"REST"}],"neow_cost":"NONE","seed_source_timestamp":25847247284574,"circlet_count":0,"master_deck":["Strike_B","Strike_B+1","Zap","Dualcast","Cold Snap+1","Double Energy+1","Consume+1","Self Repair","Conserve Battery","Cold Snap","Melter","Core Surge","Capacitor+1","Thunder Strike+1","Reinforced Body+1","Go for the Eyes","Stack","Auto Shields+1","Madness+1","Poisoned Stab","Flex+1","Swift Strike"],"special_seed":0,"relics":["Cracked Core","NeowsBlessing","Whetstone","Kunai","Pocketwatch","Bag of Marbles","Astrolabe","PrismaticShard","Mango"],"potions_floor_usage":[25,25],"damage_taken":[{"damage":0.0,"enemies":"Small Slimes","floor":1.0,"turns":1.0},{"damage":0.0,"enemies":"Lagavulin","floor":6.0,"turns":1.0},{"damage":0.0,"enemies":"3 Sentries","floor":8.0,"turns":1.0},{"damage":6.0,"enemies":"2 Louse","floor":10.0,"turns":2.0},{"damage":10.0,"enemies":"Jaw Worm","floor":12.0,"turns":2.0},{"damage":8.0,"enemies":"Blue Slaver","floor":13.0,"turns":3.0},{"damage":16.0,"enemies":"Hexaghost","floor":16.0,"turns":9.0},{"damage":18.0,"enemies":"2 Thieves","floor":18.0,"turns":3.0},{"damage":11.0,"enemies":"Chosen","floor":20.0,"turns":6.0},{"damage":0.0,"enemies":"Centurion and Healer","floor":21.0,"turns":10.0},{"damage":16.0,"enemies":"Colosseum Slavers","floor":22.0,"turns":5.0},{"damage":1.0,"enemies":"Snecko","floor":24.0,"turns":5.0},{"damage":55,"enemies":"3 Cultists","floor":25,"turns":7},{"damage":26,"enemies":"Centurion and Healer","floor":28,"turns":7},{"damage":11,"enemies":"Snecko","floor":29,"turns":5},{"damage":28,"enemies":"Cultist and Chosen","floor":30,"turns":4}],"seed_played":"6378386735068218872","potions_obtained":[{"floor":8.0,"key":"FearPotion"},{"floor":13.0,"key":"Strength Potion"},{"floor":16.0,"key":"Swift Potion"},{"floor":20.0,"key":"Block Potion"},{"floor":21.0,"key":"GamblersBrew"},{"floor":24.0,"key":"PowerPotion"}],"is_trial":false,"path_per_floor":["M","?","?","$","$","E","$","E","T","M","T","M","M","?","R","B",null,"M","$","M","M","?","R","M","M","T","R","M","M","M"],"character_chosen":"DEFECT","items_purchased":["Self Repair","PrismaticShard","Stack"],"campfire_rested":1,"item_purchase_floors":[7,19,19],"current_hp_per_floor":[68,61,61,61,61,61,61,61,61,55,55,52,51,51,51,42,67,56,56,52,59,50,50,56,15,29,55,36,25,0],"gold":170,"neow_bonus":"THREE_ENEMY_KILL","is_prod":false,"is_daily":false,"chose_seed":false,"campfire_upgraded":2,"win_rate":0,"timestamp":1553036361,"path_taken":["M","?","?","?","$","E","$","E","T","M","?","M","M","?","R","BOSS","M","$","M","M","?","R","M","M","T","R","M","M","M"],"build_version":"2019-01-23","purchased_purges":0,"victory":false,"max_hp_per_floor":[75,75,75,75,75,75,75,75,75,75,75,75,75,75,75,75,75,75,75,75,75,75,75,75,75,89,89,89,89,89],"card_choices":[{"not_picked":["Streamline","Rebound"],"picked":"Cold Snap","floor":1.0},{"not_picked":["Compile Driver","Conserve Battery"],"picked":"Consume","floor":6.0},{"not_picked":["Gash","Fusion","Compile Driver"],"picked":"SKIP","floor":8.0},{"not_picked":["Melter","Undo"],"picked":"Conserve Battery","floor":10.0},{"not_picked":["Hologram","Leap"],"picked":"Cold Snap","floor":12.0},{"not_picked":["Stack","Hologram"],"picked":"Melter","floor":13.0},{"not_picked":["Machine Learning","Hyperbeam"],"picked":"Core Surge","floor":16.0},{"not_picked":["Storm","Skim"],"picked":"Go for the Eyes","floor":18.0},{"not_picked":["Loop","Cold Snap"],"picked":"Auto Shields+1","floor":20.0},{"not_picked":["Underhanded Strike","Headbutt"],"picked":"Madness+1","floor":21.0},{"not_picked":["Pommel Strike","Sadistic Nature"],"picked":"Poisoned Stab","floor":24.0},{"not_picked":["Predator","Turbo","Cold Snap"],"picked":"SKIP","floor":25},{"not_picked":["FTL","Heavy Blade"],"picked":"Flex+1","floor":28},{"not_picked":["Heel Hook","Anger"],"picked":"Swift Strike","floor":29}],"player_experience":567091,"relics_obtained":[{"floor":6.0,"key":"Whetstone"},{"floor":8.0,"key":"Kunai"},{"floor":9.0,"key":"Pocketwatch"},{"floor":11.0,"key":"Bag of Marbles"},{"floor":26,"key":"Mango"}],"event_choices":[{"cards_removed":["Strike_B"],"damage_healed":0.0,"max_hp_gain":0.0,"max_hp_loss":0.0,"gold_gain":0.0,"event_name":"Golden Wing","player_choice":"Card Removal","floor":2.0,"gold_loss":0.0,"damage_taken":7.0},{"damage_healed":0.0,"max_hp_gain":0.0,"max_hp_loss":0.0,"gold_gain":0.0,"cards_transformed":["Defend_B"],"event_name":"Living Wall","player_choice":"Change","floor":3.0,"gold_loss":0.0,"damage_taken":0.0,"cards_obtained":["Double Energy"]},{"cards_removed":["Defend_B"],"damage_healed":0.0,"max_hp_gain":0.0,"max_hp_loss":0.0,"gold_gain":0.0,"event_name":"The Cleric","player_choice":"Card Removal","floor":14.0,"gold_loss":50.0,"damage_taken":0.0},{"damage_healed":0.0,"max_hp_gain":0.0,"max_hp_loss":0.0,"gold_gain":0.0,"event_name":"Colosseum","player_choice":"Fight","floor":22.0,"gold_loss":0.0,"damage_taken":0.0},{"damage_healed":0.0,"max_hp_gain":0.0,"max_hp_loss":0.0,"gold_gain":0.0,"event_name":"Colosseum","player_choice":"Fled From Nobs","floor":22.0,"gold_loss":0.0,"damage_taken":0.0}],"is_beta":false,"boss_relics":[{"not_picked":["Pandora\u0027s Box","Runic Pyramid"],"picked":"Astrolabe"}],"items_purged_floors":[],"is_endless":false,"potions_floor_spawned":[8,13,16,20,21,24],"killed_by":"Cultist and Chosen","ascension_level":8}