{"gold_per_floor":[110,110,129,140,152,180,195,195,222,282,256,256,256,272,272,372,372,386,400,413,12,27,27,59,59,59,37,50,50,50,50,50,146,146,156,169,179,179,230,242,288,300,312,359,371,415,29,48,48,48],"floor_reached":50,"playtime":3233,"items_purged":["Strike_G","Strike_G"],"score":978,"play_id":"ec186fc2-a485-43cb-a403-8b5af407ba19","local_time":"20181111225422","is_ascension_mode":true,"campfire_choices":[{"floor":8.0,"key":"REST"},{"data":"Dash","floor":13.0,"key":"SMITH"},{"data":"Sucker Punch","floor":15.0,"key":"SMITH"},{"floor":23.0,"key":"REST"},{"data":"Infinite Blades","floor":25.0,"key":"SMITH"},{"floor":32.0,"key":"REST"},{"data":"After Image","floor":40.0,"key":"SMITH"},{"data":"A Thousand Cuts","floor":45,"key":"SMITH"},{"floor":49,"key":"REST"}],"neow_cost":"NONE","seed_source_timestamp":36890299517596,"circlet_count":0,"master_deck":["AscendersBane","Defend_G","Defend_G","Defend_G","Defend_G","Defend_G","Strike_G","Strike_G","Strike_G","Survivor","Neutralize","Dodge and Roll","Sucker Punch+1","Dash+1","Dagger Spray","Venomology","PiercingWail","Well Laid Plans","Infinite Blades+1","Envenom","Bane","Noxious Fumes","Dagger Spray","Bullet Time","A Thousand Cuts+1","Calculated Gamble","Backflip","After Image+1","Wraith Form v2","Dodge and Roll+1","Bane+1","Malaise","PiercingWail+1","Dodge and Roll","Dagger Throw+1","Leg Sweep","Accuracy+1","Sadistic Nature"],"special_seed":0,"relics":["Ring of the Snake","Happy Flower","Centennial Puzzle","PreservedInsect","Juzu Bracelet","Tiny Chest","Philosopher\u0027s Stone","Pocketwatch","Snake Skull","Thread and Needle","Orrery","MawBank","Ornamental Fan","Frozen Egg 2","Ancient Tea Set","Shovel","The Specimen"],"potions_floor_usage":[41,41,48,50,50,50,50],"damage_taken":[{"damage":0.0,"enemies":"2 Louse","floor":1.0,"turns":4.0},{"damage":10.0,"enemies":"Jaw Worm","floor":3.0,"turns":6.0},{"damage":1.0,"enemies":"Small Slimes","floor":4.0,"turns":4.0},{"damage":0.0,"enemies":"2 Fungi Beasts","floor":5.0,"turns":4.0},{"damage":31.0,"enemies":"Lagavulin","floor":6.0,"turns":7.0},{"damage":0.0,"enemies":"Blue Slaver","floor":7.0,"turns":4.0},{"damage":1.0,"enemies":"3 Sentries","floor":10.0,"turns":7.0},{"damage":0.0,"enemies":"3 Louse","floor":14.0,"turns":4.0},{"damage":0.0,"enemies":"The Guardian","floor":16.0,"turns":17.0},{"damage":25.0,"enemies":"Spheric Guardian","floor":18.0,"turns":6.0},{"damage":3.0,"enemies":"Chosen","floor":19.0,"turns":5.0},{"damage":15.0,"enemies":"Snake Plant","floor":20.0,"turns":6.0},{"damage":9.0,"enemies":"Chosen and Byrds","floor":22.0,"turns":5.0},{"damage":18.0,"enemies":"Slavers","floor":24.0,"turns":3.0},{"damage":0.0,"enemies":"Snecko","floor":28.0,"turns":3.0},{"damage":21.0,"enemies":"Colosseum Slavers","floor":30.0,"turns":4.0},{"damage":19.0,"enemies":"Automaton","floor":33.0,"turns":9.0},{"damage":3.0,"enemies":"Orb Walker","floor":35.0,"turns":5.0},{"damage":3.0,"enemies":"3 Darklings","floor":36.0,"turns":6.0},{"damage":6.0,"enemies":"4 Shapes","floor":37.0,"turns":9.0},{"damage":3,"enemies":"Giant Head","floor":41,"turns":9},{"damage":2,"enemies":"Nemesis","floor":44,"turns":7},{"damage":0,"enemies":"Reptomancer","floor":46,"turns":5},{"damage":7,"enemies":"Spire Growth","floor":48,"turns":7},{"damage":70,"enemies":"Awakened One","floor":50,"turns":12}],"seed_played":"-4250686269288966742","potions_obtained":[{"floor":1.0,"key":"Ancient Potion"},{"floor":6.0,"key":"FearPotion"},{"floor":12.0,"key":"GhostInAJar"},{"floor":12.0,"key":"FearPotion"},{"floor":14.0,"key":"Regen Potion"},{"floor":16.0,"key":"Regen Potion"},{"floor":20.0,"key":"FearPotion"},{"floor":24.0,"key":"Poison Potion"},{"floor":28.0,"key":"LiquidBronze"},{"floor":33.0,"key":"Fruit Juice"},{"floor":44,"key":"Strength Potion"},{"floor":48,"key":"SpeedPotion"}],"is_trial":false,"path_per_floor":["M","?","M","M","M","E","M","R","T","E","?","?","R","M","R","B",null,"M","M","M","$","M","R","E","R","T","$","M","$","?","T","R","B",null,"M","M","M","?","T","R","E","?","T","E","R","E","$","M","R","B"],"character_chosen":"THE_SILENT","items_purchased":["Bullet Time","A Thousand Cuts","Backflip","The Specimen"],"campfire_rested":4,"item_purchase_floors":[21,21,27,47],"current_hp_per_floor":[63,51,41,40,40,9,9,30,30,29,29,29,29,29,29,44,64,48,45,30,30,21,42,24,24,24,24,36,36,15,15,36,17,62,59,56,50,50,50,50,47,47,47,45,45,45,45,38,60,0],"gold":48,"neow_bonus":"RANDOM_COMMON_RELIC","is_prod":false,"is_daily":false,"chose_seed":false,"campfire_upgraded":5,"win_rate":0,"timestamp":1542002062,"path_taken":["M","?","M","M","M","E","M","R","T","E","?","?","R","M","R","BOSS","M","M","M","$","M","R","E","R","T","$","M","?","?","?","R","BOSS","M","M","M","?","?","R","E","?","T","E","R","E","$","M","R","BOSS"],"build_version":"2018-11-08","purchased_purges":2,"victory":false,"max_hp_per_floor":[70,70,70,70,70,70,70,70,70,70,70,70,70,70,70,70,70,70,70,70,70,70,70,70,70,70,70,70,70,70,70,70,70,75,75,75,75,75,75,75,75,75,75,75,75,75,75,75,75,75],"card_choices":[{"not_picked":["Reflex","Acrobatics"],"picked":"Dodge and Roll","floor":1.0},{"not_picked":["Cloak And Dagger","Blur"],"picked":"Sucker Punch","floor":3.0},{"not_picked":["Underhanded Strike","Slice"],"picked":"Dash","floor":4.0},{"not_picked":["Reflex","Slice"],"picked":"Dagger Spray","floor":5.0},{"not_picked":["Acrobatics","Bane"],"picked":"Venomology","floor":6.0},{"not_picked":["Masterful Stab","Outmaneuver"],"picked":"PiercingWail","floor":7.0},{"not_picked":["Poisoned Stab","Acrobatics"],"picked":"Well Laid Plans","floor":10.0},{"not_picked":["Backflip","Outmaneuver"],"picked":"Infinite Blades","floor":14.0},{"not_picked":["Corpse Explosion","Malaise"],"picked":"Envenom","floor":16.0},{"not_picked":["Bouncing Flask","Masterful Stab"],"picked":"Bane","floor":18.0},{"not_picked":["Dodge and Roll","Heel Hook+1"],"picked":"Noxious Fumes","floor":19.0},{"not_picked":["Underhanded Strike","Skewer"],"picked":"Dagger Spray","floor":20.0},{"not_picked":["Dagger Throw","Riddle With Holes+1"],"picked":"Flying Knee+1","floor":22.0},{"not_picked":["Quick Slash","Poisoned Stab"],"picked":"Calculated Gamble","floor":24.0},{"not_picked":["PiercingWail+1","Sucker Punch"],"picked":"After Image","floor":28.0},{"not_picked":["Tools of the Trade","Night Terror"],"picked":"Wraith Form v2","floor":33.0},{"not_picked":["Flechettes","Flying Knee"],"picked":"Dodge and Roll+1","floor":34.0},{"not_picked":["Finisher","Underhanded Strike"],"picked":"Bane+1","floor":34.0},{"not_picked":["Noxious Fumes","Backflip"],"picked":"Malaise","floor":34.0},{"not_picked":["Bouncing Flask","Deflect"],"picked":"PiercingWail+1","floor":34.0},{"not_picked":["Eviscerate","Acrobatics"],"picked":"Dodge and Roll","floor":34.0},{"not_picked":["Deflect+1","Underhanded Strike"],"picked":"Dagger Throw+1","floor":35.0},{"not_picked":["Expertise+1","Dagger Spray"],"picked":"Leg Sweep","floor":36.0},{"not_picked":["PiercingWail+1","Deflect"],"picked":"Accuracy+1","floor":37.0},{"not_picked":["Deflect+1","Deadly Poison","Dagger Throw"],"picked":"SKIP","floor":41},{"not_picked":["Deflect+1","Deadly Poison","Dagger Throw"],"picked":"SKIP","floor":41},{"not_picked":["Flash of Steel","Blind"],"picked":"Sadistic Nature","floor":42},{"not_picked":["Setup+1","Masterful Stab","Dagger Throw"],"picked":"SKIP","floor":44},{"not_picked":["Dagger Throw","Eviscerate","Outmaneuver+1"],"picked":"SKIP","floor":46},{"not_picked":["Dagger Throw","Riddle With Holes+1","Flying Knee"],"picked":"SKIP","floor":48}],"player_experience":595174,"relics_obtained":[{"floor":6.0,"key":"PreservedInsect"},{"floor":9.0,"key":"Juzu Bracelet"},{"floor":10.0,"key":"Tiny Chest"},{"floor":24.0,"key":"Pocketwatch"},{"floor":26.0,"key":"Snake Skull"},{"floor":31.0,"key":"Thread and Needle"},{"floor":39.0,"key":"MawBank"},{"floor":41,"key":"Ornamental Fan"},{"floor":43,"key":"Frozen Egg 2"},{"floor":44,"key":"Ancient Tea Set"},{"floor":46,"key":"Shovel"}],"event_choices":[{"damage_healed":0.0,"max_hp_gain":0.0,"max_hp_loss":0.0,"gold_gain":0.0,"event_name":"Scrap Ooze","player_choice":"Success","floor":2.0,"gold_loss":0.0,"damage_taken":12.0,"relics_obtained":["Centennial Puzzle"]},{"damage_healed":0.0,"max_hp_gain":0.0,"max_hp_loss":0.0,"gold_gain":0.0,"event_name":"World of Goop","player_choice":"Left Gold","floor":11.0,"gold_loss":26.0,"damage_taken":0.0},{"damage_healed":0.0,"max_hp_gain":0.0,"max_hp_loss":0.0,"gold_gain":0.0,"event_name":"Lab","player_choice":"Got Potions","floor":12.0,"gold_loss":0.0,"damage_taken":0.0},{"damage_healed":0.0,"max_hp_gain":0.0,"max_hp_loss":0.0,"gold_gain":0.0,"event_name":"Colosseum","player_choice":"Fight","floor":30.0,"gold_loss":0.0,"damage_taken":0.0},{"damage_healed":0.0,"max_hp_gain":0.0,"max_hp_loss":0.0,"gold_gain":0.0,"event_name":"Colosseum","player_choice":"Fled From Nobs","floor":30.0,"gold_loss":0.0,"damage_taken":0.0},{"cards_removed":["Flying Knee"],"damage_healed":0.0,"max_hp_gain":0.0,"max_hp_loss":0.0,"gold_gain":0.0,"event_name":"Falling","player_choice":"Removed Attack","floor":38.0,"gold_loss":0.0,"damage_taken":0.0},{"damage_healed":0,"gold_gain":0,"player_choice":"Memory 1","damage_taken":0,"max_hp_gain":0,"max_hp_loss":0,"event_name":"SensoryStone","floor":42,"gold_loss":0}],"is_beta":false,"boss_relics":[{"not_picked":["Cursed Key","Coffee Dripper"],"picked":"Philosopher\u0027s Stone"},{"not_picked":["Sozu","Velvet Choker"],"picked":"Orrery"}],"items_purged_floors":[21,47],"is_endless":false,"potions_floor_spawned":[1,6,14,16,20,24,28,33,44,48],"killed_by":"Awakened One","ascension_level":10}