{"gold_per_floor":[114,114,127,145,145,145,162,187,236,261,307,336,301,257,257,257],"floor_reached":16,"playtime":1157,"items_purged":[],"score":112,"play_id":"d44f8abd-6b9a-44e3-b0e5-d302ee532e51","local_time":"20190307193404","is_ascension_mode":false,"campfire_choices":[{"floor":6,"key":"REST"},{"floor":15,"key":"REST"}],"neow_cost":"NONE","seed_source_timestamp":926625526293483,"circlet_count":0,"master_deck":["Strike_B+1","Strike_B","Strike_B+1","Defend_B","Defend_B","Defend_B","Defend_B","Zap","Dualcast","Barrage","BootSequence","Skim","Fission","Undo","Creative AI","Conserve Battery","Gash","Coolheaded","Leap"],"relics":["Cracked Core","Matryoshka","Strawberry","MawBank","Bag of Marbles","Whetstone"],"potions_floor_usage":[8,16,16,16],"damage_taken":[{"damage":7,"enemies":"2 Louse","floor":1,"turns":5},{"damage":9,"enemies":"Jaw Worm","floor":3,"turns":5},{"damage":0,"enemies":"Small Slimes","floor":4,"turns":3},{"damage":9,"enemies":"Blue Slaver","floor":7,"turns":4},{"damage":29,"enemies":"Gremlin Nob","floor":8,"turns":5},{"damage":5,"enemies":"Looter","floor":10,"turns":3},{"damage":35,"enemies":"3 Sentries","floor":11,"turns":10},{"damage":3,"enemies":"2 Fungi Beasts","floor":12,"turns":3},{"damage":43,"enemies":"Slime Boss","floor":16,"turns":10}],"seed_played":"7306962499861410809","potions_obtained":[{"floor":4,"key":"Poison Potion"},{"floor":8,"key":"GamblersBrew"},{"floor":11,"key":"Weak Potion"},{"floor":12,"key":"SpeedPotion"}],"is_trial":false,"path_per_floor":["M","?","M","M","?","R","M","E","T","M","E","M","$","?","R","B"],"character_chosen":"DEFECT","items_purchased":["Leap"],"campfire_rested":2,"item_purchase_floors":[13],"current_hp_per_floor":[75,72,63,63,63,82,73,51,51,46,11,8,8,8,34,0],"gold":257,"neow_bonus":"TEN_PERCENT_HP_BONUS","is_prod":false,"is_daily":false,"chose_seed":false,"campfire_upgraded":0,"win_rate":0,"timestamp":1551998044,"path_taken":["M","?","M","M","?","R","M","E","T","M","E","?","$","?","R","BOSS"],"build_version":"2019-01-23","purchased_purges":0,"victory":false,"max_hp_per_floor":[82,82,82,82,82,82,82,89,89,89,89,89,89,89,89,89],"card_choices":[{"not_picked":["Rebound","Rip and Tear"],"picked":"Barrage","floor":1},{"not_picked":["Hologram","Leap"],"picked":"BootSequence","floor":3},{"not_picked":["Genetic Algorithm","Melter"],"picked":"Skim","floor":4},{"not_picked":["Auto Shields","Coolheaded"],"picked":"Undo","floor":7},{"not_picked":["Buffer","Fission"],"picked":"Creative AI","floor":8},{"not_picked":["Gash","Rebound"],"picked":"Conserve Battery","floor":10},{"not_picked":["Melter","Beam Cell"],"picked":"Gash","floor":11},{"not_picked":["Stack","Reinforced Body"],"picked":"Coolheaded","floor":12}],"player_experience":21834,"relics_obtained":[{"floor":8,"key":"Strawberry"},{"floor":9,"key":"MawBank"},{"floor":9,"key":"Bag of Marbles"},{"floor":11,"key":"Whetstone"}],"event_choices":[{"damage_healed":0,"gold_gain":0,"player_choice":"Success","damage_taken":3,"relics_obtained":["Matryoshka"],"max_hp_gain":0,"max_hp_loss":0,"event_name":"Scrap Ooze","floor":2,"gold_loss":0},{"damage_healed":0,"gold_gain":0,"cards_transformed":["Strike_B"],"player_choice":"Change","damage_taken":0,"max_hp_gain":0,"max_hp_loss":0,"event_name":"Living Wall","floor":5,"gold_loss":0,"cards_obtained":["Fission"]},{"damage_healed":0,"gold_gain":0,"player_choice":"Left Gold","damage_taken":0,"max_hp_gain":0,"max_hp_loss":0,"event_name":"World of Goop","floor":14,"gold_loss":44}],"is_beta":false,"boss_relics":[],"items_purged_floors":[],"is_endless":false,"potions_floor_spawned":[4,8,11,12],"killed_by":"Slime Boss","ascension_level":0}