{"path_per_floor":["M","M","?","?","?","E","R","E","T","R","M","E","M","$","R","B",null,"M","?","?","$","?","R","M","R","T","M","R","M","$","?","R","B",null,"M","M","?","$","M","R","?","E","T","?","M","$","M","M","R"],"character_chosen":"DEFECT","items_purchased":["Capacitor","Capacitor","Storm","Aggregate","Capacitor","Lockon"],"gold_per_floor":[109,119,119,194,194,229,229,254,254,254,264,290,306,180,180,282,282,292,292,207,155,155,155,167,167,192,202,202,214,34,34,34,139,139,154,168,223,148,163,163,163,188,211,211,224,102,118,138,138,138],"floor_reached":50,"campfire_rested":2,"playtime":2618,"current_hp_per_floor":[75,75,75,64,49,49,71,54,54,54,54,50,44,44,44,13,75,75,75,75,75,75,75,75,75,82,82,82,82,82,82,82,69,82,82,47,48,48,58,58,58,46,46,46,47,47,28,20,59,0],"items_purged":["Regret","Strike_B"],"gold":138,"score":539,"play_id":"32e02ead-8512-4a89-8089-e5133e4e3b91","local_time":"20180507174411","is_prod":false,"is_daily":false,"chose_seed":false,"is_ascension_mode":true,"campfire_upgraded":5,"timestamp":1525733051,"path_taken":["M","M","?","?","?","E","R","E","T","R","M","E","M","$","R","BOSS","M","?","?","$","?","R","M","R","T","M","R","M","$","?","R","BOSS","M","M","?","$","M","R","?","E","T","?","?","$","?","M","R","BOSS"],"build_version":"2018-05-03","seed_source_timestamp":1866170448476381,"purchased_purges":4,"victory":false,"master_deck":["Strike_B+1","Defend_B","Defend_B+1","Defend_B+1","Defend_B","Zap+1","Dualcast+1","Stack+1","Auto Shields+1","Ball Lightning","Chaos+1","Self Repair+1","Capacitor+1","Biased Cognition+1","Sweeping Beam+1","Capacitor+1","Buffer+1","Static Discharge+1","Consume+1","Storm+1","Creative AI+1","Leap+1","Go for the Eyes","Beam Cell+1","White Noise+1","Aggregate","Conserve Battery+1","Consume+1","Capacitor+1","Lockon","Tempest+1","BootSequence+1"],"max_hp_per_floor":[75,75,75,75,75,75,75,75,75,75,75,75,75,75,75,75,75,75,75,75,75,75,75,75,75,82,82,82,82,82,82,82,82,82,82,82,82,82,82,82,82,82,82,82,82,82,82,82,82,82],"relics":["Cracked Core","NeowsBlessing","Symbiotic Virus","Lantern","Oddly Smooth Stone","Frozen Egg 2","War Paint","Black Star","Peace Pipe","Vajra","Pen Nib","Strawberry","Orrery","Calipers","Bronze Scales","Ancient Tea Set","Regal Pillow"],"card_choices":[{"not_picked":["Skim","Leap"],"picked":"Stack","floor":1.0},{"not_picked":["Impulse","Coolheaded"],"picked":"Auto Shields","floor":2.0},{"not_picked":["Rainbow","Rip and Tear"],"picked":"Ball Lightning","floor":6.0},{"not_picked":["Loop","Cold Snap"],"picked":"Chaos","floor":8.0},{"not_picked":["Stack","Sweeping Beam"],"picked":"Axe Kick","floor":11.0},{"not_picked":["Nova","Axe Kick"],"picked":"Self Repair","floor":12.0},{"not_picked":["Redo","Hyperbeam"],"picked":"Biased Cognition","floor":16.0},{"not_picked":["Impulse","Turbo"],"picked":"Sweeping Beam","floor":18.0},{"not_picked":["Stack","Lockon"],"picked":"Buffer","floor":24.0},{"not_picked":["Capacitor","Sweeping Beam"],"picked":"Static Discharge","floor":27.0},{"not_picked":["Go for the Eyes","Hologram"],"picked":"Consume","floor":29.0},{"not_picked":["Echo Form","Biased Cognition"],"picked":"Creative AI","floor":33.0},{"not_picked":["Stack","Streamline"],"picked":"Leap","floor":34.0},{"not_picked":["Rip and Tear","Ball Lightning"],"picked":"Go for the Eyes","floor":34.0},{"not_picked":["Leap","Coolheaded"],"picked":"Beam Cell","floor":35.0},{"not_picked":["Sunder","Impulse"],"picked":"White Noise","floor":36.0},{"not_picked":["Coolheaded","Melter"],"picked":"Conserve Battery","floor":39.0},{"not_picked":["Hologram","Streamline"],"picked":"Consume","floor":45},{"not_picked":["Axe Kick","Rebound"],"picked":"Tempest","floor":47},{"not_picked":["Self Repair","Skim"],"picked":"BootSequence","floor":48}],"player_experience":47587,"potions_floor_usage":[50,50],"damage_taken":[{"damage":0.0,"enemies":"Small Slimes","floor":1.0,"turns":1.0},{"damage":0.0,"enemies":"2 Louse","floor":2.0,"turns":1.0},{"damage":0.0,"enemies":"3 Sentries","floor":6.0,"turns":1.0},{"damage":17.0,"enemies":"Lagavulin","floor":8.0,"turns":7.0},{"damage":0.0,"enemies":"Jaw Worm","floor":11.0,"turns":2.0},{"damage":4.0,"enemies":"3 Sentries","floor":12.0,"turns":4.0},{"damage":6.0,"enemies":"Looter","floor":13.0,"turns":3.0},{"damage":31.0,"enemies":"The Guardian","floor":16.0,"turns":12.0},{"damage":3.0,"enemies":"Spheric Guardian","floor":18.0,"turns":4.0},{"damage":1.0,"enemies":"2 Thieves","floor":24.0,"turns":4.0},{"damage":0.0,"enemies":"Centurion and Healer","floor":27.0,"turns":5.0},{"damage":10.0,"enemies":"Cultist and Chosen","floor":29.0,"turns":4.0},{"damage":23.0,"enemies":"Champ","floor":33.0,"turns":8.0},{"damage":0.0,"enemies":"3 Shapes","floor":35.0,"turns":4.0},{"damage":35.0,"enemies":"3 Darklings","floor":36.0,"turns":3.0},{"damage":21.0,"enemies":"Mysterious Sphere","floor":37.0,"turns":5.0},{"damage":0.0,"enemies":"Sphere and 2 Shapes","floor":39.0,"turns":4.0},{"damage":37.0,"enemies":"Giant Head","floor":42.0,"turns":9.0},{"damage":9,"enemies":"4 Shapes","floor":45,"turns":4},{"damage":29,"enemies":"3 Darklings","floor":47,"turns":5},{"damage":18,"enemies":"Flame Bruiser 2 Orb","floor":48,"turns":6},{"damage":67,"enemies":"Donu and Deca","floor":50,"turns":6}],"event_choices":[{"event_name":"Big Fish","player_choice":"Box","floor":3.0,"damage_taken":0.0},{"event_name":"World of Goop","player_choice":"Gather Gold","floor":4.0,"damage_taken":0.0},{"event_name":"Shining Light","player_choice":"Entered Light","floor":5.0,"damage_taken":0.0},{"event_name":"Accursed Blacksmith","player_choice":"Rummage","floor":19.0,"damage_taken":0.0},{"event_name":"Addict","player_choice":"Obtained Relic","floor":20.0,"damage_taken":0.0},{"event_name":"The Mausoleum","player_choice":"Yes","floor":22.0,"damage_taken":0.0},{"event_name":"Ghosts","player_choice":"Ignored","floor":31.0,"damage_taken":0.0},{"event_name":"Mysterious Sphere","player_choice":"Fight","floor":37.0,"damage_taken":0.0},{"event_name":"Purifier","player_choice":"One Purge","floor":44.0,"damage_taken":0.0}],"boss_relics":[],"potions_floor_spawned":[8,12,13,16,24,27,29,36,39,45,47],"seed_played":"614268669370453644","killed_by":"Donu and Deca","ascension_level":1,"is_trial":false}