{"gold_per_floor":[110,124,49,49,67,124,124,138,161,161,178,178],"floor_reached":12,"playtime":401,"items_purged":["Strike_R"],"score":104,"play_id":"f7224cd1-1d57-4f79-ad3a-8ae5105ad162","local_time":"20190317103700","is_ascension_mode":true,"campfire_choices":[{"floor":7,"key":"REST"}],"neow_cost":"NONE","seed_source_timestamp":209610487004900,"circlet_count":0,"master_deck":["Strike_R","Strike_R","Strike_R","Strike_R","Defend_R","Defend_R","Defend_R","Defend_R","Bash","Armaments","Shrug It Off","Headbutt","Disarm","Demon Form","Clash"],"relics":["Burning Blood","NeowsBlessing","GremlinMask","Tiny Chest","Blood Vial"],"potions_floor_usage":[],"damage_taken":[{"damage":0,"enemies":"2 Louse","floor":1,"turns":1},{"damage":0,"enemies":"Cultist","floor":2,"turns":1},{"damage":0,"enemies":"Small Slimes","floor":5,"turns":1},{"damage":49,"enemies":"3 Sentries","floor":6,"turns":10},{"damage":12,"enemies":"Blue Slaver","floor":8,"turns":5},{"damage":11,"enemies":"Red Slaver","floor":11,"turns":6},{"damage":55,"enemies":"Gremlin Gang","floor":12,"turns":3}],"seed_played":"-6759214733845060257","potions_obtained":[{"floor":6,"key":"PowerPotion"},{"floor":8,"key":"Poison Potion"},{"floor":11,"key":"Ancient Potion"}],"is_trial":false,"path_per_floor":["?","M","?","M"],"character_chosen":"IRONCLAD","items_purchased":[],"campfire_rested":1,"item_purchase_floors":[],"current_hp_per_floor":[78,80,80,80,80,37,61,55,55,55,52,0],"gold":178,"neow_bonus":"THREE_ENEMY_KILL","is_prod":false,"is_daily":false,"chose_seed":false,"campfire_upgraded":0,"win_rate":0,"timestamp":1552815420,"path_taken":["M","M","$","?","?","E","R","M","T","?","?","M"],"build_version":"2019-01-23","purchased_purges":1,"victory":false,"max_hp_per_floor":[80,80,80,80,80,80,80,80,80,80,80,80],"card_choices":[{"not_picked":["Clothesline","Disarm"],"picked":"Armaments","floor":1},{"not_picked":["Body Slam","Dual Wield"],"picked":"Shrug It Off","floor":2},{"not_picked":["Anger","Sentinel"],"picked":"Headbutt","floor":5},{"not_picked":["Perfected Strike","Hemokinesis"],"picked":"Disarm","floor":6},{"not_picked":["True Grit","Intimidate"],"picked":"Demon Form","floor":8},{"not_picked":["Shockwave","Cleave"],"picked":"Clash","floor":11}],"player_experience":356036,"relics_obtained":[{"floor":6,"key":"Tiny Chest"},{"floor":9,"key":"Blood Vial"}],"event_choices":[{"damage_healed":0,"gold_gain":0,"player_choice":"Trade","damage_taken":0,"relics_obtained":["GremlinMask"],"max_hp_gain":0,"max_hp_loss":0,"event_name":"FaceTrader","floor":4,"gold_loss":0},{"damage_healed":0,"gold_gain":0,"player_choice":"Ignored","damage_taken":0,"max_hp_gain":0,"max_hp_loss":0,"event_name":"Upgrade Shrine","floor":10,"gold_loss":0}],"is_beta":false,"boss_relics":[],"items_purged_floors":[3],"is_endless":false,"potions_floor_spawned":[6,8,11],"killed_by":"Gremlin Gang","ascension_level":6}