{"gold_per_floor":[113,113,127,127,139,139,154,154,203,221,496,508,526,526,526,526],"floor_reached":16,"playtime":328,"items_purged":[],"score":127,"play_id":"9905518d-5cb9-4484-8d8b-20272f997056","local_time":"20190313154459","is_ascension_mode":true,"campfire_choices":[{"data":"Perfected Strike","floor":6,"key":"SMITH"},{"data":"Perfected Strike","floor":8,"key":"SMITH"},{"data":"Armaments","floor":15,"key":"SMITH"}],"neow_cost":"NONE","seed_source_timestamp":2403330655649379,"circlet_count":0,"master_deck":["Strike_R","Strike_R","Strike_R+1","Strike_R","Strike_R","Defend_R+1","Defend_R","Defend_R","Defend_R","Bash","Perfected Strike+1","Perfected Strike+1","Offering","Regret","Twin Strike","Armaments+1"],"relics":["Burning Blood","NeowsBlessing","Bag of Marbles","Ancient Tea Set"],"potions_floor_usage":[16,16],"damage_taken":[{"damage":0,"enemies":"Small Slimes","floor":1,"turns":1},{"damage":0,"enemies":"Cultist","floor":3,"turns":1},{"damage":0,"enemies":"Jaw Worm","floor":5,"turns":1},{"damage":6,"enemies":"Red Slaver","floor":7,"turns":1},{"damage":6,"enemies":"Looter","floor":10,"turns":2},{"damage":6,"enemies":"Blue Slaver","floor":12,"turns":1},{"damage":13,"enemies":"Gremlin Gang","floor":13,"turns":3},{"damage":53,"enemies":"Hexaghost","floor":16,"turns":5}],"seed_played":"5632505636511007733","potions_obtained":[{"floor":1,"key":"Energy Potion"},{"floor":5,"key":"Weak Potion"},{"floor":7,"key":"SneckoOil"}],"is_trial":false,"path_per_floor":["M","?","M","?","M","R","M","R","T","M","?","M","M","?","R","B"],"character_chosen":"IRONCLAD","items_purchased":[],"campfire_rested":0,"item_purchase_floors":[],"current_hp_per_floor":[78,78,80,80,80,80,80,80,80,80,80,80,73,57,57,4],"gold":526,"neow_bonus":"THREE_ENEMY_KILL","is_prod":false,"is_daily":false,"chose_seed":false,"campfire_upgraded":3,"win_rate":0,"timestamp":1552459499,"path_taken":["M","?","M","?","M","R","M","R","T","?","?","M","?","?","R","BOSS"],"build_version":"2019-01-23","purchased_purges":0,"victory":false,"max_hp_per_floor":[80,80,80,80,80,80,80,80,80,80,80,80,80,80,80,80],"card_choices":[{"not_picked":["Uppercut","Twin Strike"],"picked":"Perfected Strike","floor":1},{"not_picked":["Metallicize","Body Slam"],"picked":"Perfected Strike","floor":3},{"not_picked":["Flex","Havoc"],"picked":"Offering","floor":5},{"not_picked":["Anger","Flex","Sever Soul"],"picked":"SKIP","floor":7},{"not_picked":["True Grit","Hemokinesis","Burning Pact"],"picked":"SKIP","floor":10},{"not_picked":["Burning Pact","Headbutt"],"picked":"Twin Strike","floor":12},{"not_picked":["Metallicize","Flex"],"picked":"Armaments","floor":13}],"player_experience":355825,"relics_obtained":[{"floor":9,"key":"Ancient Tea Set"}],"event_choices":[{"damage_healed":0,"gold_gain":0,"player_choice":"Box","damage_taken":0,"relics_obtained":["Bag of Marbles"],"max_hp_gain":0,"max_hp_loss":0,"event_name":"Big Fish","floor":2,"gold_loss":0,"cards_obtained":["Regret"]},{"cards_removed":["Regret"],"damage_healed":0,"gold_gain":0,"player_choice":"Purged","damage_taken":0,"max_hp_gain":0,"max_hp_loss":0,"event_name":"Purifier","floor":4,"gold_loss":0},{"damage_healed":0,"gold_gain":275,"player_choice":"Desecrate","damage_taken":0,"max_hp_gain":0,"max_hp_loss":0,"event_name":"Golden Shrine","floor":11,"gold_loss":0,"cards_obtained":["Regret"]},{"damage_healed":0,"gold_gain":0,"player_choice":"Entered Light","damage_taken":16,"max_hp_gain":0,"max_hp_loss":0,"event_name":"Shining Light","floor":14,"gold_loss":0,"cards_upgraded":["Defend_R","Strike_R"]}],"is_beta":false,"boss_relics":[],"items_purged_floors":[],"is_endless":false,"potions_floor_spawned":[1,5,7,12],"killed_by":"Hexaghost","ascension_level":7}