{"gold_per_floor":[110,110,126,141,160,160,177,177,223,233,233,233,251,36,36,133,133,146,156,179,4,24,24,54,54,80,100,130,143,143,172,172,172],"floor_reached":33,"playtime":1672,"items_purged":["Decay","Defend_G"],"score":279,"play_id":"3b5cf4fc-1c52-4250-ad53-8d39d135e257","local_time":"20180708112426","is_ascension_mode":false,"campfire_choices":[{"data":"Infinite Blades","floor":6,"key":"SMITH"},{"data":"Blur","floor":8,"key":"SMITH"},{"data":"Dagger Throw","floor":12,"key":"SMITH"},{"floor":15,"key":"REST"},{"data":"Adrenaline","floor":23,"key":"SMITH"},{"floor":25,"key":"REST"},{"floor":30,"key":"REST"},{"floor":32,"key":"REST"}],"neow_cost":"NONE","seed_source_timestamp":578702237165719,"circlet_count":0,"master_deck":["Defend_G","Defend_G","Defend_G","Defend_G","Strike_G","Strike_G","Strike_G","Strike_G","Strike_G+1","Survivor","Neutralize","Cloak And Dagger","Blur+1","Infinite Blades+1","Prepared","Dagger Throw+1","Poisoned Stab+1","Terror","Burst","Dash","Adrenaline+1","Flying Knee","Sucker Punch+1","Caltrops","Sucker Punch+1","Noxious Fumes","Flying Knee+1","Writhe","Flying Knee"],"relics":["Sozu","Art of War","Runic Pyramid","Pen Nib","Question Card","Bag of Preparation","Tiny Chest","Bag of Marbles"],"potions_floor_usage":[],"damage_taken":[{"damage":2,"enemies":"Small Slimes","floor":1,"turns":5},{"damage":5,"enemies":"Cultist","floor":3,"turns":5},{"damage":6,"enemies":"Jaw Worm","floor":4,"turns":6},{"damage":11,"enemies":"Lots of Slimes","floor":5,"turns":5},{"damage":8,"enemies":"Large Slime","floor":7,"turns":8},{"damage":0,"enemies":"Blue Slaver","floor":10,"turns":4},{"damage":1,"enemies":"2 Fungi Beasts","floor":13,"turns":3},{"damage":7,"enemies":"The Guardian","floor":16,"turns":10},{"damage":0,"enemies":"Shell Parasite","floor":18,"turns":4},{"damage":0,"enemies":"3 Byrds","floor":19,"turns":6},{"damage":18,"enemies":"Slaver and Parasite","floor":22,"turns":5},{"damage":50,"enemies":"Slavers","floor":24,"turns":6},{"damage":6,"enemies":"Snake Plant","floor":27,"turns":4},{"damage":6,"enemies":"Snecko","floor":29,"turns":4},{"damage":7,"enemies":"Book of Stabbing","floor":31,"turns":5},{"damage":49,"enemies":"Collector","floor":33,"turns":8}],"seed_played":"5025650064188055450","potions_obtained":[],"is_trial":false,"path_per_floor":["M","?","M","M","M","R","M","R","T","M","?","R","M","$","R","B",null,"M","M","T","$","M","R","E","R","T","M","?","M","R","E","R"],"character_chosen":"THE_SILENT","items_purchased":["Burst","Dash","Caltrops"],"campfire_rested":4,"item_purchase_floors":[14,14,21],"current_hp_per_floor":[68,68,63,57,46,46,38,38,38,38,24,24,23,23,44,37,70,70,70,70,70,52,52,2,23,23,17,17,11,32,25,46,0],"gold":172,"neow_bonus":"BOSS_RELIC","is_prod":false,"is_daily":false,"chose_seed":false,"campfire_upgraded":4,"win_rate":0.0,"timestamp":1531070666,"path_taken":["M","?","M","M","M","R","M","R","T","?","?","R","M","$","R","BOSS","M","M","?","$","M","R","E","R","T","?","?","M","R","E","R","BOSS"],"build_version":"2018-07-05","purchased_purges":2,"victory":false,"max_hp_per_floor":[70,70,70,70,70,70,70,70,70,70,70,70,70,70,70,70,70,70,70,70,70,70,70,70,70,70,70,70,70,70,70,70,70],"card_choices":[{"not_picked":["Slice","Expertise"],"picked":"Cloak And Dagger","floor":1},{"not_picked":["Dagger Spray","Poisoned Stab"],"picked":"Blur","floor":3},{"not_picked":["Predator","Underhanded Strike"],"picked":"Infinite Blades","floor":4},{"not_picked":["Backflip","Flechettes"],"picked":"Prepared","floor":5},{"not_picked":["Dagger Spray","Venomology"],"picked":"Dagger Throw","floor":7},{"not_picked":["Cloak And Dagger","Flechettes"],"picked":"Poisoned Stab","floor":10},{"not_picked":["Flechettes","Dagger Throw"],"picked":"Terror","floor":13},{"not_picked":["After Image","Night Terror"],"picked":"Adrenaline","floor":16},{"not_picked":["Deflect","Well Laid Plans"],"picked":"Flying Knee","floor":18},{"not_picked":["Blur+1","Slice"],"picked":"Sucker Punch+1","floor":19},{"not_picked":["Deflect","Prepared"],"picked":"Sucker Punch+1","floor":22},{"not_picked":["Leg Sweep","Underhanded Strike"],"picked":"Noxious Fumes","floor":24},{"not_picked":["Prepared+1","Backflip","Sucker Punch"],"picked":"Flying Knee+1","floor":27},{"not_picked":["Burst","Sucker Punch","Slice","Dagger Spray"],"picked":"SKIP","floor":29},{"not_picked":["Cloak And Dagger","Dagger Throw","Prepared"],"picked":"Flying Knee","floor":31}],"player_experience":159954,"relics_obtained":[{"floor":9,"key":"Art of War"},{"floor":20,"key":"Pen Nib"},{"floor":24,"key":"Question Card"},{"floor":26,"key":"Bag of Preparation"},{"floor":31,"key":"Bag of Marbles"}],"event_choices":[{"event_name":"Wheel of Change","player_choice":"Curse","floor":2,"damage_taken":0},{"event_name":"Shining Light","player_choice":"Entered Light","floor":11,"damage_taken":0},{"event_name":"The Mausoleum","player_choice":"Yes","floor":28,"damage_taken":0}],"boss_relics":[{"not_picked":["Philosopher\u0027s Stone","Coffee Dripper"],"picked":"Runic Pyramid"}],"items_purged_floors":[14,21],"is_endless":false,"potions_floor_spawned":[4,5,13,18,27,29,31],"killed_by":"Collector","ascension_level":0}