{"gold_per_floor":[11,11,21,40,54,87,87,17,17,37,37,37,54,88,88,184,184,201,20,20,36,36,36],"floor_reached":23,"playtime":639,"items_purged":[],"score":201,"play_id":"0ef29326-06d5-4751-b0dd-e8b86161ba5e","local_time":"20180912130306","is_ascension_mode":false,"campfire_choices":[{"data":"Armaments","floor":7.0,"key":"SMITH"},{"data":"Armaments","floor":11.0,"key":"SMITH"},{"floor":15.0,"key":"REST"}],"neow_cost":"NO_GOLD","seed_source_timestamp":136853364531714,"circlet_count":0,"master_deck":["Strike_R","Strike_R","Strike_R","Defend_R","Defend_R","Defend_R","Bash","Thunderclap","Armaments+1","Armaments+1","Headbutt","Offering","Sword Boomerang","Twin Strike","Flame Barrier","Demon Form+1","Metallicize+1","Panache+1","Body Slam+1"],"special_seed":0,"relics":["Burning Blood","Frozen Egg 2","Vajra","Question Card","Juzu Bracelet","White Beast Statue","GremlinMask"],"potions_floor_usage":[16,23],"damage_taken":[{"damage":6.0,"enemies":"Cultist","floor":1.0,"turns":3.0},{"damage":13.0,"enemies":"Jaw Worm","floor":3.0,"turns":3.0},{"damage":0.0,"enemies":"2 Louse","floor":4.0,"turns":2.0},{"damage":8.0,"enemies":"Exordium Thugs","floor":5.0,"turns":5.0},{"damage":38.0,"enemies":"Gremlin Nob","floor":6.0,"turns":5.0},{"damage":3.0,"enemies":"Red Slaver","floor":10.0,"turns":3.0},{"damage":5.0,"enemies":"Looter","floor":13.0,"turns":2.0},{"damage":25.0,"enemies":"Lagavulin","floor":14.0,"turns":5.0},{"damage":19,"enemies":"Slime Boss","floor":16,"turns":8},{"damage":37,"enemies":"2 Thieves","floor":18,"turns":4},{"damage":15,"enemies":"Shell Parasite","floor":21,"turns":7},{"damage":35,"enemies":"Book of Stabbing","floor":23,"turns":3}],"seed_played":"2999538566434210182","potions_obtained":[{"floor":3.0,"key":"Block Potion"},{"floor":4.0,"key":"Explosive Potion"},{"floor":6.0,"key":"GamblersBrew"},{"floor":13.0,"key":"Weak Potion"},{"floor":14.0,"key":"FearPotion"},{"floor":18,"key":"Fire Potion"},{"floor":21,"key":"Explosive Potion"}],"is_trial":false,"path_per_floor":["M","?","M","M","M","E","R","$","T","M","R","?","M","E","R","B",null,"M","$","?","M","?"],"character_chosen":"IRONCLAD","items_purchased":["Sword Boomerang","Twin Strike","Panache+1"],"campfire_rested":1,"item_purchase_floors":[8,8,19],"current_hp_per_floor":[80,73,66,72,70,38,38,38,38,41,41,41,42,23,47,34,80,49,49,34,25,25,0],"gold":36,"neow_bonus":"REMOVE_TWO","is_prod":false,"is_daily":false,"chose_seed":false,"campfire_upgraded":2,"win_rate":0,"timestamp":1536778986,"path_taken":["M","?","M","M","M","E","R","$","T","M","R","?","?","E","R","BOSS","M","$","?","M","?","E"],"build_version":"2018-09-06","purchased_purges":0,"victory":false,"max_hp_per_floor":[80,80,80,80,80,80,80,80,80,80,80,80,80,80,80,80,80,80,80,85,85,85,85],"card_choices":[{"not_picked":["Second Wind","Dual Wield"],"picked":"Thunderclap","floor":1.0},{"not_picked":["Sever Soul","Twin Strike"],"picked":"Armaments","floor":3.0},{"not_picked":["Ghostly Armor","Blood for Blood"],"picked":"Armaments","floor":4.0},{"not_picked":["Body Slam","Wild Strike"],"picked":"Headbutt","floor":5.0},{"not_picked":["Intimidate","Havoc"],"picked":"Offering","floor":6.0},{"not_picked":["Warcry","Power Through","Clothesline","Iron Wave"],"picked":"SKIP","floor":10.0},{"not_picked":["Hemokinesis","Clash","Pommel Strike"],"picked":"Flame Barrier","floor":13.0},{"not_picked":["Clothesline","Searing Blow","Warcry","Sentinel"],"picked":"SKIP","floor":14.0},{"not_picked":["Offering","Double Tap","Fiend Fire"],"picked":"Demon Form+1","floor":16},{"not_picked":["Pommel Strike","Clash+1","Thunderclap"],"picked":"Metallicize+1","floor":18},{"not_picked":["Perfected Strike","Anger","Blood for Blood"],"picked":"Body Slam+1","floor":21}],"player_experience":478841,"relics_obtained":[{"floor":6.0,"key":"Vajra"},{"floor":9.0,"key":"Question Card"},{"floor":14.0,"key":"Juzu Bracelet"}],"event_choices":[{"event_name":"Scrap Ooze","player_choice":"success","floor":2.0,"damage_taken":7.0},{"event_name":"Living Wall","player_choice":"Forget","floor":12.0,"damage_taken":0.0},{"event_name":"Forgotten Altar","player_choice":"Shed Blood","floor":20,"damage_taken":0},{"event_name":"FaceTrader","player_choice":"Trade","floor":22,"damage_taken":0}],"is_beta":false,"boss_relics":[{"not_picked":["Runic Cube","Calling Bell"],"picked":"White Beast Statue"}],"items_purged_floors":[],"is_endless":false,"potions_floor_spawned":[3,4,6,13,14,18,21],"killed_by":"Book of Stabbing","ascension_level":0}