{"gold_per_floor":[117,136,149,149,206,236,247,263,263,263,263,18,33,46,46,143,143,114,126,140,65,65],"floor_reached":22,"playtime":1160,"items_purged":["Strike_G"],"score":190,"play_id":"e03b587e-5c5c-49e1-b96c-9fa46082e2a3","local_time":"20180703142017","is_ascension_mode":false,"campfire_choices":[{"data":"Night Terror","floor":15,"key":"SMITH"}],"neow_cost":"","seed_source_timestamp":157830615442434,"circlet_count":0,"master_deck":["Defend_G","Defend_G","Defend_G","Defend_G","Defend_G","Strike_G","Strike_G","Strike_G","Survivor","Neutralize+1","Terror","Dagger Spray+1","Dash","Heel Hook","Flying Knee","Sucker Punch","Caltrops","Night Terror+1","Tools of the Trade","Sucker Punch","Blur"],"relics":["Ring of the Snake","Whetstone","Centennial Puzzle","Gremlin Horn","Lizard Tail"],"potions_floor_usage":[18,18],"damage_taken":[{"damage":8,"enemies":"Cultist","floor":1,"turns":5},{"damage":5,"enemies":"2 Louse","floor":2,"turns":2},{"damage":0,"enemies":"Jaw Worm","floor":3,"turns":4},{"damage":13,"enemies":"3 Sentries","floor":6,"turns":9},{"damage":0,"enemies":"3 Louse","floor":7,"turns":2},{"damage":1,"enemies":"Large Slime","floor":8,"turns":4},{"damage":2,"enemies":"2 Fungi Beasts","floor":13,"turns":2},{"damage":0,"enemies":"3 Louse","floor":14,"turns":3},{"damage":31,"enemies":"The Guardian","floor":16,"turns":10},{"damage":31,"enemies":"2 Thieves","floor":18,"turns":5},{"damage":4,"enemies":"3 Byrds","floor":19,"turns":4},{"damage":59,"enemies":"Sentry and Sphere","floor":20,"turns":10},{"damage":33,"enemies":"Slaver and Parasite","floor":22,"turns":3}],"seed_played":"8383201265778906722","potions_obtained":[{"floor":6,"key":"PowerPotion"},{"floor":7,"key":"PowerPotion"},{"floor":13,"key":"FairyPotion"}],"is_trial":false,"path_per_floor":["M","M","M","?","?","E","M","M","T","?","?","$","M","M","R","B",null,"M","M","M","$"],"character_chosen":"THE_SILENT","items_purchased":["Gremlin Horn"],"campfire_rested":0,"item_purchase_floors":[12],"current_hp_per_floor":[62,57,57,62,62,49,49,48,48,48,48,48,46,46,46,15,75,44,40,31,31,0],"gold":65,"neow_bonus":"","is_prod":false,"is_daily":false,"chose_seed":false,"campfire_upgraded":1,"win_rate":0.0,"timestamp":1530649217,"path_taken":["M","M","M","?","?","E","M","M","T","?","?","$","M","M","R","BOSS","M","M","M","$","M"],"build_version":"2018-06-28","purchased_purges":1,"victory":false,"max_hp_per_floor":[70,70,70,75,75,75,75,75,75,75,75,75,75,75,75,75,75,75,75,75,75,75],"card_choices":[{"not_picked":["Acrobatics","Flying Knee"],"picked":"Terror","floor":1},{"not_picked":["Leg Sweep","Riddle With Holes"],"picked":"Dagger Spray","floor":2},{"not_picked":["PiercingWail","Dagger Spray"],"picked":"Dash","floor":3},{"not_picked":["Cloak And Dagger","Predator"],"picked":"Heel Hook","floor":6},{"not_picked":["Deadly Poison","Dagger Spray"],"picked":"Flying Knee","floor":7},{"not_picked":["Terror","Footwork"],"picked":"Sucker Punch","floor":8},{"not_picked":["Cloak And Dagger","Malaise"],"picked":"Caltrops","floor":13},{"not_picked":["Dagger Throw","Prepared"],"picked":"Night Terror","floor":14},{"not_picked":["Tactician","Grand Finale"],"picked":"Tools of the Trade","floor":16},{"not_picked":["Masterful Stab","Outmaneuver"],"picked":"Sucker Punch","floor":18},{"not_picked":["Dodge and Roll","Underhanded Strike","Eviscerate"],"picked":"SKIP","floor":19},{"not_picked":["Dagger Spray","Prepared"],"picked":"Blur","floor":20}],"player_experience":138405,"relics_obtained":[{"floor":6,"key":"Whetstone"},{"floor":9,"key":"Centennial Puzzle"}],"event_choices":[{"event_name":"Big Fish","player_choice":"Donut","floor":4,"damage_taken":0},{"event_name":"Golden Wing","player_choice":"Gained Gold","floor":5,"damage_taken":0},{"event_name":"Liars Game","player_choice":"disagreed","floor":10,"damage_taken":0},{"event_name":"Purifier","player_choice":"One Purge","floor":11,"damage_taken":0}],"boss_relics":[{"not_picked":["White Beast Statue","Runic Pyramid"],"picked":"Lizard Tail"}],"items_purged_floors":[21],"is_endless":false,"potions_floor_spawned":[6,7,13,16],"killed_by":"Slaver and Parasite","ascension_level":0}