{"gold_per_floor":[210,210,67,79,99,124,97,122,122,137,137,170,170,181,181,282,282,282,9,9,9,9,9,9,9,9,9,9,9,9,9,9,9],"floor_reached":33,"playtime":931,"items_purged":["Regret"],"score":421,"play_id":"938fa8a3-a48d-4223-a3c2-025207d68764","local_time":"20181013013532","is_ascension_mode":true,"campfire_choices":[{"floor":11.0,"key":"REST"},{"data":"Spot Weakness","floor":13,"key":"SMITH"},{"floor":15,"key":"REST"},{"data":"Flex","floor":23,"key":"SMITH"},{"data":"Sword Boomerang","floor":25,"key":"SMITH"},{"data":"Sword Boomerang","floor":27,"key":"SMITH"},{"data":"Disarm","floor":32,"key":"SMITH"}],"neow_cost":"NONE","seed_source_timestamp":786225520956412,"circlet_count":0,"master_deck":["Strike_R","Strike_R","Strike_R","Strike_R","Defend_R","Defend_R","Defend_R","Defend_R","Bash","Sword Boomerang+1","Spot Weakness+1","Heavy Blade","Shrug It Off","Sword Boomerang+1","Thunderclap","Impervious","Infernal Blade","Flex+1","Headbutt","Offering","Flex+1","Spot Weakness+1","Infernal Blade","Disarm+1"],"special_seed":0,"relics":["Burning Blood","Blood Vial","Unceasing Top","Regal Pillow","Self Forming Clay","Bag of Preparation","Ectoplasm","DollysMirror","Potion Belt","Torii","Bottled Lightning","Bronze Scales","Ornamental Fan"],"potions_floor_usage":[24,33,33],"damage_taken":[{"damage":1.0,"enemies":"Cultist","floor":1.0,"turns":3.0},{"damage":0.0,"enemies":"Small Slimes","floor":4.0,"turns":3.0},{"damage":3.0,"enemies":"2 Louse","floor":5.0,"turns":2.0},{"damage":40.0,"enemies":"Gremlin Nob","floor":6.0,"turns":4.0},{"damage":25.0,"enemies":"3 Sentries","floor":8.0,"turns":5.0},{"damage":14.0,"enemies":"Lots of Slimes","floor":10.0,"turns":4.0},{"damage":40,"enemies":"Lagavulin","floor":12,"turns":6},{"damage":6,"enemies":"Looter","floor":14,"turns":2},{"damage":33,"enemies":"Slime Boss","floor":16,"turns":7},{"damage":13,"enemies":"3 Byrds","floor":18,"turns":3},{"damage":33,"enemies":"Slavers","floor":24,"turns":4},{"damage":1,"enemies":"Shell Parasite","floor":30,"turns":4},{"damage":6,"enemies":"Gremlin Leader","floor":31,"turns":2},{"damage":66,"enemies":"Automaton","floor":33,"turns":6}],"seed_played":"-1045258645078438544","potions_obtained":[{"floor":4.0,"key":"GamblersBrew"},{"floor":5.0,"key":"BloodPotion"},{"floor":12,"key":"FearPotion"},{"floor":24,"key":"LiquidBronze"},{"floor":31,"key":"Strength Potion"}],"is_trial":false,"path_per_floor":["M","?","$","M","M","E","$","E","T","M","R","E","R","M","R","B",null,"M","$","?","$","?","R","E","R","T","R","?","T","M","E","R"],"character_chosen":"IRONCLAD","items_purchased":["Spot Weakness","Thunderclap","DollysMirror","Infernal Blade"],"campfire_rested":2,"item_purchase_floors":[3,7,19,19],"current_hp_per_floor":[77,77,77,80,80,46,46,29,29,23,62,30,30,32,71,46,72,67,67,67,67,67,67,42,42,42,42,42,42,49,51,51,0],"gold":9,"neow_bonus":"HUNDRED_GOLD","is_prod":false,"is_daily":false,"chose_seed":false,"campfire_upgraded":5,"win_rate":0,"timestamp":1539416132,"path_taken":["M","?","$","M","M","E","$","E","T","?","R","E","R","M","R","BOSS","M","$","?","$","?","R","E","R","T","R","?","?","?","E","R","BOSS"],"build_version":"2018-10-11","purchased_purges":1,"victory":false,"max_hp_per_floor":[80,80,80,80,80,80,80,80,80,80,80,80,80,80,80,80,80,80,80,80,80,80,80,80,80,80,80,80,80,80,80,80,80],"card_choices":[{"not_picked":["Anger","Hemokinesis"],"picked":"Sword Boomerang","floor":1.0},{"not_picked":["Anger","Flame Barrier"],"picked":"Heavy Blade","floor":4.0},{"not_picked":["Clothesline","Rage"],"picked":"Shrug It Off","floor":5.0},{"not_picked":["Clothesline","Shrug It Off"],"picked":"Sword Boomerang","floor":6.0},{"not_picked":["Burning Pact","Cleave"],"picked":"Impervious","floor":8.0},{"not_picked":["Anger","Iron Wave"],"picked":"Infernal Blade","floor":10.0},{"not_picked":["Warcry","Infernal Blade"],"picked":"Flex","floor":12},{"not_picked":["Entrench","Feel No Pain"],"picked":"Headbutt","floor":14},{"not_picked":["Impervious","Berserk"],"picked":"Offering","floor":16},{"not_picked":["Thunderclap","Reckless Charge+1"],"picked":"Flex+1","floor":18},{"not_picked":["Wild Strike","Cleave+1","Carnage"],"picked":"SKIP","floor":24},{"not_picked":["Flex+1","Perfected Strike+1","Feel No Pain"],"picked":"SKIP","floor":30},{"not_picked":["Entrench+1","Flex+1"],"picked":"Disarm","floor":31}],"player_experience":518366,"relics_obtained":[{"floor":6.0,"key":"Unceasing Top"},{"floor":8.0,"key":"Regal Pillow"},{"floor":9.0,"key":"Self Forming Clay"},{"floor":12,"key":"Bag of Preparation"},{"floor":24,"key":"Torii"},{"floor":26,"key":"Bottled Lightning"},{"floor":29,"key":"Bronze Scales"},{"floor":31,"key":"Ornamental Fan"}],"event_choices":[{"event_name":"Big Fish","player_choice":"Box","floor":2.0,"damage_taken":0.0},{"event_name":"The Mausoleum","player_choice":"Yes","floor":20,"damage_taken":0},{"event_name":"Purifier","player_choice":"One Purge","floor":22,"damage_taken":0},{"event_name":"Nest","player_choice":"Stole From Cult","floor":28,"damage_taken":0}],"is_beta":false,"boss_relics":[{"not_picked":["Fusion Hammer","Astrolabe"],"picked":"Ectoplasm"}],"items_purged_floors":[3],"is_endless":false,"potions_floor_spawned":[4,5,12,16,18,24,31],"killed_by":"Automaton","ascension_level":6}