{"gold_per_floor":[111,111,127,144,162,162,190,208,208,225,225,175,134,155,155,155],"floor_reached":16,"playtime":680,"items_purged":[],"score":117,"play_id":"bd4ce4ed-3c3b-4c76-a0a2-f04c37c820ce","local_time":"20180726013941","is_ascension_mode":true,"campfire_choices":[{"data":"Body Slam","floor":6,"key":"SMITH"},{"data":"Whirlwind","floor":11,"key":"SMITH"},{"data":"Flex","floor":15,"key":"SMITH"}],"neow_cost":"CURSE","seed_source_timestamp":954735059625627,"circlet_count":0,"master_deck":["Strike_R+1","Strike_R","Strike_R","Strike_R+1","Strike_R","Defend_R","Defend_R","Defend_R","Defend_R","Bash","Cleave","Heavy Blade","Whirlwind+1","Body Slam+1","Flex+1","Iron Wave","Shrug It Off","Fire Breathing"],"relics":["Burning Blood","Girya","Self Forming Clay","Dodecahedron","Odd Mushroom"],"potions_floor_usage":[10,14,16],"damage_taken":[{"damage":9,"enemies":"2 Louse","floor":1,"turns":3},{"damage":12,"enemies":"Jaw Worm","floor":3,"turns":3},{"damage":3,"enemies":"Small Slimes","floor":4,"turns":3},{"damage":28,"enemies":"2 Fungi Beasts","floor":5,"turns":4},{"damage":23,"enemies":"Gremlin Nob","floor":7,"turns":4},{"damage":3,"enemies":"3 Louse","floor":8,"turns":2},{"damage":6,"enemies":"Looter","floor":10,"turns":2},{"damage":7,"floor":14,"turns":3},{"damage":23,"enemies":"The Guardian","floor":16,"turns":8}],"seed_played":"-8774865424090274936","potions_obtained":[{"floor":4,"key":"SkillPotion"},{"floor":7,"key":"Energy Potion"},{"floor":10,"key":"Energy Potion"}],"is_trial":false,"path_per_floor":["M","?","M","M","M","R","E","M","T","M","R","?","?","?","R"],"character_chosen":"IRONCLAD","items_purchased":[],"campfire_rested":0,"item_purchase_floors":[],"current_hp_per_floor":[77,61,55,58,36,36,19,22,22,22,22,22,22,21,21,0],"gold":155,"neow_bonus":"ONE_RARE_RELIC","is_prod":false,"is_daily":false,"chose_seed":false,"campfire_upgraded":3,"win_rate":0,"timestamp":1532590781,"path_taken":["M","?","M","M","M","R","E","M","T","M","R","?","?","?","R","BOSS"],"build_version":"2018-07-19v2","purchased_purges":0,"victory":false,"max_hp_per_floor":[80,80,80,80,80,80,80,80,80,80,80,80,80,80,80,80],"card_choices":[{"not_picked":["Evolve","True Grit"],"picked":"Cleave","floor":1},{"not_picked":["Headbutt","Second Wind"],"picked":"Heavy Blade","floor":3},{"not_picked":["Flame Barrier","Twin Strike"],"picked":"Whirlwind","floor":4},{"not_picked":["Cleave","Uppercut"],"picked":"Body Slam","floor":5},{"not_picked":["Body Slam","Searing Blow"],"picked":"Flex","floor":7},{"not_picked":["Metallicize","Sever Soul"],"picked":"Iron Wave","floor":8},{"not_picked":["Disarm","Flex"],"picked":"Shrug It Off","floor":10},{"not_picked":["Second Wind","True Grit"],"picked":"Fire Breathing","floor":14}],"player_experience":272329,"relics_obtained":[{"floor":7,"key":"Self Forming Clay"},{"floor":9,"key":"Dodecahedron"},{"floor":14,"key":"Odd Mushroom"}],"event_choices":[{"event_name":"Shining Light","player_choice":"Entered Light","floor":2,"damage_taken":0},{"event_name":"The Cleric","player_choice":"Card Removal","floor":12,"damage_taken":0},{"event_name":"World of Goop","player_choice":"Left","floor":13,"damage_taken":0},{"event_name":"Mushrooms","player_choice":"Fought Mushrooms","floor":14,"damage_taken":0}],"is_beta":false,"boss_relics":[],"items_purged_floors":[],"is_endless":false,"potions_floor_spawned":[4,7,10],"killed_by":"The Guardian","ascension_level":3}