{"gold_per_floor":[113,61,75,126,126,151,175,175,175,18,18,31,56,74,74,172,172,187,39,50,149,16,44,44,77,100,100,127,146,164,16,16,117,117,127,138,138,238,255,255,273,273,300,319,319,334,157,157,157,157],"floor_reached":50,"playtime":1803,"items_purged":["Strike_R","Strike_R","Injury"],"score":538,"play_id":"3852efd7-09e8-4c57-ab80-96670af6404a","local_time":"20190315213848","is_ascension_mode":false,"campfire_choices":[{"data":"Pommel Strike","floor":8,"key":"SMITH"},{"floor":11,"key":"REST"},{"data":"Flex","floor":15,"key":"SMITH"},{"data":"Immolate","floor":24,"key":"SMITH"},{"floor":27,"key":"REST"},{"data":"Armaments","floor":32,"key":"SMITH"},{"floor":40,"key":"REST"},{"floor":45,"key":"RECALL"},{"floor":49,"key":"REST"}],"neow_cost":"NONE","seed_source_timestamp":75112316248163,"circlet_count":0,"master_deck":["Defend_R","Defend_R","Defend_R","Bash","Cleave","Clash","Flex+1","Pommel Strike+1","Iron Wave","Sword Boomerang","Flex","Immolate+1","Pummel+1","Pummel+1","Flame Barrier+1","Inflame","Inflame","Shrug It Off","Armaments+1","Shrug It Off","Clash","Pommel Strike","Pommel Strike","Clash+1","Sword Boomerang+1","Pummel","Clash+1","Flex+1","Shrug It Off+1"],"relics":["Velvet Choker","Gremlin Horn","Odd Mushroom","Centennial Puzzle","Blood Vial","Matryoshka","Astrolabe","Ancient Tea Set","Orichalcum","Frozen Egg 2","Happy Flower","Toxic Egg 2","Strawberry","Cursed Key","Charon\u0027s Ashes"],"potions_floor_usage":[13,16,23,38,39,50],"damage_taken":[{"damage":5,"enemies":"Small Slimes","floor":1,"turns":4},{"damage":0,"enemies":"2 Louse","floor":3,"turns":2},{"damage":0,"enemies":"Gremlin Nob","floor":6,"turns":2},{"damage":14,"enemies":"The Mushroom Lair","floor":7,"turns":4},{"damage":1,"enemies":"Jaw Worm","floor":12,"turns":2},{"damage":22,"enemies":"3 Sentries","floor":13,"turns":8},{"damage":3,"enemies":"Red Slaver","floor":14,"turns":2},{"damage":47,"enemies":"The Guardian","floor":16,"turns":9},{"damage":4,"enemies":"2 Thieves","floor":18,"turns":2},{"damage":0,"enemies":"3 Byrds","floor":20,"turns":3},{"damage":11,"enemies":"Book of Stabbing","floor":23,"turns":4},{"damage":12,"enemies":"Slavers","floor":25,"turns":2},{"damage":10,"enemies":"Snecko","floor":29,"turns":5},{"damage":0,"enemies":"3 Cultists","floor":30,"turns":3},{"damage":53,"enemies":"Automaton","floor":33,"turns":9},{"damage":0,"enemies":"3 Darklings","floor":35,"turns":3},{"damage":20,"enemies":"3 Shapes","floor":36,"turns":4},{"damage":4,"enemies":"Mind Bloom Boss Battle","floor":38,"turns":7},{"damage":19,"enemies":"Maw","floor":39,"turns":6},{"damage":4,"enemies":"4 Shapes","floor":41,"turns":2},{"damage":7,"enemies":"Transient","floor":44,"turns":5},{"damage":18,"enemies":"Spire Growth","floor":46,"turns":3},{"damage":75,"enemies":"Donu and Deca","floor":50,"turns":8}],"seed_played":"2565379397975629511","potions_obtained":[{"floor":1,"key":"Energy Potion"},{"floor":3,"key":"Weak Potion"},{"floor":7,"key":"Poison Potion"},{"floor":13,"key":"Swift Potion"},{"floor":16,"key":"Explosive Potion"},{"floor":23,"key":"GamblersBrew"},{"floor":33,"key":"LiquidBronze"},{"floor":35,"key":"Block Potion"},{"floor":38,"key":"Poison Potion"},{"floor":44,"key":"Block Potion"},{"floor":46,"key":"Fire Potion"}],"is_trial":false,"path_per_floor":["?","?","?","$","M","?","$","T","M","?","?","?","?"],"character_chosen":"IRONCLAD","items_purchased":["Clash","Blood Vial","Inflame","Inflame","Shrug It Off","Armaments","Pommel Strike","Shrug It Off+1"],"campfire_rested":4,"item_purchase_floors":[2,10,19,22,22,22,31,47],"current_hp_per_floor":[75,75,75,75,75,75,61,61,61,61,80,79,58,57,57,12,80,76,76,78,78,78,69,69,59,59,80,87,77,79,79,79,28,87,87,67,67,65,48,72,70,70,70,65,65,49,49,49,73,0],"gold":157,"neow_bonus":"BOSS_RELIC","is_prod":false,"is_daily":false,"chose_seed":false,"campfire_upgraded":4,"win_rate":0,"timestamp":1552682328,"path_taken":["M","$","M","?","?","E","?","R","T","?","R","M","E","?","R","BOSS","M","$","M","?","?","E","R","E","T","R","?","M","?","$","R","BOSS","M","M","?","?","M","R","M","?","T","M","R","M","$","?","R","BOSS"],"build_version":"2019-01-23","purchased_purges":3,"victory":false,"max_hp_per_floor":[80,80,80,80,80,80,80,80,80,80,80,80,80,80,80,80,80,80,80,80,80,80,80,80,80,80,80,87,87,87,87,87,87,87,87,87,83,83,83,83,83,83,83,83,83,83,83,83,83,83],"card_choices":[{"not_picked":["Rampage","Body Slam"],"picked":"Cleave","floor":1},{"not_picked":["Entrench","Whirlwind"],"picked":"Flex","floor":3},{"not_picked":["Headbutt","Perfected Strike","Evolve"],"picked":"SKIP","floor":6},{"not_picked":["Dark Embrace","Warcry"],"picked":"Iron Wave","floor":7},{"not_picked":["Clothesline","Cleave"],"picked":"Sword Boomerang","floor":12},{"not_picked":["Cleave","Barricade"],"picked":"Flex","floor":13},{"not_picked":["True Grit","Wild Strike","Uppercut"],"picked":"SKIP","floor":14},{"not_picked":["Bludgeon","Brutality"],"picked":"Immolate","floor":16},{"not_picked":["Corruption","Warcry","Anger"],"picked":"SKIP","floor":18},{"not_picked":["Fire Breathing","Twin Strike","Body Slam"],"picked":"SKIP","floor":20},{"not_picked":["Anger+1","Feel No Pain"],"picked":"Shrug It Off","floor":23},{"not_picked":["Headbutt","Armaments"],"picked":"Clash","floor":25},{"not_picked":["Carnage","Sever Soul","Wild Strike"],"picked":"SKIP","floor":29},{"not_picked":["Barricade+1","Metallicize+1"],"picked":"Pommel Strike","floor":30},{"not_picked":["Iron Wave","Headbutt","Clothesline"],"picked":"SKIP","floor":35},{"not_picked":["Blood for Blood","Infernal Blade+1"],"picked":"Clash+1","floor":36},{"not_picked":["Carnage+1","Rupture+1"],"picked":"Sword Boomerang+1","floor":38},{"not_picked":["Corruption+1","Clothesline"],"picked":"Pummel","floor":39},{"not_picked":["Havoc+1","Clothesline+1"],"picked":"Clash+1","floor":41},{"not_picked":["Reckless Charge","Headbutt+1"],"picked":"Flex+1","floor":44},{"not_picked":["Warcry+1","Perfected Strike+1","Twin Strike+1"],"picked":"SKIP","floor":46}],"player_experience":329148,"relics_obtained":[{"floor":6,"key":"Gremlin Horn"},{"floor":7,"key":"Odd Mushroom"},{"floor":9,"key":"Centennial Puzzle"},{"floor":13,"key":"Matryoshka"},{"floor":23,"key":"Ancient Tea Set"},{"floor":25,"key":"Orichalcum"},{"floor":26,"key":"Frozen Egg 2"},{"floor":26,"key":"Happy Flower"},{"floor":28,"key":"Toxic Egg 2"},{"floor":28,"key":"Strawberry"},{"floor":38,"key":"Charon\u0027s Ashes"}],"event_choices":[{"damage_healed":0,"gold_gain":51,"player_choice":"Gained Gold","damage_taken":0,"max_hp_gain":0,"max_hp_loss":0,"event_name":"Golden Wing","floor":4,"gold_loss":0},{"damage_healed":0,"gold_gain":0,"cards_transformed":["Strike_R"],"player_choice":"Change","damage_taken":0,"max_hp_gain":0,"max_hp_loss":0,"event_name":"Living Wall","floor":5,"gold_loss":0,"cards_obtained":["Pommel Strike"]},{"damage_healed":0,"gold_gain":0,"player_choice":"Fought Mushrooms","damage_taken":0,"max_hp_gain":0,"max_hp_loss":0,"event_name":"Mushrooms","floor":7,"gold_loss":0},{"damage_healed":0,"gold_gain":99,"player_choice":"Stole From Cult","damage_taken":0,"max_hp_gain":0,"max_hp_loss":0,"event_name":"Nest","floor":21,"gold_loss":0},{"damage_healed":0,"gold_gain":0,"player_choice":"Max HP","damage_taken":0,"max_hp_gain":0,"max_hp_loss":4,"event_name":"Winding Halls","floor":37,"gold_loss":0},{"damage_healed":0,"gold_gain":0,"player_choice":"Fight","damage_taken":0,"max_hp_gain":0,"max_hp_loss":0,"event_name":"MindBloom","floor":38,"gold_loss":0},{"damage_healed":0,"gold_gain":0,"player_choice":"Memory 1","damage_taken":0,"max_hp_gain":0,"max_hp_loss":0,"event_name":"SensoryStone","floor":42,"gold_loss":0},{"damage_healed":0,"gold_gain":0,"player_choice":"Ignored","damage_taken":0,"max_hp_gain":0,"max_hp_loss":0,"event_name":"Mysterious Sphere","floor":48,"gold_loss":0}],"is_beta":false,"boss_relics":[{"not_picked":["Runic Cube","Black Star"],"picked":"Astrolabe"},{"not_picked":["Sozu","Mark of Pain"],"picked":"Cursed Key"}],"items_purged_floors":[19,31,47],"is_endless":false,"potions_floor_spawned":[1,3,7,13,16,23,30,33,35,38,44,46],"killed_by":"Donu and Deca","ascension_level":0}