{"gold_per_floor":[118,118,118,135,34,34,64,64,64,81,95,127,127,27,27,124,124,138,138,138,149,149,149,99,99,153,153,169,44,44,61,61,61],"floor_reached":33,"playtime":1741,"items_purged":["Strike_G","Strike_G","Strike_G"],"score":241,"play_id":"9adbc15e-3315-4cfa-a5cc-31b901938781","local_time":"20190207171304","is_ascension_mode":false,"campfire_choices":[{"data":"Blade Dance","floor":6.0,"key":"SMITH"},{"data":"Well Laid Plans","floor":8.0,"key":"SMITH"},{"data":"Accuracy","floor":15.0,"key":"SMITH"},{"data":"Cloak And Dagger","floor":23,"key":"SMITH"},{"floor":30,"key":"REST"},{"floor":32,"key":"REST"}],"neow_cost":"NONE","seed_source_timestamp":0,"circlet_count":0,"master_deck":["Defend_G","Defend_G","Defend_G","Defend_G","Strike_G","Strike_G","Survivor","Neutralize","Cloak And Dagger+1","Well Laid Plans+1","Blade Dance+1","Accuracy+1","Storm of Steel","Cloak And Dagger+1","Choke+1","Blade Dance"],"special_seed":0,"relics":["Ring of the Snake","Juzu Bracelet","Du-Vu Doll","Orrery","Nloth\u0027s Gift","Tiny Chest","Nilry\u0027s Codex"],"potions_floor_usage":[28,33,33],"damage_taken":[{"damage":0.0,"enemies":"2 Louse","floor":1.0,"turns":3.0},{"damage":1.0,"enemies":"Cultist","floor":4.0,"turns":4.0},{"damage":0.0,"enemies":"Small Slimes","floor":10.0,"turns":3.0},{"damage":0.0,"enemies":"2 Fungi Beasts","floor":11.0,"turns":5.0},{"damage":10.0,"enemies":"Lagavulin","floor":12.0,"turns":8.0},{"damage":15.0,"enemies":"Slime Boss","floor":16.0,"turns":9.0},{"damage":2,"enemies":"Spheric Guardian","floor":18,"turns":3},{"damage":2,"enemies":"Shell Parasite","floor":21,"turns":7},{"damage":13,"enemies":"Chosen and Byrds","floor":28,"turns":6},{"damage":34,"enemies":"3 Cultists","floor":31,"turns":5},{"damage":49,"enemies":"Champ","floor":33,"turns":8}],"seed_played":"5540535959872575521","potions_obtained":[{"floor":10.0,"key":"Strength Potion"},{"floor":11.0,"key":"GamblersBrew"},{"floor":16.0,"key":"SteroidPotion"},{"floor":28,"key":"PowerPotion"}],"is_trial":false,"path_per_floor":["?","?","?","?","$","?","?","?","$","?","?"],"character_chosen":"THE_SILENT","items_purchased":["Blade Dance","Blade Dance"],"campfire_rested":2,"item_purchase_floors":[5,24],"current_hp_per_floor":[70,70,70,69,69,69,69,69,69,69,69,59,70,70,70,55,70,68,68,67,65,65,65,65,53,53,37,24,24,45,11,32,0],"gold":61,"neow_bonus":"RANDOM_COMMON_RELIC","is_prod":false,"is_daily":false,"chose_seed":false,"campfire_upgraded":4,"win_rate":0.0,"timestamp":1549555984,"path_taken":["M","?","?","M","$","R","?","R","T","M","M","E","?","?","R","BOSS","M","?","?","M","?","R","?","?","T","?","M","$","R","M","R","BOSS"],"build_version":"2019-01-23","purchased_purges":3,"victory":false,"max_hp_per_floor":[70,70,70,70,70,70,70,70,70,70,70,70,70,70,70,70,70,70,70,67,67,67,67,67,72,72,72,72,72,72,72,72,72],"card_choices":[{"not_picked":["Slice","Underhanded Strike"],"picked":"Cloak And Dagger","floor":1.0},{"not_picked":["Tools of the Trade","Dagger Throw"],"picked":"Well Laid Plans","floor":4.0},{"not_picked":["Quick Slash","Calculated Gamble","Leg Sweep"],"picked":"SKIP","floor":10.0},{"not_picked":["Quick Slash","Bane","PiercingWail"],"picked":"SKIP","floor":11.0},{"not_picked":["Acrobatics","Backstab"],"picked":"Accuracy","floor":12.0},{"not_picked":["Unload","After Image"],"picked":"Storm of Steel","floor":16.0},{"not_picked":["Escape Plan","Dagger Throw"],"picked":"Cloak And Dagger","floor":17.0},{"not_picked":["Outmaneuver","Predator"],"picked":"Choke+1","floor":18},{"not_picked":["Outmaneuver","Skewer","Dagger Throw"],"picked":"SKIP","floor":21},{"not_picked":["Reflex","Skewer+1","Footwork"],"picked":"SKIP","floor":28},{"not_picked":["Underhanded Strike","Deflect","Outmaneuver"],"picked":"SKIP","floor":31}],"player_experience":123056,"relics_obtained":[{"floor":9.0,"key":"Nunchaku"},{"floor":12.0,"key":"Du-Vu Doll"},{"floor":26,"key":"Tiny Chest"},{"floor":27,"key":"Nilry\u0027s Codex"}],"event_choices":[{"damage_healed":0.0,"max_hp_gain":0.0,"max_hp_loss":0.0,"gold_gain":0.0,"event_name":"Upgrade Shrine","player_choice":"Upgraded","floor":2.0,"gold_loss":0.0,"damage_taken":0.0,"cards_upgraded":["Cloak And Dagger"]},{"damage_healed":0.0,"max_hp_gain":0.0,"max_hp_loss":0.0,"gold_gain":0.0,"event_name":"Shining Light","player_choice":"Ignored","floor":3.0,"gold_loss":0.0,"damage_taken":0.0},{"damage_healed":0.0,"max_hp_gain":0.0,"max_hp_loss":0.0,"gold_gain":30.0,"event_name":"Dead Adventurer","player_choice":"Searched \u00271\u0027 times","floor":7.0,"gold_loss":0.0,"damage_taken":0.0},{"damage_healed":17.0,"max_hp_gain":0.0,"max_hp_loss":0.0,"gold_gain":0.0,"event_name":"Mushrooms","player_choice":"Healed and dodged fight","floor":13.0,"gold_loss":0.0,"damage_taken":0.0,"cards_obtained":["Parasite"]},{"damage_healed":0,"gold_gain":0,"player_choice":"Traded Relic","damage_taken":0,"relics_obtained":["Nloth\u0027s Gift"],"max_hp_gain":0,"max_hp_loss":0,"event_name":"N\u0027loth","floor":19,"relics_lost":["Nunchaku"],"gold_loss":0},{"cards_removed":["Parasite"],"damage_healed":0,"gold_gain":0,"player_choice":"Removed Curses","damage_taken":0,"max_hp_gain":0,"max_hp_loss":0,"event_name":"Fountain of Cleansing","floor":20,"gold_loss":0},{"cards_removed":["Defend_G"],"damage_healed":0,"gold_gain":0,"player_choice":"Purged","damage_taken":0,"max_hp_gain":0,"max_hp_loss":0,"event_name":"Purifier","floor":22,"gold_loss":0},{"damage_healed":0,"gold_gain":0,"player_choice":"Shed Blood","damage_taken":17,"max_hp_gain":5,"max_hp_loss":0,"event_name":"Forgotten Altar","floor":25,"gold_loss":0},{"damage_healed":0,"gold_gain":0,"player_choice":"Obtained Book","damage_taken":16,"max_hp_gain":0,"max_hp_loss":0,"event_name":"Cursed Tome","floor":27,"gold_loss":0}],"is_beta":false,"boss_relics":[{"not_picked":["Coffee Dripper","Snecko Eye"],"picked":"Orrery"}],"items_purged_floors":[5,14,29],"is_endless":false,"potions_floor_spawned":[10,11,16,18,21,28],"killed_by":"Champ","ascension_level":0}