{"gold_per_floor":[117,37,37,50,0,0,13,13,92,92,92,106,134,152,152,247,247,247,56,11,11,11,11,11,11,11,11,11,11,11,11,11,11,11,11,11,0,0,0,0,0,0,0,0,0,0,0,0,0,0],"floor_reached":50,"playtime":1392,"items_purged":[],"score":561,"play_id":"9d97650f-2e1d-4f48-ba2c-6f8ffd1f33f7","local_time":"20180910015436","is_ascension_mode":false,"campfire_choices":[{"data":"Whirlwind","floor":6,"key":"SMITH"},{"data":"Hemokinesis","floor":8,"key":"SMITH"},{"data":"Twin Strike","floor":10,"key":"SMITH"},{"data":"Armaments","floor":15,"key":"SMITH"},{"data":"Bash","floor":24,"key":"SMITH"},{"floor":29,"key":"DIG"},{"floor":32,"key":"DIG"},{"floor":40,"key":"DIG"},{"floor":45,"key":"REST"},{"floor":49,"key":"DIG"}],"neow_cost":"NONE","seed_source_timestamp":1867539651041476,"circlet_count":0,"master_deck":["Strike_R","Strike_R","Strike_R","Defend_R+1","Defend_R","Defend_R","Defend_R","Bash+1","Headbutt","Hemokinesis+1","Whirlwind+1","Twin Strike+1","Shockwave","Armaments+1","Offering+1","Armaments+1","Flex+1","Armaments+1","Limit Break","Madness","Madness","Pummel"],"relics":["Burning Blood","Strawberry","Self Forming Clay","Singing Bowl","Ectoplasm","Brimstone","Art of War","Shovel","War Paint","Sundial","Vajra","Fusion Hammer","Red Mask","Ancient Tea Set","Pen Nib","Smiling Mask"],"potions_floor_usage":[23,50,50,50],"damage_taken":[{"damage":3,"enemies":"Small Slimes","floor":1,"turns":4},{"damage":9,"enemies":"Cultist","floor":4,"turns":3},{"damage":2,"enemies":"2 Louse","floor":7,"turns":2},{"damage":12,"enemies":"Looter","floor":12,"turns":3},{"damage":12,"enemies":"Gremlin Nob","floor":13,"turns":3},{"damage":2,"enemies":"Large Slime","floor":14,"turns":4},{"damage":54,"enemies":"Hexaghost","floor":16,"turns":11},{"damage":2,"enemies":"Spheric Guardian","floor":18,"turns":3},{"damage":16,"enemies":"2 Thieves","floor":20,"turns":3},{"damage":16,"enemies":"Centurion and Healer","floor":22,"turns":3},{"damage":8,"enemies":"Gremlin Leader","floor":23,"turns":3},{"damage":44,"enemies":"Shelled Parasite and Fungi","floor":25,"turns":4},{"damage":19,"enemies":"Book of Stabbing","floor":28,"turns":4},{"damage":33,"enemies":"Sentry and Sphere","floor":30,"turns":4},{"damage":26,"enemies":"Collector","floor":33,"turns":6},{"damage":2,"enemies":"3 Darklings","floor":35,"turns":2},{"damage":2,"enemies":"Orb Walker","floor":39,"turns":2},{"damage":32,"enemies":"Maw","floor":41,"turns":6},{"damage":39,"enemies":"Sphere and 2 Shapes","floor":42,"turns":4},{"damage":26,"enemies":"Reptomancer","floor":44,"turns":4},{"damage":11,"enemies":"3 Darklings","floor":46,"turns":3},{"damage":12,"enemies":"Spire Growth","floor":47,"turns":4},{"damage":6,"enemies":"Transient","floor":48,"turns":5},{"damage":73,"enemies":"Time Eater","floor":50,"turns":5}],"seed_played":"-6145664654357126361","potions_obtained":[{"floor":1,"key":"FairyPotion"},{"floor":7,"key":"GamblersBrew"},{"floor":20,"key":"Strength Potion"},{"floor":22,"key":"Fruit Juice"},{"floor":28,"key":"BloodPotion"},{"floor":39,"key":"SkillPotion"}],"is_trial":false,"path_per_floor":["M","$","?","M","?","R","M","R","T","R","?","M","E","M","R","B",null,"M","$","M","$","M","E","R","M","T","?","E","R","M","?","R","B",null,"M","$","?","?","M","R","M","M","T","M","R","M","M","M","R"],"character_chosen":"IRONCLAD","items_purchased":["Hemokinesis","Brimstone"],"campfire_rested":1,"item_purchase_floors":[2,19],"current_hp_per_floor":[87,87,87,84,84,84,87,87,87,87,87,81,75,81,81,33,89,91,91,81,81,73,78,78,42,42,76,63,63,36,36,36,16,102,104,104,104,91,95,95,71,40,40,22,55,52,48,50,50,0],"gold":0,"neow_bonus":"RANDOM_COMMON_RELIC","is_prod":false,"is_daily":false,"chose_seed":false,"campfire_upgraded":5,"win_rate":0,"timestamp":1536566076,"path_taken":["M","$","?","M","?","R","M","R","T","R","?","M","E","M","R","BOSS","M","$","M","$","M","E","R","M","T","?","E","R","M","?","R","BOSS","M","$","?","?","?","R","M","M","T","M","R","M","?","M","R","BOSS"],"build_version":"2018-09-06","purchased_purges":0,"victory":false,"max_hp_per_floor":[87,87,87,87,87,87,87,87,87,87,87,87,87,89,89,89,89,91,91,91,91,93,100,100,102,102,102,102,102,102,102,102,102,102,104,104,104,104,104,104,106,108,108,110,110,112,114,116,116,116],"card_choices":[{"not_picked":["Feel No Pain","Pummel"],"picked":"Headbutt","floor":1},{"not_picked":["Warcry","Seeing Red"],"picked":"Whirlwind","floor":4},{"not_picked":["Whirlwind","Fire Breathing"],"picked":"Twin Strike","floor":7},{"not_picked":["Havoc","Anger"],"picked":"Shockwave","floor":12},{"not_picked":["Uppercut","Burning Pact"],"picked":"Armaments","floor":13},{"not_picked":["Entrench","Feel No Pain","Heavy Blade"],"picked":"Singing Bowl","floor":14},{"not_picked":["Juggernaut","Berserk"],"picked":"Offering","floor":16},{"not_picked":["Pommel Strike+1","Carnage","Wild Strike"],"picked":"Singing Bowl","floor":18},{"not_picked":["Warcry+1","Entrench"],"picked":"Armaments+1","floor":20},{"not_picked":["Perfected Strike","Heavy Blade","Disarm"],"picked":"Singing Bowl","floor":22},{"not_picked":["Entrench","Rampage","Body Slam"],"picked":"Singing Bowl","floor":23},{"not_picked":["Bloodletting+1","Iron Wave","Carnage"],"picked":"Singing Bowl","floor":25},{"not_picked":["Wild Strike","Dark Embrace"],"picked":"Flex+1","floor":28},{"not_picked":["Cleave","Wild Strike"],"picked":"Armaments+1","floor":30},{"not_picked":["Immolate","Impervious"],"picked":"Limit Break","floor":33},{"not_picked":["Havoc+1","Headbutt+1","Cleave"],"picked":"Singing Bowl","floor":35},{"not_picked":["Fire Breathing","True Grit+1"],"picked":"Pummel","floor":39},{"not_picked":["Impervious","Twin Strike","Intimidate"],"picked":"Singing Bowl","floor":41},{"not_picked":["Wild Strike","Heavy Blade","Shrug It Off"],"picked":"Singing Bowl","floor":42},{"not_picked":["Pommel Strike","Headbutt+1","Evolve"],"picked":"Singing Bowl","floor":44},{"not_picked":["Dark Embrace","Twin Strike+1","Sword Boomerang"],"picked":"Singing Bowl","floor":46},{"not_picked":["Pommel Strike+1","Iron Wave+1","Warcry"],"picked":"Singing Bowl","floor":47},{"not_picked":["Clothesline+1","Corruption","Evolve+1"],"picked":"Singing Bowl","floor":48}],"player_experience":466980,"relics_obtained":[{"floor":9,"key":"Self Forming Clay"},{"floor":13,"key":"Singing Bowl"},{"floor":23,"key":"Art of War"},{"floor":26,"key":"Shovel"},{"floor":28,"key":"War Paint"},{"floor":29,"key":"Sundial"},{"floor":32,"key":"Vajra"},{"floor":40,"key":"Ancient Tea Set"},{"floor":43,"key":"Pen Nib"},{"floor":49,"key":"Smiling Mask"}],"event_choices":[{"event_name":"Purifier","player_choice":"One Purge","floor":3,"damage_taken":0},{"event_name":"The Cleric","player_choice":"Card Removal","floor":5,"damage_taken":0},{"event_name":"Liars Game","player_choice":"disagreed","floor":11,"damage_taken":0},{"event_name":"The Library","player_choice":"Heal","floor":27,"damage_taken":0},{"event_name":"Ghosts","player_choice":"Ignored","floor":31,"damage_taken":0},{"event_name":"Tomb of Lord Red Mask","player_choice":"Paid","floor":37,"damage_taken":0},{"event_name":"Winding Halls","player_choice":"Embrace Madness","floor":38,"damage_taken":0}],"is_beta":false,"boss_relics":[{"not_picked":["Philosopher\u0027s Stone","Pandora\u0027s Box"],"picked":"Ectoplasm"},{"not_picked":["Black Blood","Lizard Tail"],"picked":"Fusion Hammer"}],"items_purged_floors":[],"is_endless":false,"potions_floor_spawned":[1,7,20,22,28,30,39,42,46],"killed_by":"Time Eater","ascension_level":0}