{"gold_per_floor":[109,120,130,52,62,94,94,94,94,94,126,126,146,161,161,259,259,278,83,95,107,125,156,156,156,156,176,176,176,194,212,212,307,307,325,336,58,158,158,158,186,186,186,186,61,61,96,107,107,107],"floor_reached":51,"playtime":3378,"items_purged":["Strike_G","Strike_G","Writhe"],"score":1168,"play_id":"ffa2ab1b-4d50-4847-ae2e-be887e3debc7","local_time":"20181117010918","is_ascension_mode":true,"campfire_choices":[{"floor":8.0,"key":"REST"},{"data":"Footwork","floor":10.0,"key":"SMITH"},{"data":"Infinite Blades","floor":12.0,"key":"SMITH"},{"floor":15.0,"key":"REST"},{"floor":24.0,"key":"REST"},{"floor":28.0,"key":"REST"},{"floor":32.0,"key":"REST"},{"data":"Backflip","floor":40.0,"key":"SMITH"},{"data":"Footwork","floor":42.0,"key":"SMITH"},{"floor":44,"key":"REST"},{"data":"Dodge and Roll","floor":46,"key":"SMITH"},{"floor":49,"key":"REST"}],"neow_cost":"NONE","seed_source_timestamp":476417525987437,"circlet_count":0,"master_deck":["AscendersBane","Defend_G","Defend_G","Defend_G","Defend_G","Defend_G","Strike_G","Strike_G","Strike_G","Survivor","Neutralize","Panacea","Quick Slash","Dodge and Roll+1","Predator+1","Backflip+1","Footwork+1","Infinite Blades+1","Blade Dance+1","Malaise+1","Riddle With Holes","Impatience+1","Well Laid Plans","Blade Dance+1","Cloak And Dagger+1","Dodge and Roll+1","Leg Sweep+1","Footwork+1","Terror+1","Phantasmal Killer+1","Blur+1","Madness+1","Prepared+1","Blade Dance+1","Cloak And Dagger+1"],"special_seed":0,"relics":["Ring of the Serpent","Singing Bowl","Toxic Egg 2","Shuriken","Happy Flower","Prayer Wheel","Meat on the Bone","Nilry\u0027s Codex","Cursed Key","Mango","Ninja Scroll","Turnip"],"potions_floor_usage":[50,50],"damage_taken":[{"damage":0.0,"enemies":"2 Louse","floor":1.0,"turns":5.0},{"damage":0.0,"enemies":"Cultist","floor":2.0,"turns":3.0},{"damage":6.0,"enemies":"Jaw Worm","floor":3.0,"turns":5.0},{"damage":3.0,"enemies":"Looter","floor":5.0,"turns":4.0},{"damage":30.0,"enemies":"Gremlin Nob","floor":6.0,"turns":5.0},{"damage":19.0,"enemies":"3 Sentries","floor":11.0,"turns":11.0},{"damage":0.0,"enemies":"Exordium Thugs","floor":13.0,"turns":4.0},{"damage":11.0,"enemies":"3 Louse","floor":14.0,"turns":4.0},{"damage":15.0,"enemies":"Slime Boss","floor":16.0,"turns":8.0},{"damage":6.0,"enemies":"3 Byrds","floor":18.0,"turns":5.0},{"damage":18.0,"enemies":"Shell Parasite","floor":20.0,"turns":8.0},{"damage":8.0,"enemies":"Cultist and Chosen","floor":21.0,"turns":7.0},{"damage":0.0,"enemies":"Sentry and Sphere","floor":22.0,"turns":6.0},{"damage":27.0,"enemies":"Gremlin Leader","floor":23.0,"turns":7.0},{"damage":18.0,"enemies":"Snake Plant","floor":27.0,"turns":6.0},{"damage":8.0,"enemies":"Snecko","floor":30.0,"turns":6.0},{"damage":10.0,"enemies":"3 Cultists","floor":31.0,"turns":5.0},{"damage":49.0,"enemies":"Champ","floor":33.0,"turns":10.0},{"damage":17.0,"enemies":"3 Shapes","floor":35.0,"turns":7.0},{"damage":17.0,"enemies":"3 Darklings","floor":36.0,"turns":5.0},{"damage":0.0,"enemies":"Mind Bloom Boss Battle","floor":38.0,"turns":4.0},{"damage":37.0,"enemies":"Reptomancer","floor":41.0,"turns":6.0},{"damage":0,"enemies":"Giant Head","floor":47,"turns":6},{"damage":0,"enemies":"4 Shapes","floor":48,"turns":8},{"damage":7,"enemies":"Donu and Deca","floor":50,"turns":9}],"seed_played":"5203890454556193159","potions_obtained":[{"floor":1.0,"key":"Swift Potion"},{"floor":6.0,"key":"Ancient Potion"},{"floor":11.0,"key":"EssenceOfSteel"},{"floor":16.0,"key":"Ancient Potion"},{"floor":20.0,"key":"EssenceOfSteel"},{"floor":21.0,"key":"Fire Potion"},{"floor":30.0,"key":"PowerPotion"},{"floor":33.0,"key":"Dexterity Potion"},{"floor":35.0,"key":"EssenceOfSteel"},{"floor":48,"key":"GhostInAJar"}],"is_trial":false,"path_per_floor":["M","M","M","$","M","E","?","R","T","R","E","R","M","M","R","B","B",null,"M","$","M","M","M","E","R","?","T","M","R","?","M","M","R","B",null,"M","M","$","?","?","R","E","R","T","R","$","R","E","M","R","B",null],"character_chosen":"THE_SILENT","items_purchased":["Predator","Impatience+1","Well Laid Plans","Blur+1","Madness+1"],"campfire_rested":7,"item_purchase_floors":[4,19,19,37,37],"current_hp_per_floor":[63,63,57,57,54,24,24,45,45,45,26,26,28,17,38,23,60,54,54,36,28,30,3,25,25,25,21,43,27,35,37,61,24,66,53,52,52,66,66,66,41,41,41,71,71,71,73,75,106,99],"gold":107,"neow_bonus":"RANDOM_COLORLESS","is_prod":false,"is_daily":false,"chose_seed":false,"campfire_upgraded":5,"win_rate":0,"timestamp":1542442158,"path_taken":["M","M","M","$","M","E","?","R","T","R","E","R","?","M","R","BOSS","BOSS","M","$","M","M","M","E","R","?","T","M","R","?","M","M","R","BOSS","M","M","$","?","?","R","E","R","T","R","$","R","E","M","R","BOSS"],"build_version":"2018-11-15","purchased_purges":3,"victory":true,"max_hp_per_floor":[70,70,70,70,70,70,70,70,70,70,70,70,72,72,72,72,72,72,72,72,72,74,74,74,74,74,76,76,76,80,80,80,80,80,84,88,88,102,102,102,102,102,102,102,102,102,104,106,106,106],"card_choices":[{"not_picked":["Blade Dance","Dagger Spray"],"picked":"Quick Slash","floor":1.0},{"not_picked":["Slice","Setup","Eviscerate"],"picked":"SKIP","floor":2.0},{"not_picked":["Finisher","Concentrate"],"picked":"Dodge and Roll","floor":3.0},{"not_picked":["Bane","Flying Knee"],"picked":"Backflip","floor":5.0},{"not_picked":["Slice","Bouncing Flask"],"picked":"Footwork","floor":6.0},{"not_picked":["Flying Knee","Escape Plan+1"],"picked":"Infinite Blades","floor":11.0},{"not_picked":["Underhanded Strike","Flying Knee","Dodge and Roll+1"],"picked":"Singing Bowl","floor":13.0},{"not_picked":["Venomology+1","Predator"],"picked":"Blade Dance+1","floor":14.0},{"not_picked":["Doppelganger+1","Phantasmal Killer+1"],"picked":"Malaise+1","floor":16.0},{"not_picked":["Underhanded Strike","Bane+1"],"picked":"Riddle With Holes","floor":18.0},{"not_picked":["Sucker Punch","Deflect+1"],"picked":"Blade Dance+1","floor":20.0},{"not_picked":["Bouncing Flask+1","Quick Slash+1"],"picked":"Cloak And Dagger+1","floor":21.0},{"not_picked":["Quick Slash","Sucker Punch+1","Glass Knife"],"picked":"Singing Bowl","floor":22.0},{"not_picked":["Heel Hook","Bane"],"picked":"Dodge and Roll+1","floor":23.0},{"not_picked":["Eviscerate","Prepared+1"],"picked":"Leg Sweep+1","floor":27.0},{"not_picked":["Dodge and Roll+1","Poisoned Stab+1","Expertise+1"],"picked":"Singing Bowl","floor":27.0},{"not_picked":["Deflect+1","Sucker Punch","Underhanded Strike"],"picked":"Singing Bowl","floor":30.0},{"not_picked":["Bane+1","Outmaneuver+1","Underhanded Strike"],"picked":"Singing Bowl","floor":30.0},{"not_picked":["Dagger Spray","Outmaneuver+1"],"picked":"Footwork","floor":31.0},{"not_picked":["Expertise+1","Grand Finale"],"picked":"Terror+1","floor":31.0},{"not_picked":["Night Terror+1","Burst+1"],"picked":"Phantasmal Killer+1","floor":33.0},{"not_picked":["Dodge and Roll+1","Slice+1","Backflip+1"],"picked":"Singing Bowl","floor":35.0},{"not_picked":["Noxious Fumes+1","Outmaneuver+1","Bouncing Flask+1"],"picked":"Singing Bowl","floor":35.0},{"not_picked":["Flying Knee","Dagger Throw","Concentrate+1"],"picked":"Singing Bowl","floor":36.0},{"not_picked":["Skewer","Flying Knee","Masterful Stab"],"picked":"Singing Bowl","floor":36.0},{"not_picked":["Dagger Throw","Dagger Spray+1"],"picked":"Prepared+1","floor":38.0},{"not_picked":["Well Laid Plans","All Out Attack+1"],"picked":"Blade Dance+1","floor":41.0},{"not_picked":["Poisoned Stab","Wraith Form v2","Setup+1"],"picked":"Singing Bowl","floor":47},{"not_picked":["Masterful Stab","PiercingWail+1"],"picked":"Cloak And Dagger+1","floor":48},{"not_picked":["Underhanded Strike+1","Dagger Spray+1","Choke"],"picked":"Singing Bowl","floor":48}],"player_experience":612957,"relics_obtained":[{"floor":6.0,"key":"Singing Bowl"},{"floor":9.0,"key":"Toxic Egg 2"},{"floor":11.0,"key":"Shuriken"},{"floor":23.0,"key":"Happy Flower"},{"floor":26.0,"key":"Meat on the Bone"},{"floor":29.0,"key":"Nilry\u0027s Codex"},{"floor":38.0,"key":"Mango"},{"floor":41.0,"key":"Ninja Scroll"},{"floor":47,"key":"Turnip"}],"event_choices":[{"damage_healed":0.0,"max_hp_gain":0.0,"max_hp_loss":0.0,"gold_gain":0.0,"event_name":"Accursed Blacksmith","player_choice":"Forge","floor":7.0,"gold_loss":0.0,"damage_taken":0.0,"cards_upgraded":["Predator"]},{"damage_healed":0.0,"max_hp_gain":0.0,"max_hp_loss":0.0,"gold_gain":0.0,"event_name":"The Mausoleum","player_choice":"Opened","floor":25.0,"gold_loss":0.0,"damage_taken":0.0,"relics_obtained":["Prayer Wheel"],"cards_obtained":["Writhe"]},{"damage_healed":0.0,"max_hp_gain":0.0,"max_hp_loss":0.0,"gold_gain":0.0,"event_name":"Cursed Tome","player_choice":"Obtained Book","floor":29.0,"gold_loss":0.0,"damage_taken":16.0},{"damage_healed":0.0,"max_hp_gain":0.0,"max_hp_loss":0.0,"gold_gain":0.0,"event_name":"MindBloom","player_choice":"Fight","floor":38.0,"gold_loss":0.0,"damage_taken":0.0},{"damage_healed":0.0,"max_hp_gain":0.0,"max_hp_loss":0.0,"gold_gain":0.0,"event_name":"Mysterious Sphere","player_choice":"Ignored","floor":39.0,"gold_loss":0.0,"damage_taken":0.0}],"is_beta":false,"boss_relics":[{"not_picked":["Snecko Eye","Calling Bell"],"picked":"Ring of the Serpent"},{"not_picked":["Eternal Feather","White Beast Statue"],"picked":"Cursed Key"}],"items_purged_floors":[19,37,45],"is_endless":false,"potions_floor_spawned":[1,6,11,16,20,21,30,33,35,38,47,48],"ascension_level":10}