{"gold_per_floor":[364,382,382,382,105,137,137,137,137,148,158,40,40,65,65,65],"floor_reached":16,"playtime":587,"items_purged":["Defend_R"],"score":184,"play_id":"2f2773a6-b87c-4e0c-ac3e-dc4e3bb99b4c","local_time":"20190318204619","is_ascension_mode":true,"campfire_choices":[{"floor":8,"key":"REST"},{"floor":15,"key":"REST"}],"neow_cost":"PERCENT_DAMAGE","seed_source_timestamp":2074962706609,"circlet_count":0,"master_deck":["AscendersBane","Strike_R","Strike_R","Strike_R","Strike_R","Strike_R","Defend_R","Defend_R","Bash","Perfected Strike","Pommel Strike","Ghostly Armor","Wild Strike+1","Evolve","Dual Wield","Wild Strike+1","Thunderclap+1"],"relics":["Burning Blood","Darkstone Periapt","Happy Flower","Centennial Puzzle","Molten Egg 2","Pen Nib","Shuriken"],"potions_floor_usage":[14,16],"damage_taken":[{"damage":9,"enemies":"2 Louse","floor":1,"turns":3},{"damage":15,"enemies":"Small Slimes","floor":2,"turns":3},{"damage":24,"enemies":"Gremlin Nob","floor":6,"turns":4},{"damage":1,"enemies":"Cultist","floor":10,"turns":3},{"damage":24,"enemies":"Exordium Thugs","floor":11,"turns":5},{"damage":10,"enemies":"Lagavulin","floor":14,"turns":4},{"damage":33,"enemies":"The Guardian","floor":16,"turns":9}],"seed_played":"-3200795307126775726","potions_obtained":[{"floor":1,"key":"SkillPotion"},{"floor":6,"key":"Swift Potion"},{"floor":10,"key":"Explosive Potion"}],"is_trial":false,"path_per_floor":["M","M","?","?","$","E","$","R","T","M","M","$","?","E","R","B"],"character_chosen":"IRONCLAD","items_purchased":["Pommel Strike","Happy Flower","Dual Wield","Wild Strike+1"],"campfire_rested":2,"item_purchase_floors":[5,5,12,12],"current_hp_per_floor":[47,38,35,35,35,17,17,39,39,44,26,26,26,22,44,11],"gold":65,"neow_bonus":"TWO_FIFTY_GOLD","is_prod":false,"is_daily":false,"chose_seed":false,"campfire_upgraded":0,"win_rate":0,"timestamp":1552909579,"path_taken":["M","M","?","?","$","E","$","R","T","?","M","?","?","E","R","BOSS"],"build_version":"2019-01-23","purchased_purges":1,"victory":false,"max_hp_per_floor":[75,75,75,75,75,75,75,75,75,75,75,75,75,75,75,75],"card_choices":[{"not_picked":["Carnage","Headbutt"],"picked":"Perfected Strike","floor":1},{"not_picked":["Cleave","Infernal Blade"],"picked":"Whirlwind","floor":2},{"not_picked":["Armaments","Reckless Charge"],"picked":"Ghostly Armor","floor":6},{"not_picked":["Battle Trance","Entrench"],"picked":"Wild Strike+1","floor":10},{"not_picked":["Body Slam+1","Twin Strike+1"],"picked":"Evolve","floor":11},{"not_picked":["Clash+1","Ghostly Armor"],"picked":"Thunderclap+1","floor":14}],"player_experience":426039,"relics_obtained":[{"floor":6,"key":"Centennial Puzzle"},{"floor":9,"key":"Molten Egg 2"},{"floor":14,"key":"Shuriken"}],"event_choices":[{"damage_healed":0,"gold_gain":0,"player_choice":"Success","damage_taken":3,"relics_obtained":["Darkstone Periapt"],"max_hp_gain":0,"max_hp_loss":0,"event_name":"Scrap Ooze","floor":3,"gold_loss":0},{"cards_removed":["Defend_R"],"damage_healed":0,"gold_gain":0,"player_choice":"Offered Basic","damage_taken":0,"max_hp_gain":0,"max_hp_loss":0,"event_name":"Bonfire Elementals","floor":4,"gold_loss":0},{"cards_removed":["Whirlwind"],"damage_healed":0,"gold_gain":0,"player_choice":"Gave Card","damage_taken":0,"relics_obtained":["Pen Nib"],"max_hp_gain":0,"max_hp_loss":0,"event_name":"WeMeetAgain","floor":13,"gold_loss":0}],"is_beta":false,"boss_relics":[],"items_purged_floors":[5],"is_endless":false,"potions_floor_spawned":[1,6,10],"killed_by":"The Guardian","ascension_level":14}