{"gold_per_floor":[116,135,150,73,88,121,134,161,186,218,236,236,311,311,311,412,412,426,426,426],"floor_reached":20,"playtime":1123,"items_purged":[],"score":272,"play_id":"64e45a6c-f9f4-432a-bb10-2e5502f6af0d","local_time":"20181111015311","is_ascension_mode":true,"campfire_choices":[{"data":"Footwork","floor":12,"key":"SMITH"},{"data":"After Image","floor":15,"key":"SMITH"}],"neow_cost":"NONE","seed_source_timestamp":3296029758603773,"circlet_count":0,"master_deck":["Defend_G","Defend_G","Defend_G","Defend_G","Defend_G","Strike_G","Strike_G","Strike_G","Strike_G","Strike_G","Survivor","Neutralize","Cloak And Dagger","Cloak And Dagger","Footwork","Noxious Fumes","Sucker Punch","After Image+1","Terror","Footwork+1","A Thousand Cuts","Accuracy"],"relics":["Ring of the Snake","Boot","Blood Vial","Blue Candle","Bag of Marbles","Strawberry","Sozu"],"potions_floor_usage":[6,10,10,19],"damage_taken":[{"damage":3,"enemies":"Small Slimes","floor":1,"turns":5},{"damage":0,"enemies":"Jaw Worm","floor":2,"turns":4},{"damage":0,"enemies":"2 Louse","floor":3,"turns":3},{"damage":0,"enemies":"Blue Slaver","floor":5,"turns":5},{"damage":22,"enemies":"Gremlin Nob","floor":6,"turns":4},{"damage":0,"enemies":"Large Slime","floor":7,"turns":7},{"damage":8,"enemies":"Lagavulin","floor":8,"turns":8},{"damage":9,"enemies":"3 Sentries","floor":10,"turns":8},{"damage":5,"enemies":"3 Louse","floor":11,"turns":6},{"damage":1,"enemies":"Hexaghost","floor":16,"turns":14},{"damage":18,"enemies":"Chosen","floor":18,"turns":7},{"damage":0,"enemies":"Colosseum Slavers","floor":19,"turns":7},{"damage":60,"enemies":"Masked Bandits","floor":20,"turns":5}],"seed_played":"-1546843111431616722","potions_obtained":[{"floor":2,"key":"Fire Potion"},{"floor":7,"key":"Regen Potion"},{"floor":8,"key":"Poison Potion"},{"floor":10,"key":"AttackPotion"}],"is_trial":false,"path_per_floor":["M","M","M","$","M","E","M","E","T","E","M","R","?","?","R","B",null,"M","?","?"],"character_chosen":"THE_SILENT","items_purchased":["Noxious Fumes"],"campfire_rested":0,"item_purchase_floors":[4],"current_hp_per_floor":[60,60,60,60,60,38,40,34,34,49,46,46,35,40,40,41,72,56,58,0],"gold":426,"neow_bonus":"RANDOM_COMMON_RELIC","is_prod":false,"is_daily":false,"chose_seed":false,"campfire_upgraded":2,"win_rate":0,"timestamp":1541926391,"path_taken":["M","M","M","$","M","E","M","E","T","E","M","R","?","?","R","BOSS","M","?","?"],"build_version":"2018-11-08","purchased_purges":0,"victory":false,"max_hp_per_floor":[70,70,70,70,70,70,70,70,70,77,77,77,77,82,82,82,82,82,82,82],"card_choices":[{"not_picked":["PiercingWail","Choke"],"picked":"Cloak And Dagger","floor":1},{"not_picked":["Underhanded Strike","Acrobatics"],"picked":"Cloak And Dagger","floor":2},{"not_picked":["Slice","Backflip"],"picked":"Footwork","floor":3},{"not_picked":["Crippling Poison","Deflect"],"picked":"Sucker Punch","floor":5},{"not_picked":["Riddle With Holes","Poisoned Stab","Eviscerate"],"picked":"SKIP","floor":6},{"not_picked":["Bane","Prepared","Acrobatics"],"picked":"SKIP","floor":7},{"not_picked":["Bane","Prepared","Acrobatics"],"picked":"SKIP","floor":7},{"not_picked":["Tactician","Dagger Spray"],"picked":"After Image","floor":8},{"not_picked":["Backstab","Poisoned Stab"],"picked":"Terror","floor":10},{"not_picked":["Prepared","All Out Attack"],"picked":"Footwork","floor":11},{"not_picked":["Adrenaline","Burst"],"picked":"A Thousand Cuts","floor":16},{"not_picked":["Dagger Spray","Concentrate+1"],"picked":"Accuracy","floor":18}],"player_experience":578698,"relics_obtained":[{"floor":6,"key":"Blood Vial"},{"floor":8,"key":"Blue Candle"},{"floor":9,"key":"Bag of Marbles"},{"floor":10,"key":"Strawberry"}],"event_choices":[{"damage_healed":0,"gold_gain":75,"player_choice":"Gather Gold","damage_taken":11,"max_hp_gain":0,"max_hp_loss":0,"event_name":"World of Goop","floor":13,"gold_loss":0},{"damage_healed":0,"gold_gain":0,"player_choice":"Donut","damage_taken":0,"max_hp_gain":5,"max_hp_loss":0,"event_name":"Big Fish","floor":14,"gold_loss":0},{"damage_healed":0,"gold_gain":0,"player_choice":"Fight","damage_taken":0,"max_hp_gain":0,"max_hp_loss":0,"event_name":"Colosseum","floor":19,"gold_loss":0},{"damage_healed":0,"gold_gain":0,"player_choice":"Fled From Nobs","damage_taken":0,"max_hp_gain":0,"max_hp_loss":0,"event_name":"Colosseum","floor":19,"gold_loss":0},{"damage_healed":0,"gold_gain":0,"player_choice":"Fought Bandits","damage_taken":0,"max_hp_gain":0,"max_hp_loss":0,"event_name":"Masked Bandits","floor":20,"gold_loss":0}],"is_beta":false,"boss_relics":[{"not_picked":["Pandora\u0027s Box","Ring of the Serpent"],"picked":"Sozu"}],"items_purged_floors":[],"is_endless":false,"potions_floor_spawned":[2,7,8,10,18],"killed_by":"Masked Bandits","ascension_level":8}