{"gold_per_floor":[360,376,386,351,370,370,402,422,476,28,54,54,54,68,68,169,169,186,69,86,86,99,126,136,151,151,179,179,212,212,223,223,319,319,338,357,372,17,17,49,59,59,59,71,94,135,147,174,186,198],"floor_reached":51,"playtime":3367,"items_purged":[],"score":856,"play_id":"074ff51f-ee79-4219-8ea7-26c323cb328c","local_time":"20190320201816","is_ascension_mode":false,"campfire_choices":[{"data":"Whirlwind","floor":6,"key":"SMITH"},{"floor":12,"key":"REST"},{"floor":15,"key":"REST"},{"floor":28,"key":"REST"},{"data":"Feel No Pain","floor":30,"key":"SMITH"},{"data":"Juggernaut","floor":32,"key":"SMITH"},{"data":"Juggernaut","floor":42,"key":"SMITH"},{"data":"Feel No Pain","floor":44,"key":"SMITH"},{"data":"Shockwave","floor":49,"key":"SMITH"}],"neow_cost":"PERCENT_DAMAGE","seed_source_timestamp":500688197122491,"circlet_count":0,"master_deck":["Strike_R+1","Strike_R+1","Strike_R+1","Strike_R+1","Defend_R+1","Defend_R+1","Defend_R+1","Defend_R+1","Bash+1","Whirlwind+1","Thunderclap+1","Clothesline+1","Rage+1","Pummel+1","Disarm+1","Limit Break+1","Corruption+1","Hemokinesis+1","Juggernaut+1","Dark Embrace+1","Clothesline+1","Sentinel+1","Uppercut+1","Feel No Pain+1","Clash+1","True Grit+1","Shrug It Off+1","Flex+1","Spot Weakness+1","Juggernaut+1","Inflame+1","Exhume+1","Flame Barrier+1","Battle Trance+1","Feel No Pain+1","Sentinel+1","Corruption+1","Good Instincts+1","Body Slam+1","Havoc+1","Flex+1","Barricade+1","Shockwave+1"],"relics":["Black Blood","Art of War","Vajra","Dead Branch","Matryoshka","Snecko Eye","Regal Pillow","Bottled Tornado","Strawberry","Dodecahedron","Bottled Lightning","DollysMirror","Anchor","MawBank","Oddly Smooth Stone","Mummified Hand","Mark of the Bloom"],"potions_floor_usage":[5,7,16],"damage_taken":[{"damage":9,"enemies":"Jaw Worm","floor":1,"turns":8},{"damage":0,"enemies":"2 Louse","floor":2,"turns":2},{"damage":1,"enemies":"Cultist","floor":3,"turns":3},{"damage":19,"enemies":"Gremlin Gang","floor":5,"turns":6},{"damage":16,"enemies":"Gremlin Nob","floor":7,"turns":4},{"damage":14,"enemies":"Blue Slaver","floor":8,"turns":3},{"damage":33,"enemies":"Lagavulin","floor":11,"turns":6},{"damage":0,"enemies":"Large Slime","floor":14,"turns":4},{"damage":29,"enemies":"Slime Boss","floor":16,"turns":6},{"damage":10,"enemies":"2 Thieves","floor":18,"turns":3},{"damage":6,"enemies":"3 Byrds","floor":20,"turns":2},{"damage":3,"enemies":"Snecko","floor":22,"turns":4},{"damage":2,"enemies":"Book of Stabbing","floor":23,"turns":3},{"damage":0,"enemies":"Centurion and Healer","floor":24,"turns":2},{"damage":16,"enemies":"Snake Plant","floor":25,"turns":5},{"damage":35,"enemies":"Gremlin Leader","floor":27,"turns":3},{"damage":8,"enemies":"Book of Stabbing","floor":29,"turns":3},{"damage":14,"enemies":"Shelled Parasite and Fungi","floor":31,"turns":3},{"damage":20,"enemies":"Automaton","floor":33,"turns":6},{"damage":0,"enemies":"3 Darklings","floor":35,"turns":2},{"damage":0,"enemies":"Orb Walker","floor":36,"turns":2},{"damage":1,"enemies":"3 Darklings","floor":37,"turns":2},{"damage":11,"enemies":"Nemesis","floor":40,"turns":5},{"damage":0,"enemies":"Spire Growth","floor":41,"turns":3},{"damage":10,"enemies":"Jaw Worm Horde","floor":45,"turns":3},{"damage":0,"enemies":"Giant Head","floor":46,"turns":4},{"damage":0,"enemies":"Sphere and 2 Shapes","floor":48,"turns":3},{"damage":6,"enemies":"Awakened One","floor":50,"turns":4}],"seed_played":"-5577701916011167399","potions_obtained":[{"floor":1,"key":"SkillPotion"},{"floor":5,"key":"Swift Potion"},{"floor":11,"key":"FairyPotion"},{"floor":14,"key":"PowerPotion"},{"floor":16,"key":"LiquidBronze"},{"floor":18,"key":"BloodPotion"}],"is_trial":false,"path_per_floor":["?","?","?","M","?","?"],"character_chosen":"IRONCLAD","items_purchased":["Dead Branch","Limit Break","Sentinel","Uppercut","Feel No Pain","Sentinel","DollysMirror"],"campfire_rested":3,"item_purchase_floors":[10,10,19,19,38,38,38],"current_hp_per_floor":[53,59,64,80,67,67,57,49,49,49,22,46,46,52,76,53,80,76,76,76,76,79,80,80,70,77,48,87,85,85,77,77,63,87,87,87,87,87,87,86,87,87,87,87,87,87,87,87,87,81],"gold":210,"neow_bonus":"TWO_FIFTY_GOLD","is_prod":false,"is_daily":false,"chose_seed":false,"campfire_upgraded":6,"win_rate":0,"timestamp":1553109496,"path_taken":["M","M","M","?","M","R","E","M","T","$","E","R","?","M","R","BOSS","M","$","M","?","M","E","M","M","T","E","R","E","R","M","R","BOSS","M","?","M","$","?","E","M","R","T","R","M","E","?","M","R","BOSS"],"build_version":"2019-01-23","purchased_purges":0,"victory":true,"max_hp_per_floor":[80,80,80,80,80,80,80,80,80,80,80,80,80,80,80,80,80,80,80,80,80,80,80,80,80,87,87,87,87,87,87,87,87,87,87,87,87,87,87,87,87,87,87,87,87,87,87,87,87,87],"card_choices":[{"not_picked":["Havoc","Cleave"],"picked":"Whirlwind","floor":1},{"not_picked":["Sword Boomerang","Havoc"],"picked":"Thunderclap","floor":2},{"not_picked":["Havoc","Second Wind"],"picked":"Clothesline","floor":3},{"not_picked":["Body Slam","True Grit"],"picked":"Rage","floor":5},{"not_picked":["Sentinel","Heavy Blade"],"picked":"Pummel","floor":7},{"not_picked":["Uppercut","Power Through"],"picked":"Disarm","floor":8},{"not_picked":["Perfected Strike","Blood for Blood"],"picked":"Corruption","floor":11},{"not_picked":["Perfected Strike","Headbutt"],"picked":"Juggernaut","floor":14},{"not_picked":["Reaper","Barricade"],"picked":"Dark Embrace","floor":16},{"not_picked":["Wild Strike","Anger"],"picked":"Clothesline","floor":18},{"not_picked":["Shockwave","Body Slam"],"picked":"Feel No Pain","floor":20},{"not_picked":["Heavy Blade","Whirlwind+1"],"picked":"Clash+1","floor":22},{"not_picked":["Cleave+1","Whirlwind"],"picked":"True Grit","floor":23},{"not_picked":["Wild Strike","Feed"],"picked":"Shrug It Off","floor":24},{"not_picked":["Clothesline","Pommel Strike"],"picked":"Flex","floor":25},{"not_picked":["Headbutt","Heavy Blade+1"],"picked":"Spot Weakness+1","floor":27},{"not_picked":["Clash+1","Headbutt"],"picked":"Juggernaut","floor":29},{"not_picked":["Cleave","Carnage+1"],"picked":"Inflame","floor":31},{"not_picked":["Double Tap","Dark Embrace"],"picked":"Exhume","floor":33},{"not_picked":["Pommel Strike","Anger"],"picked":"Flame Barrier+1","floor":35},{"not_picked":["Reckless Charge+1","Fire Breathing"],"picked":"Battle Trance","floor":36},{"not_picked":["Thunderclap+1","Fire Breathing+1","Evolve"],"picked":"SKIP","floor":37},{"not_picked":["Panacea","Blind"],"picked":"Good Instincts","floor":39},{"not_picked":["Flame Barrier+1","Wild Strike+1"],"picked":"Body Slam+1","floor":40},{"not_picked":["Warcry","Power Through"],"picked":"Havoc+1","floor":41},{"not_picked":["Iron Wave","Wild Strike+1"],"picked":"Flex+1","floor":45},{"not_picked":["Warcry","Feel No Pain+1"],"picked":"Barricade","floor":46},{"not_picked":["Battle Trance","Warcry+1"],"picked":"Shockwave","floor":48}],"player_experience":441150,"relics_obtained":[{"floor":7,"key":"Art of War"},{"floor":9,"key":"Vajra"},{"floor":11,"key":"Matryoshka"},{"floor":23,"key":"Regal Pillow"},{"floor":26,"key":"Bottled Tornado"},{"floor":26,"key":"Strawberry"},{"floor":27,"key":"Dodecahedron"},{"floor":29,"key":"Bottled Lightning"},{"floor":40,"key":"Anchor"},{"floor":43,"key":"MawBank"},{"floor":43,"key":"Oddly Smooth Stone"},{"floor":46,"key":"Mummified Hand"}],"event_choices":[{"damage_healed":20,"gold_gain":0,"player_choice":"Healed","damage_taken":0,"max_hp_gain":0,"max_hp_loss":0,"event_name":"The Cleric","floor":4,"gold_loss":35},{"damage_healed":0,"gold_gain":0,"cards_transformed":["Strike_R"],"player_choice":"Transformed","damage_taken":0,"max_hp_gain":0,"max_hp_loss":0,"event_name":"Transmorgrifier","floor":13,"gold_loss":0,"cards_obtained":["Hemokinesis"]},{"damage_healed":0,"gold_gain":0,"player_choice":"Ignored","damage_taken":0,"max_hp_gain":0,"max_hp_loss":0,"event_name":"NoteForYourself","floor":21,"gold_loss":0},{"damage_healed":0,"gold_gain":0,"player_choice":"Memory 1","damage_taken":0,"max_hp_gain":0,"max_hp_loss":0,"event_name":"SensoryStone","floor":39,"gold_loss":0},{"damage_healed":0,"gold_gain":0,"player_choice":"Upgrade","damage_taken":0,"relics_obtained":["Mark of the Bloom"],"max_hp_gain":0,"max_hp_loss":0,"event_name":"MindBloom","floor":47,"gold_loss":0,"cards_upgraded":["Strike_R","Strike_R","Strike_R","Strike_R","Defend_R","Defend_R","Defend_R","Defend_R","Bash","Thunderclap","Clothesline","Rage","Pummel","Disarm","Limit Break","Corruption","Hemokinesis","Dark Embrace","Clothesline","Sentinel","Uppercut","True Grit","Shrug It Off","Flex","Inflame","Exhume","Battle Trance","Sentinel","Corruption","Good Instincts","Barricade"]}],"is_beta":false,"boss_relics":[{"not_picked":["Pandora\u0027s Box","White Beast Statue"],"picked":"Snecko Eye"},{"not_picked":["Tiny House","Sozu"],"picked":"Black Blood"}],"items_purged_floors":[],"is_endless":false,"potions_floor_spawned":[1,5,11,14,16,18,23,24,31,36,40,45,46],"ascension_level":0}