{"gold_per_floor":[19,38,49,49,73,108,128,141,141,141],"floor_reached":10,"playtime":528,"items_purged":[],"score":72,"play_id":"ca3c6b72-f0a4-4a52-82c6-103661fc7734","local_time":"20180703123710","is_ascension_mode":false,"campfire_choices":[],"neow_cost":"NO_GOLD","seed_source_timestamp":152272421403577,"circlet_count":0,"master_deck":["Defend_G","Defend_G","Defend_G","Defend_G","Defend_G","Strike_G","Strike_G","Strike_G","Strike_G","Strike_G","Survivor","Neutralize","Poisoned Stab","Crippling Poison","Bouncing Flask","Outmaneuver","Envenom","PiercingWail"],"relics":["Ring of the Snake","The Specimen","Golden Idol","Dodecahedron","The Courier"],"potions_floor_usage":[],"damage_taken":[{"damage":0,"enemies":"Small Slimes","floor":1,"turns":3},{"damage":7,"enemies":"2 Louse","floor":2,"turns":2},{"damage":0,"enemies":"Cultist","floor":3,"turns":4},{"damage":0,"enemies":"Red Slaver","floor":5,"turns":5},{"damage":32,"enemies":"3 Sentries","floor":6,"turns":10},{"damage":2,"enemies":"Looter","floor":7,"turns":4},{"damage":0,"enemies":"Blue Slaver","floor":8,"turns":5},{"damage":13,"enemies":"Gremlin Gang","floor":10,"turns":1}],"seed_played":"7360089394487003581","potions_obtained":[{"floor":1,"key":"Explosive Potion"},{"floor":6,"key":"EntropicBrew"},{"floor":7,"key":"Swift Potion"}],"is_trial":false,"path_per_floor":["M","M","M","?","M","E","M","M","T"],"character_chosen":"THE_SILENT","items_purchased":[],"campfire_rested":0,"item_purchase_floors":[],"current_hp_per_floor":[70,63,63,46,46,14,12,12,12,0],"gold":141,"neow_bonus":"ONE_RARE_RELIC","is_prod":false,"is_daily":false,"chose_seed":false,"campfire_upgraded":0,"win_rate":0.0,"timestamp":1530643030,"path_taken":["M","M","M","?","M","E","M","?","T","M"],"build_version":"2018-06-28","purchased_purges":0,"victory":false,"max_hp_per_floor":[70,70,70,70,70,70,70,70,70,70],"card_choices":[{"not_picked":["Bane","Outmaneuver"],"picked":"Poisoned Stab","floor":1},{"not_picked":["Backflip","Calculated Gamble"],"picked":"Crippling Poison","floor":2},{"not_picked":["Finisher","Footwork"],"picked":"Bouncing Flask","floor":3},{"not_picked":["Underhanded Strike","Distraction"],"picked":"Outmaneuver","floor":5},{"not_picked":["PiercingWail","Bane"],"picked":"Envenom","floor":6},{"not_picked":["Choke","Predator","Slice"],"picked":"SKIP","floor":7},{"not_picked":["Cloak And Dagger","Dodge and Roll"],"picked":"PiercingWail","floor":8}],"player_experience":133462,"relics_obtained":[{"floor":6,"key":"Dodecahedron"},{"floor":9,"key":"The Courier"}],"event_choices":[{"event_name":"Golden Idol","player_choice":"Take Damage","floor":4,"damage_taken":0}],"boss_relics":[],"items_purged_floors":[],"is_endless":false,"potions_floor_spawned":[1,6,7],"killed_by":"Gremlin Gang","ascension_level":0}