{"gold_per_floor":[115,190,208,178,197,223,223,236,289,306,323,141,141,41,41,139,139,155,171,22,22,22,22],"floor_reached":23,"playtime":1371,"items_purged":["Strike_B","Defend_B"],"score":210,"play_id":"f75f2473-63fe-46f9-9162-b33c21af727f","local_time":"20190320105543","is_ascension_mode":true,"campfire_choices":[{"floor":7,"key":"REST"},{"floor":15,"key":"REST"}],"neow_cost":"NONE","seed_source_timestamp":148483882245776,"circlet_count":0,"master_deck":["Strike_B","Strike_B+1","Strike_B","Defend_B","Defend_B","Defend_B+1","Zap","Dualcast","Steam","Force Field","Loop","Turbo","Lockon","Thunder Strike","Ball Lightning","Loop","Skim","Echo Form","Force Field","Defragment","Melter"],"relics":["Cracked Core","Potion Belt","Meat on the Bone","DataDisk","Velvet Choker"],"potions_floor_usage":[11,16,23,23,23],"damage_taken":[{"damage":2,"enemies":"2 Louse","floor":1,"turns":3},{"damage":3,"enemies":"Jaw Worm","floor":3,"turns":4},{"damage":0,"enemies":"Cultist","floor":5,"turns":3},{"damage":33,"enemies":"3 Sentries","floor":6,"turns":10},{"damage":6,"enemies":"Looter","floor":8,"turns":3},{"damage":9,"enemies":"Exordium Wildlife","floor":10,"turns":3},{"damage":13,"enemies":"Exordium Thugs","floor":11,"turns":4},{"damage":31,"enemies":"Hexaghost","floor":16,"turns":9},{"damage":7,"enemies":"Chosen","floor":18,"turns":4},{"damage":16,"enemies":"Shell Parasite","floor":19,"turns":6},{"damage":56,"enemies":"Slavers","floor":23,"turns":5}],"seed_played":"2610923582577695784","potions_obtained":[{"floor":3,"key":"SpeedPotion"},{"floor":4,"key":"Ancient Potion"},{"floor":4,"key":"Swift Potion"},{"floor":5,"key":"Strength Potion"},{"floor":8,"key":"Fire Potion"},{"floor":11,"key":"Fire Potion"},{"floor":18,"key":"Energy Potion"},{"floor":19,"key":"AttackPotion"},{"floor":22,"key":"Fire Potion"}],"is_trial":false,"path_per_floor":["M","?","M","?","M","E","R","M","T","M","M","$","?","$","R","B",null,"M","M","$","?","?","E"],"character_chosen":"DEFECT","items_purchased":["Loop","Skim","Defragment","Melter"],"campfire_rested":2,"item_purchase_floors":[12,12,20,20],"current_hp_per_floor":[73,62,59,59,59,26,48,42,42,45,44,44,29,29,51,32,75,68,52,52,52,52,0],"gold":22,"neow_bonus":"RANDOM_COMMON_RELIC","is_prod":false,"is_daily":false,"chose_seed":false,"campfire_upgraded":0,"win_rate":0,"timestamp":1553090143,"path_taken":["M","?","M","?","M","E","R","?","T","M","M","$","?","$","R","BOSS","M","M","$","?","?","E"],"build_version":"2019-01-23","purchased_purges":2,"victory":false,"max_hp_per_floor":[75,75,75,75,75,75,75,75,75,75,75,75,75,75,75,75,75,75,75,75,75,75,75],"card_choices":[{"not_picked":["Go for the Eyes","Hologram"],"picked":"Steam","floor":1},{"not_picked":["Go for the Eyes","Cold Snap"],"picked":"Force Field","floor":3},{"not_picked":["Rebound","Glacier"],"picked":"Loop","floor":5},{"not_picked":["Streamline","Recycle"],"picked":"Turbo","floor":6},{"not_picked":["Gash","Beam Cell"],"picked":"Lockon","floor":8},{"not_picked":["Fusion","Coolheaded"],"picked":"Thunder Strike","floor":10},{"not_picked":["Conserve Battery","Hologram"],"picked":"Ball Lightning","floor":11},{"not_picked":["Seek","Biased Cognition"],"picked":"Echo Form","floor":16},{"not_picked":["Beam Cell","Gash"],"picked":"Force Field","floor":18},{"not_picked":["Conserve Battery","Rebound","Aggregate"],"picked":"SKIP","floor":19}],"player_experience":106007,"relics_obtained":[{"floor":6,"key":"Meat on the Bone"},{"floor":9,"key":"DataDisk"}],"event_choices":[{"damage_healed":0,"gold_gain":75,"player_choice":"Gather Gold","damage_taken":11,"max_hp_gain":0,"max_hp_loss":0,"event_name":"World of Goop","floor":2,"gold_loss":0},{"damage_healed":0,"gold_gain":0,"player_choice":"Bought 2 Potions","damage_taken":0,"max_hp_gain":0,"max_hp_loss":0,"event_name":"The Woman in Blue","floor":4,"gold_loss":0},{"damage_healed":0,"gold_gain":0,"player_choice":"Entered Light","damage_taken":15,"max_hp_gain":0,"max_hp_loss":0,"event_name":"Shining Light","floor":13,"gold_loss":0,"cards_upgraded":["Defend_B","Strike_B"]},{"damage_healed":0,"gold_gain":0,"player_choice":"Ignored","damage_taken":0,"max_hp_gain":0,"max_hp_loss":0,"event_name":"Vampires","floor":21,"gold_loss":0},{"damage_healed":0,"gold_gain":0,"player_choice":"Got Potions","damage_taken":0,"max_hp_gain":0,"max_hp_loss":0,"event_name":"Lab","floor":22,"gold_loss":0}],"is_beta":false,"boss_relics":[{"not_picked":["White Beast Statue","Snecko Eye"],"picked":"Velvet Choker"}],"items_purged_floors":[12,14],"is_endless":false,"potions_floor_spawned":[3,5,8,11,18,19],"killed_by":"Slavers","ascension_level":2}