{"gold_per_floor":[114,189,189,209,226,226,241,241,241,20,39,52,68,80,80,175,175,189,288,288,7,17,17],"floor_reached":23,"playtime":906,"items_purged":["Strike_B"],"score":213,"play_id":"0221f9ad-96fa-46be-afe7-7db50591a3b2","local_time":"20190314170912","is_ascension_mode":true,"campfire_choices":[{"data":"Leap","floor":6,"key":"SMITH"},{"floor":8,"key":"REST"},{"floor":15,"key":"REST"}],"neow_cost":"NONE","seed_source_timestamp":204197515030895,"circlet_count":0,"master_deck":["Strike_B","Strike_B","Strike_B","Defend_B","Defend_B","Defend_B","Defend_B","Zap+1","Dualcast","Pain","Steam","Leap+1","Sweeping Beam","Chaos","Static Discharge","Leap","Fusion","Turbo","Buffer","Static Discharge+1","Steam","Conserve Battery"],"relics":["Cracked Core","WarpedTongs","Pear","Inserter","Frozen Egg 2","DataDisk"],"potions_floor_usage":[14],"damage_taken":[{"damage":3,"enemies":"Small Slimes","floor":1,"turns":2},{"damage":3,"enemies":"Jaw Worm","floor":4,"turns":3},{"damage":5,"enemies":"Cultist","floor":5,"turns":3},{"damage":16,"enemies":"Lots of Slimes","floor":7,"turns":5},{"damage":8,"enemies":"Looter","floor":11,"turns":3},{"damage":7,"enemies":"Large Slime","floor":12,"turns":6},{"damage":18,"enemies":"Exordium Thugs","floor":13,"turns":4},{"damage":3,"enemies":"2 Fungi Beasts","floor":14,"turns":3},{"damage":49,"enemies":"Hexaghost","floor":16,"turns":13},{"damage":20,"enemies":"Spheric Guardian","floor":18,"turns":5},{"damage":37,"enemies":"2 Thieves","floor":22,"turns":4},{"damage":29,"enemies":"Slavers","floor":23,"turns":3}],"seed_played":"7513758155635053201","potions_obtained":[{"floor":7,"key":"AttackPotion"},{"floor":12,"key":"GamblersBrew"},{"floor":14,"key":"EssenceOfSteel"},{"floor":16,"key":"SpeedPotion"},{"floor":22,"key":"AttackPotion"}],"is_trial":false,"path_per_floor":["?","?","M","M","?","?"],"character_chosen":"DEFECT","items_purchased":["Chaos","Static Discharge","DataDisk","Static Discharge+1","Steam","Conserve Battery"],"campfire_rested":2,"item_purchase_floors":[10,10,21,21,21,21],"current_hp_per_floor":[72,61,61,58,53,53,37,59,69,69,61,54,36,33,58,9,85,65,65,65,65,28,0],"gold":17,"neow_bonus":"UPGRADE_CARD","is_prod":false,"is_daily":false,"chose_seed":false,"campfire_upgraded":1,"win_rate":0,"timestamp":1552579752,"path_taken":["M","?","?","?","M","R","M","R","T","$","M","M","?","M","R","BOSS","M","?","?","$","M","E"],"build_version":"2019-01-23","purchased_purges":1,"victory":false,"max_hp_per_floor":[75,75,75,75,75,75,75,75,85,85,85,85,85,85,85,85,85,85,85,85,85,85,85],"card_choices":[{"not_picked":["Compile Driver","Stack","Beam Cell"],"picked":"SKIP","floor":1},{"not_picked":["Chill","Heatsinks"],"picked":"Steam","floor":4},{"not_picked":["Compile Driver","Barrage"],"picked":"Leap","floor":5},{"not_picked":["Heatsinks","Stack"],"picked":"Sweeping Beam","floor":7},{"not_picked":["Tempest","Fusion"],"picked":"Leap","floor":11},{"not_picked":["Beam Cell","Gash"],"picked":"Fusion","floor":12},{"not_picked":["Force Field","Skim","Go for the Eyes"],"picked":"SKIP","floor":13},{"not_picked":["Rebound","Amplify"],"picked":"Turbo","floor":14},{"not_picked":["All For One","Reboot"],"picked":"Buffer","floor":16},{"not_picked":["Fusion","Go for the Eyes","Compile Driver"],"picked":"SKIP","floor":18},{"not_picked":["Turbo+1","Beam Cell","Sweeping Beam"],"picked":"SKIP","floor":22}],"player_experience":294004,"relics_obtained":[{"floor":9,"key":"Pear"},{"floor":20,"key":"Frozen Egg 2"}],"event_choices":[{"damage_healed":0,"gold_gain":75,"player_choice":"Gather Gold","damage_taken":11,"max_hp_gain":0,"max_hp_loss":0,"event_name":"World of Goop","floor":2,"gold_loss":0},{"damage_healed":0,"gold_gain":0,"player_choice":"Rummage","damage_taken":0,"relics_obtained":["WarpedTongs"],"max_hp_gain":0,"max_hp_loss":0,"event_name":"Accursed Blacksmith","floor":3,"gold_loss":0,"cards_obtained":["Pain"]},{"damage_healed":0,"gold_gain":99,"player_choice":"Stole From Cult","damage_taken":0,"max_hp_gain":0,"max_hp_loss":0,"event_name":"Nest","floor":19,"gold_loss":0},{"damage_healed":0,"gold_gain":0,"player_choice":"Relic","damage_taken":0,"max_hp_gain":0,"max_hp_loss":0,"event_name":"Wheel of Change","floor":20,"gold_loss":0}],"is_beta":false,"boss_relics":[{"not_picked":["Ectoplasm","Coffee Dripper"],"picked":"Inserter"}],"items_purged_floors":[10],"is_endless":false,"potions_floor_spawned":[7,12,14,16,22],"killed_by":"Slavers","ascension_level":3}