{"gold_per_floor":[112,130,147,147,17,42,42,58,83,101,101,116,130,9,9,106,106,116,132,132,144,25,25],"floor_reached":23,"playtime":1895,"items_purged":[],"score":195,"play_id":"349147f8-87ce-4746-a272-5d6c5641a833","local_time":"20180628000641","is_ascension_mode":false,"campfire_choices":[{"floor":7,"key":"REST"},{"data":"Creative AI","floor":15,"key":"SMITH"}],"neow_cost":"FIFTY_PERCENT_DAMAGE","seed_source_timestamp":112196847561934,"circlet_count":0,"master_deck":["Strike_B+1","Strike_B+1","Strike_B+1","Strike_B+1","Defend_B+1","Defend_B+1","Defend_B+1","Defend_B+1","Zap","Dualcast","Creative AI+1","Aggregate","Beam Cell","Heatsinks","Loop","Cold Snap","Rebound","Capacitor","Redo","Darkness","White Noise","Barrage","Redo","Go for the Eyes","All For One","Stack","Rebound","Hologram","Melter","Go for the Eyes"],"relics":["Cracked Core","Vajra","Bronze Scales","Busted Crown"],"potions_floor_usage":[6,6,16],"damage_taken":[{"damage":2,"enemies":"Cultist","floor":1,"turns":5},{"damage":10,"enemies":"Jaw Worm","floor":2,"turns":6},{"damage":5,"enemies":"2 Louse","floor":3,"turns":2},{"damage":13,"enemies":"3 Sentries","floor":6,"turns":8},{"damage":5,"enemies":"Looter","floor":8,"turns":3},{"damage":4,"enemies":"2 Fungi Beasts","floor":10,"turns":3},{"damage":9,"enemies":"3 Louse","floor":12,"turns":3},{"damage":0,"enemies":"Blue Slaver","floor":13,"turns":3},{"damage":28,"enemies":"Slime Boss","floor":16,"turns":6},{"damage":30,"enemies":"2 Thieves","floor":18,"turns":4},{"damage":12,"enemies":"Shell Parasite","floor":19,"turns":6},{"damage":15,"enemies":"Sentry and Sphere","floor":21,"turns":5},{"damage":26,"enemies":"Gremlin Leader","floor":23,"turns":2}],"seed_played":"1617157057494823561","potions_obtained":[{"floor":1,"key":"Regen Potion"},{"floor":2,"key":"Fire Potion"},{"floor":8,"key":"EssenceOfSteel"},{"floor":16,"key":"SpeedPotion"},{"floor":18,"key":"SteroidPotion"}],"is_trial":false,"path_per_floor":["M","M","M","?","$","E","R","M","T","M","?","M","M","$","R","B",null,"M","M","?","M","$"],"character_chosen":"DEFECT","items_purchased":["Loop","Cold Snap","Barrage","Redo","Go for the Eyes","Melter","Go for the Eyes"],"campfire_rested":1,"item_purchase_floors":[5,5,14,14,14,22,22],"current_hp_per_floor":[36,26,21,21,21,23,45,40,40,36,41,32,32,32,32,4,80,50,38,38,23,23,0],"gold":25,"neow_bonus":"THREE_RARE_CARDS","is_prod":false,"is_daily":false,"chose_seed":false,"campfire_upgraded":1,"win_rate":0.0,"timestamp":1530166001,"path_taken":["M","M","M","?","$","E","R","M","T","M","?","M","M","$","R","BOSS","M","M","?","M","$","E"],"build_version":"2018-06-21v2","purchased_purges":0,"victory":false,"max_hp_per_floor":[75,75,75,75,75,75,75,75,75,75,80,80,80,80,80,80,80,80,80,80,80,80,80],"card_choices":[{"not_picked":["Thunder Strike","Rainbow"],"picked":"Creative AI","floor":0},{"not_picked":["Scrape","Reinforced Body"],"picked":"Aggregate","floor":1},{"not_picked":["Barrage","Sweeping Beam"],"picked":"Beam Cell","floor":2},{"not_picked":["Go for the Eyes","Undo"],"picked":"Heatsinks","floor":3},{"not_picked":["Barrage","Tempest"],"picked":"Rebound","floor":6},{"not_picked":["BootSequence","Glacier"],"picked":"Capacitor","floor":8},{"not_picked":["Streamline","Hologram"],"picked":"Redo","floor":10},{"not_picked":["Gash","Rebound"],"picked":"Darkness","floor":12},{"not_picked":["Creative AI","Steam"],"picked":"White Noise","floor":13},{"not_picked":["Reboot","Amplify"],"picked":"All For One","floor":16},{"not_picked":[],"picked":"Stack","floor":18},{"not_picked":[],"picked":"Rebound","floor":19},{"not_picked":[],"picked":"Hologram","floor":21}],"player_experience":31328,"relics_obtained":[{"floor":6,"key":"Vajra"},{"floor":9,"key":"Bronze Scales"}],"event_choices":[{"event_name":"Liars Game","player_choice":"disagreed","floor":4,"damage_taken":0},{"event_name":"Big Fish","player_choice":"Donut","floor":11,"damage_taken":0},{"event_name":"Back to Basics","player_choice":"Simplicity","floor":20,"damage_taken":0}],"boss_relics":[{"not_picked":["Snecko Eye","Black Star"],"picked":"Busted Crown"}],"items_purged_floors":[],"is_endless":false,"potions_floor_spawned":[1,2,8,16,18],"killed_by":"Gremlin Leader","ascension_level":0}