{"gold_per_floor":[116,116,128,146,24,24,34,58,110,130,205,217,229,246,246,342,342,356,366,377,39,39,39],"floor_reached":23,"playtime":855,"items_purged":[],"score":187,"play_id":"346e2857-62b8-4139-9fa5-d830072b4a86","local_time":"20180807212120","is_ascension_mode":false,"campfire_choices":[{"data":"Mind Blast","floor":6,"key":"SMITH"},{"data":"Dual Wield","floor":15,"key":"SMITH"}],"neow_cost":"NONE","seed_source_timestamp":2062108875418211,"circlet_count":0,"master_deck":["Strike_R","Strike_R","Strike_R","Strike_R","Strike_R","Defend_R","Defend_R","Defend_R","Defend_R","Bash","Flex","Flex","Anger","Headbutt","Mind Blast+1","Iron Wave","Clash","Seeing Red","Headbutt","Pommel Strike","Dual Wield+1","Offering","Reckless Charge+1","Shrug It Off","Reckless Charge","Bandage Up","Headbutt","Intimidate","Immolate"],"relics":["Burning Blood"],"potions_floor_usage":[13,13,23],"damage_taken":[{"damage":4,"enemies":"Cultist","floor":1,"turns":4},{"damage":1,"enemies":"Jaw Worm","floor":3,"turns":3},{"damage":1,"enemies":"2 Louse","floor":4,"turns":3},{"damage":0,"enemies":"Exordium Wildlife","floor":7,"turns":3},{"damage":8,"enemies":"Large Slime","floor":10,"turns":4},{"damage":6,"enemies":"Red Slaver","floor":12,"turns":4},{"damage":12,"enemies":"Exordium Thugs","floor":13,"turns":3},{"damage":0,"enemies":"3 Louse","floor":14,"turns":2},{"damage":62,"enemies":"Hexaghost","floor":16,"turns":9},{"damage":10,"enemies":"Chosen","floor":18,"turns":3},{"damage":10,"enemies":"Spheric Guardian","floor":19,"turns":3},{"damage":22,"enemies":"Centurion and Healer","floor":20,"turns":6},{"damage":71,"enemies":"Book of Stabbing","floor":23,"turns":5}],"seed_played":"-9091859623784705279","potions_obtained":[{"floor":3,"key":"Energy Potion"},{"floor":4,"key":"Swift Potion"},{"floor":7,"key":"SpeedPotion"},{"floor":19,"key":"BloodPotion"}],"is_trial":false,"path_per_floor":["M","?","M","M","$","R","M","T","T","M","?","M","M","M","R","B",null,"M","M","M","$","?"],"character_chosen":"IRONCLAD","items_purchased":["Mind Blast","Iron Wave","Bandage Up","Headbutt","Intimidate","Immolate"],"campfire_rested":0,"item_purchase_floors":[5,5,21,21,21,21],"current_hp_per_floor":[80,80,80,80,80,80,80,80,80,78,67,67,61,67,67,11,80,76,72,56,56,56,0],"gold":39,"neow_bonus":"THREE_CARDS","is_prod":false,"is_daily":false,"chose_seed":false,"campfire_upgraded":2,"win_rate":0,"timestamp":1533698480,"path_taken":["M","?","?","M","$","R","M","?","T","M","?","?","M","M","R","BOSS","M","M","M","$","?","E"],"build_version":"2018-08-02","purchased_purges":0,"victory":false,"max_hp_per_floor":[80,80,80,80,80,80,80,80,80,80,80,80,80,80,80,80,80,80,80,80,80,80,80],"card_choices":[{"not_picked":["Iron Wave","Clash"],"picked":"Flex","floor":0},{"not_picked":["Iron Wave","Hemokinesis"],"picked":"Flex","floor":1},{"not_picked":["Iron Wave","Intimidate"],"picked":"Anger","floor":3},{"not_picked":["Iron Wave","Sentinel"],"picked":"Headbutt","floor":4},{"not_picked":["Rage","Carnage"],"picked":"Clash","floor":7},{"not_picked":["Entrench","Metallicize"],"picked":"Seeing Red","floor":10},{"not_picked":["Uppercut","Perfected Strike"],"picked":"Headbutt","floor":12},{"not_picked":["Flame Barrier","Havoc"],"picked":"Pommel Strike","floor":13},{"not_picked":["Heavy Blade","Infernal Blade"],"picked":"Dual Wield","floor":14},{"not_picked":["Double Tap","Dark Embrace"],"picked":"Offering","floor":16},{"not_picked":["Twin Strike","Wild Strike"],"picked":"Reckless Charge+1","floor":18},{"not_picked":["Perfected Strike","Bloodletting"],"picked":"Shrug It Off","floor":19},{"not_picked":["Carnage","Clash"],"picked":"Reckless Charge","floor":20}],"player_experience":362991,"relics_obtained":[],"event_choices":[{"event_name":"Scrap Ooze","player_choice":"unsuccessful","floor":2,"damage_taken":0},{"event_name":"World of Goop","player_choice":"Gather Gold","floor":11,"damage_taken":0},{"event_name":"Accursed Blacksmith","player_choice":"Ignore","floor":22,"damage_taken":0}],"is_beta":false,"boss_relics":[{"not_picked":["Astrolabe","Velvet Choker","Runic Cube"]}],"items_purged_floors":[],"is_endless":false,"potions_floor_spawned":[3,4,7,19],"killed_by":"Book of Stabbing","ascension_level":0}