{"gold_per_floor":[111,122,122,74,88,88,105,105,105,118,118,128,128,140,140,238,238,178,178],"floor_reached":19,"playtime":996,"items_purged":[],"score":239,"play_id":"d12b48d8-449a-478f-a9b8-79935f9efa95","local_time":"20180829000458","is_ascension_mode":true,"campfire_choices":[{"data":"Zap","floor":6,"key":"SMITH"},{"data":"Dualcast","floor":8,"key":"SMITH"},{"data":"Hologram","floor":11,"key":"SMITH"},{"floor":15,"key":"REST"}],"neow_cost":"","seed_source_timestamp":824689311554539,"circlet_count":0,"master_deck":["Defend_B","Defend_B","Defend_B","Defend_B","Zap+1","Dualcast+1","AscendersBane","Self Repair","Blizzard","Coolheaded","Hello World","Hologram+1","Go for the Eyes","White Noise","Zap","Madness","Aggregate","Multi-Cast","Beam Cell+1","Self Repair+1","Reprogram+1","Static Discharge+1"],"relics":["Cracked Core","Regal Pillow","Astrolabe"],"potions_floor_usage":[14,18],"damage_taken":[{"damage":5,"enemies":"Small Slimes","floor":1,"turns":3},{"damage":5,"enemies":"Cultist","floor":2,"turns":4},{"damage":9,"enemies":"Jaw Worm","floor":5,"turns":4},{"damage":16,"enemies":"Exordium Thugs","floor":7,"turns":6},{"damage":15,"enemies":"Gremlin Gang","floor":10,"turns":6},{"damage":16,"enemies":"Blue Slaver","floor":12,"turns":4},{"damage":20,"enemies":"Lots of Slimes","floor":14,"turns":4},{"damage":36,"enemies":"The Guardian","floor":16,"turns":14},{"damage":31,"enemies":"2 Thieves","floor":18,"turns":4},{"damage":7,"enemies":"3 Byrds","floor":19,"turns":2}],"seed_played":"2894482011224230471","potions_obtained":[{"floor":2,"key":"Weak Potion"},{"floor":10,"key":"Strength Potion"},{"floor":12,"key":"SkillPotion"}],"is_trial":false,"path_per_floor":["M","M","?","$","M","R","M","R","T","M","R","M","?","M","R","B",null,"M"],"character_chosen":"DEFECT","items_purchased":["Coolheaded"],"campfire_rested":1,"item_purchase_floors":[4],"current_hp_per_floor":[63,65,65,65,63,63,54,54,54,46,46,37,37,17,54,25,63,49,42],"gold":178,"neow_bonus":"","is_prod":false,"is_daily":false,"chose_seed":false,"campfire_upgraded":3,"win_rate":0,"timestamp":1535522698,"path_taken":["M","M","?","?","?","R","M","R","T","M","R","M","?","?","R","BOSS","M","M"],"build_version":"2018-08-23v2","purchased_purges":0,"victory":false,"max_hp_per_floor":[75,75,75,75,75,75,75,75,75,75,75,75,75,75,75,75,75,75,75],"card_choices":[{"not_picked":["Compile Driver","Reprogram"],"picked":"Self Repair","floor":1},{"not_picked":["Skim","Barrage","Aggregate"],"picked":"SKIP","floor":2},{"not_picked":["Stack","Blizzard"],"picked":"Hello World","floor":5},{"not_picked":["Sweeping Beam","Heatsinks"],"picked":"Hologram","floor":7},{"not_picked":["Rebound","Auto Shields"],"picked":"Go for the Eyes","floor":10},{"not_picked":["Barrage","Hello World"],"picked":"White Noise","floor":12},{"not_picked":["Barrage","Rebound"],"picked":"Aggregate","floor":14},{"not_picked":["Thunder Strike","Hyperbeam"],"picked":"Multi-Cast","floor":16},{"not_picked":["Stack","Turbo"],"picked":"Static Discharge+1","floor":18}],"player_experience":435059,"relics_obtained":[{"floor":9,"key":"Regal Pillow"}],"event_choices":[{"event_name":"Transmorgrifier","player_choice":"Transform","floor":3,"damage_taken":0},{"event_name":"Match and Keep!","player_choice":"2 cards matched","floor":13,"damage_taken":0}],"is_beta":false,"boss_relics":[{"not_picked":["Runic Dome","Orrery"],"picked":"Astrolabe"}],"items_purged_floors":[],"is_endless":false,"potions_floor_spawned":[2,10,12],"killed_by":"3 Byrds","ascension_level":10}