{"gold_per_floor":[118,138,150,160,179,179,197,197,244,255,280,280,310,310,310,384,384,404,404,420,439,91,119,119,154,154,180,43,43,43,53,53,128,128,139,149,149,162,176,176,203,203,252,262,59,59,79,96,96,96,96,96,11,41,41],"floor_reached":55,"playtime":2602,"items_purged":["Writhe","Strike_R"],"score":1362,"play_id":"e66cb592-39d8-41e9-8ee8-995580172edf","local_time":"20190218220939","is_ascension_mode":true,"campfire_choices":[{"data":"Whirlwind","floor":6.0,"key":"SMITH"},{"data":"Disarm","floor":8.0,"key":"SMITH"},{"data":"Metallicize","floor":15.0,"key":"SMITH"},{"data":"Seeing Red","floor":24.0,"key":"SMITH"},{"floor":30.0,"key":"REST"},{"data":"Metallicize","floor":32.0,"key":"SMITH"},{"data":"Offering","floor":40.0,"key":"SMITH"},{"data":"Shrug It Off","floor":42.0,"key":"SMITH"},{"data":"Shrug It Off","floor":46.0,"key":"SMITH"},{"floor":49.0,"key":"RECALL"},{"data":"Limit Break","floor":52.0,"key":"SMITH"}],"neow_cost":"NONE","seed_source_timestamp":1371227959568662,"circlet_count":0,"master_deck":["AscendersBane","Strike_R+1","Strike_R+1","Strike_R+1","Defend_R+1","Defend_R+1","Defend_R+1","Defend_R+1","Bash","Heavy Blade+1","Seeing Red+1","Flame Barrier+1","Cleave","Whirlwind+1","Disarm+1","Metallicize+1","Offering+1","Infernal Blade+1","Infernal Blade","Battle Trance","Flash of Steel","Spot Weakness","Inflame+1","Metallicize+1","Demon Form+1","Shrug It Off+1","Sword Boomerang","Disarm+1","Offering","Shrug It Off+1","Limit Break+1","Flash of Steel"],"special_seed":0,"relics":["Burning Blood","Pen Nib","Anchor","Bottled Lightning","Eternal Feather","Red Skull","War Paint","Orichalcum","Red Mask","Letter Opener","Oddly Smooth Stone","Sozu","FossilizedHelix","Kunai"],"potions_floor_usage":[55],"damage_taken":[{"damage":1.0,"enemies":"Cultist","floor":1.0,"turns":3.0},{"damage":4.0,"enemies":"2 Louse","floor":2.0,"turns":3.0},{"damage":7.0,"enemies":"Jaw Worm","floor":3.0,"turns":4.0},{"damage":0.0,"enemies":"2 Fungi Beasts","floor":4.0,"turns":4.0},{"damage":4.0,"enemies":"Blue Slaver","floor":5.0,"turns":4.0},{"damage":11.0,"enemies":"Large Slime","floor":7.0,"turns":6.0},{"damage":1.0,"enemies":"Exordium Thugs","floor":10.0,"turns":4.0},{"damage":26.0,"enemies":"Gremlin Nob","floor":11.0,"turns":4.0},{"damage":0.0,"enemies":"3 Sentries","floor":13.0,"turns":5.0},{"damage":27.0,"enemies":"Hexaghost","floor":16.0,"turns":16.0},{"damage":9.0,"enemies":"Chosen","floor":18.0,"turns":5.0},{"damage":25.0,"enemies":"Spheric Guardian","floor":20.0,"turns":5.0},{"damage":8.0,"enemies":"Chosen and Byrds","floor":21.0,"turns":3.0},{"damage":27.0,"enemies":"Book of Stabbing","floor":23.0,"turns":5.0},{"damage":6.0,"enemies":"Masked Bandits","floor":25.0,"turns":2.0},{"damage":25.0,"enemies":"Slavers","floor":27.0,"turns":3.0},{"damage":6.0,"enemies":"Sentry and Sphere","floor":31.0,"turns":3.0},{"damage":53.0,"enemies":"Champ","floor":33.0,"turns":11.0},{"damage":2.0,"enemies":"3 Shapes","floor":35.0,"turns":5.0},{"damage":0.0,"enemies":"Orb Walker","floor":36.0,"turns":3.0},{"damage":18.0,"enemies":"Spire Growth","floor":38.0,"turns":3.0},{"damage":8.0,"enemies":"Writhing Mass","floor":39.0,"turns":6.0},{"damage":39.0,"enemies":"Nemesis","floor":41.0,"turns":5.0},{"damage":18.0,"enemies":"Sphere and 2 Shapes","floor":44.0,"turns":5.0},{"damage":6.0,"enemies":"3 Darklings","floor":47.0,"turns":2.0},{"damage":8.0,"enemies":"Writhing Mass","floor":48.0,"turns":4.0},{"damage":6.0,"enemies":"Time Eater","floor":50.0,"turns":6.0},{"damage":54.0,"enemies":"Shield and Spear","floor":54.0,"turns":5.0},{"damage":34,"enemies":"The Heart","floor":55,"turns":5}],"seed_played":"6855408750480767035","potions_obtained":[{"floor":2.0,"key":"FairyPotion"},{"floor":3.0,"key":"Energy Potion"},{"floor":4.0,"key":"GamblersBrew"},{"floor":11.0,"key":"SteroidPotion"},{"floor":18.0,"key":"SneckoOil"},{"floor":20.0,"key":"Ancient Potion"},{"floor":27.0,"key":"Fire Potion"},{"floor":33.0,"key":"Ancient Potion"}],"is_trial":false,"path_per_floor":["M","M","M","M","M","R","M","R","T","M","E","?","E","?","R","B",null,"M","?","M","M","$","E","R","?","T","E","$","?","R","M","R","B",null,"M","M","?","M","M","R","E","R","T","M","$","R","M","M","R","B",null,"R","$","E","B"],"character_chosen":"IRONCLAD","items_purchased":["Battle Trance","War Paint","Flash of Steel","Metallicize","Offering","Shrug It Off","Flash of Steel"],"campfire_rested":1,"item_purchase_floors":[22,22,22,28,45,45,53],"current_hp_per_floor":[73,75,74,75,75,75,70,70,70,75,55,60,66,50,50,29,67,64,64,45,43,43,22,34,34,34,15,15,15,51,51,63,16,64,68,74,74,62,60,75,42,57,57,45,45,63,63,61,79,79,80,80,80,32,0],"gold":41,"neow_bonus":"REMOVE_CARD","is_prod":false,"is_daily":false,"chose_seed":false,"campfire_upgraded":9,"win_rate":0,"timestamp":1550552979,"path_taken":["M","?","M","M","M","R","M","R","T","M","E","?","E","?","R","BOSS","M","?","M","M","$","E","R","?","T","E","?","?","R","M","R","BOSS","M","M","?","M","M","R","E","R","T","M","?","R","M","M","R","BOSS","R","$","E","BOSS"],"build_version":"2019-01-23","purchased_purges":2,"victory":false,"max_hp_per_floor":[75,75,75,75,75,75,75,75,75,75,75,80,80,80,80,80,80,80,80,80,80,80,80,80,80,80,80,80,80,80,80,80,80,80,80,80,80,80,80,80,80,80,80,80,80,80,80,80,80,80,80,80,80,80,80],"card_choices":[{"not_picked":["True Grit","Armaments"],"picked":"Heavy Blade","floor":1.0},{"not_picked":["True Grit","Anger"],"picked":"Seeing Red","floor":2.0},{"not_picked":["Warcry","Heavy Blade"],"picked":"Flame Barrier","floor":3.0},{"not_picked":["Seeing Red","Armaments"],"picked":"Cleave","floor":4.0},{"not_picked":["Shockwave","Armaments"],"picked":"Whirlwind","floor":5.0},{"not_picked":["Hemokinesis","Inflame"],"picked":"Disarm","floor":7.0},{"not_picked":["Bludgeon","Clothesline","Heavy Blade"],"picked":"SKIP","floor":10.0},{"not_picked":["Entrench","Body Slam","Fire Breathing"],"picked":"SKIP","floor":11.0},{"not_picked":["Thunderclap","Perfected Strike"],"picked":"Metallicize","floor":13.0},{"not_picked":["Exhume","Brutality"],"picked":"Offering","floor":16.0},{"not_picked":["Thunderclap","Armaments"],"picked":"Infernal Blade+1","floor":18.0},{"not_picked":["Warcry","Clothesline"],"picked":"Infernal Blade","floor":20.0},{"not_picked":["Warcry","Havoc","Body Slam"],"picked":"SKIP","floor":21.0},{"not_picked":["Dropkick","Bloodletting"],"picked":"Spot Weakness","floor":23.0},{"not_picked":["Intimidate","Corruption"],"picked":"Inflame+1","floor":27.0},{"not_picked":["Cleave+1","Seeing Red","Flex"],"picked":"SKIP","floor":31.0},{"not_picked":["Brutality","Reaper"],"picked":"Demon Form","floor":33.0},{"not_picked":["Twin Strike","Clothesline"],"picked":"Shrug It Off","floor":35.0},{"not_picked":["Havoc","Infernal Blade","Power Through"],"picked":"SKIP","floor":36.0},{"not_picked":["Combust","Headbutt"],"picked":"Sword Boomerang","floor":38.0},{"not_picked":["Rage","Twin Strike+1","Anger+1"],"picked":"SKIP","floor":39.0},{"not_picked":["Flex+1","Bloodletting","Perfected Strike"],"picked":"SKIP","floor":41.0},{"not_picked":["Havoc","Corruption"],"picked":"Disarm+1","floor":44.0},{"not_picked":["Havoc+1","Armaments+1"],"picked":"Limit Break","floor":47.0},{"not_picked":["Heavy Blade","Body Slam+1","Havoc"],"picked":"SKIP","floor":48.0},{"not_picked":["True Grit","Perfected Strike","Evolve+1"],"picked":"SKIP","floor":54.0}],"player_experience":738768,"relics_obtained":[{"floor":9.0,"key":"Pen Nib"},{"floor":11.0,"key":"Anchor"},{"floor":13.0,"key":"Bottled Lightning"},{"floor":23.0,"key":"Orichalcum"},{"floor":25.0,"key":"Red Mask"},{"floor":26.0,"key":"Letter Opener"},{"floor":27.0,"key":"Oddly Smooth Stone"},{"floor":41.0,"key":"FossilizedHelix"},{"floor":54.0,"key":"Kunai"}],"event_choices":[{"damage_healed":0.0,"max_hp_gain":5.0,"max_hp_loss":0.0,"gold_gain":0.0,"event_name":"Big Fish","player_choice":"Donut","floor":12.0,"gold_loss":0.0,"damage_taken":0.0},{"damage_healed":0.0,"max_hp_gain":0.0,"max_hp_loss":0.0,"gold_gain":0.0,"event_name":"Shining Light","player_choice":"Entered Light","floor":14.0,"gold_loss":0.0,"damage_taken":16.0,"cards_upgraded":["Heavy Blade","Strike_R"]},{"damage_healed":0.0,"max_hp_gain":0.0,"max_hp_loss":0.0,"gold_gain":0.0,"event_name":"The Mausoleum","player_choice":"Opened","floor":19.0,"gold_loss":0.0,"damage_taken":0.0,"relics_obtained":["Red Skull"],"cards_obtained":["Writhe"]},{"damage_healed":0.0,"max_hp_gain":0.0,"max_hp_loss":0.0,"gold_gain":0.0,"event_name":"Masked Bandits","player_choice":"Fought Bandits","floor":25.0,"gold_loss":0.0,"damage_taken":0.0},{"damage_healed":0.0,"max_hp_gain":0.0,"max_hp_loss":0.0,"gold_gain":0.0,"event_name":"Back to Basics","player_choice":"Simplicity","floor":29.0,"gold_loss":0.0,"damage_taken":0.0,"cards_upgraded":["Strike_R","Strike_R","Defend_R","Defend_R","Defend_R"]},{"damage_healed":0.0,"max_hp_gain":0.0,"max_hp_loss":0.0,"gold_gain":0.0,"event_name":"Upgrade Shrine","player_choice":"Upgraded","floor":37.0,"gold_loss":0.0,"damage_taken":0.0,"cards_upgraded":["Demon Form"]}],"is_beta":false,"boss_relics":[{"not_picked":["Lizard Tail","Runic Dome"],"picked":"Eternal Feather"},{"not_picked":["Pandora\u0027s Box","Calling Bell"],"picked":"Sozu"}],"items_purged_floors":[22,28],"is_endless":false,"potions_floor_spawned":[2,3,4,11,18,20,27,33,35,41,48],"killed_by":"The Heart","ascension_level":14}