{"gold_per_floor":[368,368,382,41,141,171,171,204,231,242,262,262,262,262,262,366,366,380,380,380,491,519,531,572,604,669,681,703,732,744,769,781,793],"floor_reached":33,"playtime":1902,"items_purged":[],"score":364,"play_id":"f2a8fd09-f9e2-432b-a10d-104dcc797d09","local_time":"20190311103716","is_ascension_mode":true,"campfire_choices":[{"floor":7,"key":"REST"},{"floor":13,"key":"REST"},{"data":"Deflect","floor":15,"key":"SMITH"},{"floor":23,"key":"REST"},{"floor":27,"key":"REST"},{"floor":30,"key":"REST"},{"floor":32,"key":"REST"}],"neow_cost":"CURSE","seed_source_timestamp":504176671617777,"circlet_count":0,"master_deck":["Defend_G","Defend_G","Defend_G","Defend_G","Defend_G","Strike_G","Strike_G","Strike_G","Strike_G","Survivor","Neutralize+1","Clumsy","Blade Dance","Cloak And Dagger","Infinite Blades","Cloak And Dagger","Deflect+1","Flying Knee","Backflip","Distraction","Storm of Steel","Blade Dance","Backflip","Writhe","Dash+1","Backflip+1","Deflect","Infinite Blades","Backflip","Deflect+1","Deflect"],"relics":["Ring of the Snake","Prayer Wheel","Lantern","Boot","Centennial Puzzle","Molten Egg 2","Runic Pyramid","MawBank","Pear","Tiny Chest"],"potions_floor_usage":[8,25,25,25,33],"damage_taken":[{"damage":7,"enemies":"Jaw Worm","floor":1,"turns":6},{"damage":0,"enemies":"Cultist","floor":3,"turns":5},{"damage":18,"enemies":"3 Sentries","floor":6,"turns":11},{"damage":27,"enemies":"Gremlin Nob","floor":8,"turns":5},{"damage":0,"enemies":"Small Slimes","floor":10,"turns":3},{"damage":1,"enemies":"Blue Slaver","floor":11,"turns":3},{"damage":34,"enemies":"The Guardian","floor":16,"turns":15},{"damage":4,"enemies":"2 Thieves","floor":18,"turns":4},{"damage":14,"enemies":"Spheric Guardian","floor":22,"turns":4},{"damage":66,"enemies":"Slavers","floor":24,"turns":6},{"damage":21,"enemies":"Cultist and Chosen","floor":25,"turns":8},{"damage":17,"enemies":"Snake Plant","floor":28,"turns":6},{"damage":0,"enemies":"Snecko","floor":29,"turns":5},{"damage":5,"enemies":"Chosen and Byrds","floor":31,"turns":5},{"damage":72,"enemies":"Champ","floor":33,"turns":10}],"seed_played":"-4400603334625153271","potions_obtained":[{"floor":1,"key":"Regen Potion"},{"floor":3,"key":"FearPotion"},{"floor":11,"key":"SpeedPotion"},{"floor":16,"key":"Explosive Potion"},{"floor":25,"key":"GamblersBrew"},{"floor":28,"key":"Block Potion"},{"floor":29,"key":"Dexterity Potion"}],"is_trial":false,"path_per_floor":["?","M","?","M","?","T","?","?","?","M"],"character_chosen":"THE_SILENT","items_purchased":["Prayer Wheel","Infinite Blades"],"campfire_rested":6,"item_purchase_floors":[4,4],"current_hp_per_floor":[63,63,63,63,63,45,66,39,39,39,38,38,59,59,59,25,70,66,66,66,66,52,70,14,5,5,29,12,12,36,31,55,0],"gold":793,"neow_bonus":"TWO_FIFTY_GOLD","is_prod":false,"is_daily":false,"chose_seed":false,"campfire_upgraded":1,"win_rate":0,"timestamp":1552297036,"path_taken":["M","?","?","$","?","E","R","E","T","M","?","?","R","?","R","BOSS","M","?","?","?","M","R","E","M","T","R","?","M","R","M","R","BOSS"],"build_version":"2019-01-23","purchased_purges":0,"victory":false,"max_hp_per_floor":[70,70,70,70,70,70,70,70,70,70,70,70,70,70,70,70,70,70,70,70,70,70,70,80,80,80,80,80,80,80,80,80,80],"card_choices":[{"not_picked":["Acrobatics","Footwork"],"picked":"Blade Dance","floor":1},{"not_picked":["Dagger Spray","Bane"],"picked":"Cloak And Dagger","floor":3},{"not_picked":["Bane","Skewer"],"picked":"Cloak And Dagger","floor":6},{"not_picked":["Masterful Stab","PiercingWail"],"picked":"Deflect","floor":8},{"not_picked":["Bane","Poisoned Stab"],"picked":"Flying Knee","floor":10},{"not_picked":["Corpse Explosion","Dagger Throw","Dodge and Roll"],"picked":"SKIP","floor":10},{"not_picked":["Quick Slash","Flying Knee"],"picked":"Backflip","floor":11},{"not_picked":["Flying Knee","Acrobatics"],"picked":"Distraction","floor":11},{"not_picked":["Malaise","A Thousand Cuts"],"picked":"Storm of Steel","floor":16},{"not_picked":["All Out Attack+1","Dodge and Roll"],"picked":"Blade Dance","floor":18},{"not_picked":["Noxious Fumes","Leg Sweep","Bane+1"],"picked":"SKIP","floor":18},{"not_picked":["Terror+1","Endless Agony+1"],"picked":"Dash+1","floor":22},{"not_picked":["Prepared+1","Quick Slash+1"],"picked":"Backflip+1","floor":22},{"not_picked":["Deadly Poison","Poisoned Stab+1"],"picked":"Deflect","floor":24},{"not_picked":["Flying Knee+1","Dagger Spray+1"],"picked":"Infinite Blades","floor":25},{"not_picked":["Deadly Poison+1","Underhanded Strike+1","Endless Agony+1"],"picked":"SKIP","floor":25},{"not_picked":["Burst","Bane+1"],"picked":"Backflip","floor":28},{"not_picked":["Dash+1","Choke+1","Quick Slash+1"],"picked":"SKIP","floor":28},{"not_picked":["Slice+1","Predator+1"],"picked":"Deflect+1","floor":29},{"not_picked":["Dagger Spray+1","Bane+1"],"picked":"Deflect","floor":29},{"not_picked":["Bane+1","Grand Finale+1","Choke+1"],"picked":"SKIP","floor":31},{"not_picked":["Prepared","Acrobatics","Dagger Spray+1"],"picked":"SKIP","floor":31},{"not_picked":["Bane+1","Grand Finale+1","Choke+1"],"picked":"SKIP","floor":31},{"not_picked":["Prepared","Acrobatics","Dagger Spray+1"],"picked":"SKIP","floor":31}],"player_experience":210821,"relics_obtained":[{"floor":6,"key":"Lantern"},{"floor":8,"key":"Boot"},{"floor":9,"key":"Centennial Puzzle"},{"floor":14,"key":"Molten Egg 2"},{"floor":24,"key":"Pear"},{"floor":26,"key":"Tiny Chest"}],"event_choices":[{"damage_healed":0,"gold_gain":0,"player_choice":"Upgraded","damage_taken":0,"max_hp_gain":0,"max_hp_loss":0,"event_name":"Upgrade Shrine","floor":2,"gold_loss":0,"cards_upgraded":["Neutralize"]},{"damage_healed":0,"gold_gain":100,"player_choice":"Pray","damage_taken":0,"max_hp_gain":0,"max_hp_loss":0,"event_name":"Golden Shrine","floor":5,"gold_loss":0},{"cards_removed":["Strike_G"],"damage_healed":0,"gold_gain":0,"player_choice":"Forget","damage_taken":0,"max_hp_gain":0,"max_hp_loss":0,"event_name":"Living Wall","floor":12,"gold_loss":0},{"damage_healed":0,"gold_gain":0,"player_choice":"Read","damage_taken":0,"max_hp_gain":0,"max_hp_loss":0,"event_name":"The Library","floor":19,"gold_loss":0,"cards_obtained":["Backflip"]},{"damage_healed":0,"gold_gain":0,"player_choice":"Opened","damage_taken":0,"relics_obtained":["MawBank"],"max_hp_gain":0,"max_hp_loss":0,"event_name":"The Mausoleum","floor":20,"gold_loss":0,"cards_obtained":["Writhe"]},{"damage_healed":0,"gold_gain":99,"player_choice":"Stole From Cult","damage_taken":0,"max_hp_gain":0,"max_hp_loss":0,"event_name":"Nest","floor":21,"gold_loss":0}],"is_beta":false,"boss_relics":[{"not_picked":["Ectoplasm","HoveringKite"],"picked":"Runic Pyramid"}],"items_purged_floors":[],"is_endless":false,"potions_floor_spawned":[1,3,11,16,24,25,28,29],"killed_by":"Champ","ascension_level":1}