{"gold_per_floor":[117,6,6,6,6,32,32,43,43,2,18,18,18,28,28,128,128,146,160,160],"floor_reached":20,"playtime":1036,"items_purged":[],"score":172,"play_id":"2c62a572-7588-4888-8d94-a6f98166f602","local_time":"20190210164513","is_ascension_mode":false,"campfire_choices":[{"floor":7,"key":"REST"},{"floor":13,"key":"REST"},{"floor":15,"key":"REST"}],"neow_cost":"NONE","seed_source_timestamp":262639414683111,"circlet_count":0,"master_deck":["Defend_G","Defend_G","Defend_G+1","Defend_G+1","Defend_G","Strike_G","Strike_G","Strike_G","Strike_G","Strike_G","Survivor","Neutralize","Acrobatics","Bouncing Flask","Heel Hook","Blur","Deadly Poison","Catalyst","Deflect","Dagger Spray+1"],"relics":["Ring of the Snake","War Paint","Letter Opener","Dead Branch","Question Card","Orrery"],"potions_floor_usage":[],"damage_taken":[{"damage":0,"enemies":"Cultist","floor":1,"turns":5},{"damage":24,"enemies":"Lagavulin","floor":6,"turns":7},{"damage":0,"enemies":"Small Slimes","floor":8,"turns":3},{"damage":0,"enemies":"2 Louse","floor":11,"turns":3},{"damage":0,"enemies":"2 Fungi Beasts","floor":14,"turns":4},{"damage":44,"enemies":"The Guardian","floor":16,"turns":11},{"damage":4,"enemies":"Shell Parasite","floor":18,"turns":6},{"damage":13,"enemies":"Chosen","floor":19,"turns":7},{"damage":59,"enemies":"Sentry and Sphere","floor":20,"turns":7}],"seed_played":"-3333456873302408200","potions_obtained":[{"floor":8,"key":"Fire Potion"},{"floor":14,"key":"Explosive Potion"},{"floor":16,"key":"Weak Potion"}],"is_trial":false,"path_per_floor":["?","$","?","?","?","M"],"character_chosen":"THE_SILENT","items_purchased":["Bouncing Flask","Heel Hook"],"campfire_rested":3,"item_purchase_floors":[2,2],"current_hp_per_floor":[70,70,70,70,37,13,34,34,34,34,34,34,55,55,70,26,70,66,53,0],"gold":160,"neow_bonus":"RANDOM_COMMON_RELIC","is_prod":false,"is_daily":false,"chose_seed":false,"campfire_upgraded":0,"win_rate":0.0,"timestamp":1549813513,"path_taken":["M","$","?","?","?","E","R","M","T","?","M","?","R","M","R","BOSS","M","?","M"],"build_version":"2019-01-23","purchased_purges":0,"victory":false,"max_hp_per_floor":[70,70,70,70,70,70,70,70,70,70,70,70,70,70,70,70,70,70,70,70],"card_choices":[{"not_picked":["Prepared","Dodge and Roll"],"picked":"Acrobatics","floor":1},{"not_picked":["Deflect","Dagger Spray"],"picked":"Blur","floor":6},{"not_picked":["Accuracy","Dagger Spray","Dodge and Roll"],"picked":"SKIP","floor":8},{"not_picked":["Unload","Flying Knee","Dagger Throw","Acrobatics"],"picked":"SKIP","floor":11},{"not_picked":["Blur","Dagger Throw","Cloak And Dagger","Deflect"],"picked":"SKIP","floor":14},{"not_picked":["All Out Attack","Poisoned Stab","Blur"],"picked":"Deadly Poison","floor":17},{"not_picked":["Prepared","Backflip","Terror"],"picked":"Catalyst","floor":17},{"not_picked":["PiercingWail","Caltrops","Reflex"],"picked":"Deflect","floor":17},{"not_picked":["Reflex+1","Dagger Throw","Slice"],"picked":"Dagger Spray+1","floor":18},{"not_picked":["Caltrops","PiercingWail","Backflip","Doppelganger"],"picked":"SKIP","floor":19}],"player_experience":141382,"relics_obtained":[{"floor":6,"key":"Dead Branch"},{"floor":9,"key":"Question Card"}],"event_choices":[{"damage_healed":0,"gold_gain":0,"player_choice":"Ignored","damage_taken":0,"max_hp_gain":0,"max_hp_loss":0,"event_name":"NoteForYourself","floor":3,"gold_loss":0},{"damage_healed":0,"gold_gain":0,"player_choice":"Success","damage_taken":33,"relics_obtained":["Letter Opener"],"max_hp_gain":0,"max_hp_loss":0,"event_name":"Scrap Ooze","floor":5,"gold_loss":0},{"damage_healed":0,"gold_gain":0,"player_choice":"Left Gold","damage_taken":0,"max_hp_gain":0,"max_hp_loss":0,"event_name":"World of Goop","floor":10,"gold_loss":41},{"damage_healed":0,"gold_gain":0,"player_choice":"0 cards matched","damage_taken":0,"max_hp_gain":0,"max_hp_loss":0,"event_name":"Match and Keep!","floor":12,"gold_loss":0,"cards_obtained":[]}],"is_beta":false,"boss_relics":[{"not_picked":["Ring of the Serpent","Philosopher\u0027s Stone"],"picked":"Orrery"}],"items_purged_floors":[],"is_endless":false,"potions_floor_spawned":[8,14,16,18],"killed_by":"Sentry and Sphere","ascension_level":0}