{"gold_per_floor":[118,131,96,17,33,33,64,79,79,79,95,121,132,147,147,147],"floor_reached":16,"playtime":1824,"items_purged":[],"score":114,"play_id":"7c86fced-4bd7-4b05-ba2c-afaf0054eae5","local_time":"20180627125656","is_ascension_mode":false,"campfire_choices":[{"data":"Bloodletting","floor":6,"key":"SMITH"},{"floor":15,"key":"REST"}],"neow_cost":"NONE","seed_source_timestamp":72149358391281,"circlet_count":0,"master_deck":["Strike_R","Strike_R","Strike_R","Strike_R","Strike_R","Defend_R","Defend_R","Defend_R","Defend_R","Bash","Berserk","Armaments","Inflame","Rupture","Bloodletting+1","Dropkick","Sword Boomerang","Feed+1","Shrug It Off","Headbutt+1","Searing Blow+1"],"relics":["Burning Blood","Oddly Smooth Stone","Molten Egg 2","Thread and Needle"],"potions_floor_usage":[7,16],"damage_taken":[{"damage":9,"enemies":"Cultist","floor":1,"turns":4},{"damage":15,"enemies":"Jaw Worm","floor":2,"turns":4},{"damage":0,"enemies":"Small Slimes","floor":5,"turns":5},{"damage":31,"enemies":"Gremlin Nob","floor":7,"turns":4},{"damage":8,"enemies":"3 Louse","floor":8,"turns":4},{"damage":13,"enemies":"Exordium Wildlife","floor":11,"turns":4},{"damage":29,"enemies":"3 Sentries","floor":12,"turns":9},{"damage":17,"enemies":"Gremlin Gang","floor":13,"turns":6},{"damage":4,"enemies":"Exordium Thugs","floor":14,"turns":5},{"damage":59,"enemies":"Hexaghost","floor":16,"turns":10}],"seed_played":"-6133481912435814559","potions_obtained":[{"floor":5,"key":"Poison Potion"},{"floor":11,"key":"Poison Potion"},{"floor":14,"key":"Ancient Potion"}],"is_trial":false,"path_per_floor":["M","M","?","$","M","R","E","M","T","?","M","E","M","M","R"],"character_chosen":"IRONCLAD","items_purchased":["Rupture"],"campfire_rested":1,"item_purchase_floors":[4],"current_hp_per_floor":[77,68,80,80,80,80,55,53,53,58,51,28,21,27,54,0],"gold":147,"neow_bonus":"ONE_RANDOM_RARE_CARD","is_prod":false,"is_daily":false,"chose_seed":false,"campfire_upgraded":1,"win_rate":0.0,"timestamp":1530125816,"path_taken":["M","M","?","$","M","R","E","M","T","?","M","E","?","M","R","BOSS"],"build_version":"2018-06-21v2","purchased_purges":0,"victory":false,"max_hp_per_floor":[80,80,80,80,80,80,80,80,80,85,85,85,89,93,93,93],"card_choices":[{"not_picked":["Cleave","Shrug It Off"],"picked":"Armaments","floor":1},{"not_picked":["Hemokinesis","Flex"],"picked":"Inflame","floor":2},{"not_picked":["Cleave","True Grit"],"picked":"Bloodletting","floor":5},{"not_picked":["Intimidate","Clothesline"],"picked":"Dropkick","floor":7},{"not_picked":["Perfected Strike","True Grit"],"picked":"Sword Boomerang","floor":8},{"not_picked":["Cleave+1","Flex"],"picked":"Feed+1","floor":11},{"not_picked":["Warcry","Feed+1"],"picked":"Shrug It Off","floor":12},{"not_picked":["Body Slam+1","Twin Strike+1"],"picked":"Headbutt+1","floor":13},{"not_picked":["Reckless Charge+1","Warcry"],"picked":"Searing Blow+1","floor":14}],"player_experience":11707,"relics_obtained":[{"floor":7,"key":"Oddly Smooth Stone"},{"floor":9,"key":"Molten Egg 2"},{"floor":12,"key":"Thread and Needle"}],"event_choices":[{"event_name":"The Cleric","player_choice":"Healed","floor":3,"damage_taken":0},{"event_name":"Big Fish","player_choice":"Donut","floor":10,"damage_taken":0}],"boss_relics":[],"items_purged_floors":[],"is_endless":false,"potions_floor_spawned":[5,11,14],"killed_by":"Hexaghost","ascension_level":0}