{"gold_per_floor":[111,131,131,148,167,194,208,208,257,269,296,325,357,27,27,27],"floor_reached":16,"playtime":762,"items_purged":[],"score":138,"play_id":"fe615122-fa44-44c4-ab3f-b81e880255f4","local_time":"20181106233923","is_ascension_mode":true,"campfire_choices":[{"data":"Poisoned Stab","floor":8,"key":"SMITH"},{"data":"Footwork","floor":15,"key":"SMITH"}],"neow_cost":"NONE","seed_source_timestamp":2942810411603420,"circlet_count":0,"master_deck":["Defend_G","Defend_G","Defend_G","Defend_G","Defend_G","Strike_G","Strike_G","Strike_G","Strike_G","Strike_G","Survivor","Neutralize","Dodge and Roll","Catalyst+1","Backflip","Poisoned Stab+1","Dagger Throw","Flying Knee+1","Footwork+1","Bane","PiercingWail"],"relics":["Runic Dome","Potion Belt","MawBank","Vajra","ClockworkSouvenir"],"potions_floor_usage":[6,16],"damage_taken":[{"damage":0,"enemies":"2 Louse","floor":1,"turns":4},{"damage":0,"enemies":"Cultist","floor":2,"turns":4},{"damage":1,"enemies":"Small Slimes","floor":4,"turns":5},{"damage":0,"enemies":"2 Fungi Beasts","floor":5,"turns":5},{"damage":19,"enemies":"3 Sentries","floor":6,"turns":12},{"damage":0,"enemies":"Blue Slaver","floor":7,"turns":4},{"damage":5,"enemies":"Gremlin Gang","floor":11,"turns":6},{"damage":0,"enemies":"Looter","floor":12,"turns":3},{"damage":8,"enemies":"Blue Slaver","floor":13,"turns":2},{"damage":31,"enemies":"Hexaghost","floor":16,"turns":12}],"seed_played":"7952446825017964232","potions_obtained":[{"floor":2,"key":"LiquidBronze"},{"floor":4,"key":"Energy Potion"},{"floor":12,"key":"Fire Potion"}],"is_trial":false,"path_per_floor":["M","M","?","M","M","E","M","R","T","?","M","M","M","$","R","B"],"character_chosen":"THE_SILENT","items_purchased":["Vajra","ClockworkSouvenir"],"campfire_rested":0,"item_purchase_floors":[14,14],"current_hp_per_floor":[63,63,63,62,62,43,43,43,43,43,38,38,30,30,30,0],"gold":27,"neow_bonus":"BOSS_RELIC","is_prod":false,"is_daily":false,"chose_seed":false,"campfire_upgraded":2,"win_rate":0,"timestamp":1541572763,"path_taken":["M","M","?","M","?","E","?","R","T","?","M","M","?","$","R","BOSS"],"build_version":"2018-11-01","purchased_purges":0,"victory":false,"max_hp_per_floor":[70,70,70,70,70,70,70,70,70,70,70,70,70,70,70,70],"card_choices":[{"not_picked":["Outmaneuver","Underhanded Strike"],"picked":"Dodge and Roll","floor":1},{"not_picked":["Deadly Poison","Blade Dance"],"picked":"Catalyst","floor":2},{"not_picked":["PiercingWail","Dagger Spray"],"picked":"Backflip","floor":4},{"not_picked":["Heel Hook","Dagger Spray"],"picked":"Poisoned Stab","floor":5},{"not_picked":["Deflect","Underhanded Strike"],"picked":"Dagger Throw","floor":6},{"not_picked":["Accuracy","Acrobatics"],"picked":"Flying Knee","floor":7},{"not_picked":["Burst","Deadly Poison"],"picked":"Footwork","floor":11},{"not_picked":["Infinite Blades","Prepared"],"picked":"Bane","floor":12},{"not_picked":["Finisher","Concentrate"],"picked":"PiercingWail","floor":13}],"player_experience":553175,"relics_obtained":[{"floor":6,"key":"Potion Belt"},{"floor":9,"key":"MawBank"}],"event_choices":[{"damage_healed":0,"gold_gain":0,"player_choice":"Forge","damage_taken":0,"max_hp_gain":0,"max_hp_loss":0,"event_name":"Accursed Blacksmith","floor":3,"gold_loss":0,"cards_upgraded":["Catalyst"]},{"damage_healed":0,"gold_gain":0,"player_choice":"Upgraded","damage_taken":0,"max_hp_gain":0,"max_hp_loss":0,"event_name":"Upgrade Shrine","floor":10,"gold_loss":0,"cards_upgraded":["Flying Knee"]}],"is_beta":false,"boss_relics":[],"items_purged_floors":[],"is_endless":false,"potions_floor_spawned":[2,4,12],"killed_by":"Hexaghost","ascension_level":6}