{"gold_per_floor":[99,99,99,99,84,84,84,84,84,54,54,54,54,5,5,5],"floor_reached":16,"playtime":517,"items_purged":[],"score":104,"play_id":"e8bfa53c-2bdb-43b2-b941-96e51d1e21f6","local_time":"20180730170049","is_ascension_mode":false,"campfire_choices":[{"data":"Zap","floor":6,"key":"SMITH"},{"data":"Streamline","floor":13,"key":"SMITH"},{"data":"Conserve Battery","floor":15,"key":"SMITH"}],"neow_cost":"NONE","seed_source_timestamp":1355715271810033,"circlet_count":0,"master_deck":["Strike_B","Strike_B","Strike_B","Strike_B","Defend_B","Defend_B","Defend_B","Defend_B","Zap+1","Dualcast","Streamline+1","Beam Cell","Fusion+1","Conserve Battery","Rebound","Self Repair","Conserve Battery+1","Conserve Battery"],"relics":["Ectoplasm"],"potions_floor_usage":[8,10,16,16],"damage_taken":[{"damage":3,"enemies":"Jaw Worm","floor":1,"turns":3},{"damage":0,"enemies":"Cultist","floor":2,"turns":2},{"damage":0,"enemies":"2 Louse","floor":3,"turns":2},{"damage":0,"enemies":"Looter","floor":5,"turns":2},{"damage":8,"enemies":"3 Louse","floor":7,"turns":3},{"damage":17,"enemies":"3 Sentries","floor":8,"turns":8},{"damage":8,"enemies":"Exordium Thugs","floor":10,"turns":4},{"damage":0,"enemies":"2 Fungi Beasts","floor":12,"turns":2},{"damage":50,"enemies":"Hexaghost","floor":16,"turns":11}],"seed_played":"-7846642589896363764","potions_obtained":[{"floor":2,"key":"Block Potion"},{"floor":3,"key":"Fire Potion"},{"floor":5,"key":"Dexterity Potion"},{"floor":12,"key":"FocusPotion"}],"is_trial":false,"path_per_floor":["M","M","M","?","M","R","M","E","T","M","?","M","R","$","R"],"character_chosen":"DEFECT","items_purchased":["Conserve Battery"],"campfire_rested":0,"item_purchase_floors":[14],"current_hp_per_floor":[72,72,72,72,72,72,64,47,47,46,46,46,46,46,46,0],"gold":5,"neow_bonus":"BOSS_RELIC","is_prod":false,"is_daily":false,"chose_seed":false,"campfire_upgraded":3,"win_rate":0,"timestamp":1532991649,"path_taken":["M","M","M","?","M","R","M","E","T","M","?","?","R","$","R","BOSS"],"build_version":"2018-07-26","purchased_purges":0,"victory":false,"max_hp_per_floor":[75,75,75,75,75,75,75,75,75,75,75,75,75,75,75,75],"card_choices":[{"not_picked":["Ball Lightning","Skim"],"picked":"Streamline","floor":1},{"not_picked":["Rip and Tear","Force Field"],"picked":"Beam Cell","floor":2},{"not_picked":["Hologram","Redo"],"picked":"Fusion","floor":3},{"not_picked":["Static Discharge","Barrage"],"picked":"Conserve Battery","floor":5},{"not_picked":["Lockon","Beam Cell"],"picked":"Rebound","floor":7},{"not_picked":["Lockon","Doom and Gloom"],"picked":"Self Repair","floor":8},{"not_picked":["Fusion","Streamline","Recycle"],"picked":"SKIP","floor":10},{"not_picked":["Go for the Eyes","Blizzard"],"picked":"Conserve Battery","floor":12}],"player_experience":305475,"relics_obtained":[],"event_choices":[{"event_name":"Upgrade Shrine","player_choice":"Upgraded","floor":4,"damage_taken":0},{"event_name":"Dead Adventurer","player_choice":"Searched \u00270\u0027 times","floor":11,"damage_taken":0}],"is_beta":false,"boss_relics":[],"items_purged_floors":[],"is_endless":false,"potions_floor_spawned":[2,3,5,12],"killed_by":"Hexaghost","ascension_level":0}