{"gold_per_floor":[118,78,93,103,122,147,147,147,147,162,162,162,189,207,207,306,306,326,326,352,352,60,60,60,92,92,92,108,119,136,15,15,120,120,131,131,131,11,22,22],"floor_reached":40,"playtime":2871,"items_purged":["Shame","Shame"],"score":439,"play_id":"aff040b8-64f7-4ef2-b9e7-0ba73e5f29b7","local_time":"20190319202147","is_ascension_mode":false,"campfire_choices":[{"floor":12.0,"key":"DIG"},{"floor":15.0,"key":"DIG"},{"floor":23.0,"key":"REST"},{"floor":27.0,"key":"REST"},{"floor":32,"key":"REST"}],"neow_cost":"NONE","seed_source_timestamp":0,"circlet_count":0,"master_deck":["Defend_B","Defend_B","Defend_B","Defend_B","Zap","Dualcast","Ball Lightning+1","Chaos","Defragment","Rebound","Core Surge","White Noise","Multi-Cast","Clumsy","Turbo","Hologram+1","Bite","Bite","Bite","Bite","Bite","Gash","Hello World+1","Doom and Gloom","Lockon","Capacitor+1","Beam Cell","Echo Form+1","Creative AI+1","Aggregate","The Bomb","Mind Blast","Blind","Sweeping Beam+1"],"special_seed":0,"relics":["Cracked Core","Thread and Needle","StoneCalendar","Shovel","Whetstone","Frozen Egg 2","Pear","Calling Bell","Bag of Preparation","Letter Opener","Bird Faced Urn","Red Mask","The Courier","Bronze Scales","Bottled Tornado","Nuclear Battery","Pen Nib"],"potions_floor_usage":[29,33,35,39],"damage_taken":[{"damage":1.0,"enemies":"Cultist","floor":1.0,"turns":4.0},{"damage":2.0,"enemies":"2 Louse","floor":3.0,"turns":2.0},{"damage":5.0,"enemies":"Small Slimes","floor":4.0,"turns":3.0},{"damage":5.0,"enemies":"Exordium Thugs","floor":5.0,"turns":4.0},{"damage":19.0,"enemies":"3 Sentries","floor":6.0,"turns":5.0},{"damage":3.0,"enemies":"Blue Slaver","floor":10.0,"turns":3.0},{"damage":14.0,"enemies":"Lagavulin","floor":13.0,"turns":5.0},{"damage":0.0,"enemies":"Large Slime","floor":14.0,"turns":3.0},{"damage":22.0,"enemies":"The Guardian","floor":16.0,"turns":15.0},{"damage":17.0,"enemies":"Spheric Guardian","floor":18.0,"turns":4.0},{"damage":33.0,"enemies":"Masked Bandits","floor":20.0,"turns":6.0},{"damage":52.0,"enemies":"Book of Stabbing","floor":25.0,"turns":6.0},{"damage":3.0,"enemies":"3 Byrds","floor":28.0,"turns":3.0},{"damage":28,"enemies":"Cultist and Chosen","floor":29,"turns":5},{"damage":8,"enemies":"Centurion and Healer","floor":30,"turns":7},{"damage":39,"enemies":"Champ","floor":33,"turns":8},{"damage":3,"enemies":"Orb Walker","floor":35,"turns":3},{"damage":45,"enemies":"3 Darklings","floor":39,"turns":5},{"damage":47,"enemies":"Nemesis","floor":40,"turns":4}],"seed_played":"-2260704439626845023","potions_obtained":[{"floor":2.0,"key":"Ancient Potion"},{"floor":2.0,"key":"AttackPotion"},{"floor":2.0,"key":"Ancient Potion"},{"floor":6.0,"key":"PowerPotion"},{"floor":10.0,"key":"Poison Potion"},{"floor":16.0,"key":"GamblersBrew"},{"floor":18.0,"key":"SkillPotion"},{"floor":28.0,"key":"Swift Potion"},{"floor":33,"key":"FearPotion"},{"floor":35,"key":"AttackPotion"}],"is_trial":false,"path_per_floor":["M","?","M","M","M","E","?","?","T","M","?","R","E","M","R","B",null,"M","?","?","?","$","R","T","E","T","R","M","M","M","$","R","B",null,"M","?","?","$","M","E"],"character_chosen":"DEFECT","items_purchased":["Gash","Hello World+1","Fire Potion","Doom and Gloom","AttackPotion","Pen Nib"],"campfire_rested":3,"item_purchase_floors":[22,22,22,22,31,38],"current_hp_per_floor":[81,81,79,74,69,50,50,43,43,40,82,82,68,68,78,56,92,75,75,46,46,46,64,64,19,19,38,43,31,43,43,62,37,64,64,64,54,54,19,0],"gold":22,"neow_bonus":"TEN_PERCENT_HP_BONUS","is_prod":false,"is_daily":false,"chose_seed":false,"campfire_upgraded":0,"win_rate":0.0,"timestamp":1553041307,"path_taken":["M","?","?","M","M","E","?","?","T","M","?","R","E","?","R","BOSS","M","?","?","?","$","R","?","E","T","R","M","M","?","$","R","BOSS","M","?","?","$","M","E"],"build_version":"2019-01-23","purchased_purges":2,"victory":false,"max_hp_per_floor":[82,82,82,82,82,82,82,82,82,82,82,82,82,82,92,92,92,92,92,92,64,64,64,64,64,64,64,64,64,64,64,64,64,64,64,64,64,64,64,64],"card_choices":[{"not_picked":["Barrage","Skim"],"picked":"Ball Lightning","floor":1.0},{"not_picked":["Compile Driver","Conserve Battery"],"picked":"Chaos","floor":3.0},{"not_picked":["FTL","Turbo"],"picked":"Defragment","floor":4.0},{"not_picked":["Recycle","Double Energy"],"picked":"Rebound","floor":5.0},{"not_picked":["Turbo","Cold Snap"],"picked":"Reinforced Body","floor":6.0},{"not_picked":["Tempest","Undo"],"picked":"Hello World","floor":10.0},{"not_picked":["Reinforced Body","Reprogram"],"picked":"Core Surge","floor":13.0},{"not_picked":["Ball Lightning","Hologram"],"picked":"White Noise","floor":14.0},{"not_picked":["Fission","Rainbow"],"picked":"Multi-Cast","floor":16.0},{"not_picked":["Steam","Compile Driver"],"picked":"Turbo","floor":18.0},{"not_picked":["Heatsinks+1","Beam Cell"],"picked":"Hologram+1","floor":20.0},{"not_picked":["Sweeping Beam","Conserve Battery"],"picked":"Lockon","floor":25.0},{"not_picked":["Sweeping Beam","Force Field"],"picked":"Capacitor+1","floor":28.0},{"not_picked":["Compile Driver","Turbo"],"picked":"Beam Cell","floor":29},{"not_picked":["Chaos","Sweeping Beam"],"picked":"Echo Form+1","floor":30},{"not_picked":["Buffer+1","Multi-Cast"],"picked":"Creative AI+1","floor":33},{"not_picked":["Compile Driver","Redo"],"picked":"Aggregate","floor":35},{"not_picked":["Flash of Steel","Chrysalis"],"picked":"The Bomb","floor":37},{"not_picked":["Deep Breath","Thinking Ahead"],"picked":"Mind Blast","floor":37},{"not_picked":["PanicButton","Dark Shackles"],"picked":"Blind","floor":37},{"not_picked":["Redo","Cold Snap"],"picked":"Sweeping Beam+1","floor":39}],"player_experience":75020,"relics_obtained":[{"floor":6.0,"key":"Thread and Needle"},{"floor":9.0,"key":"Shovel"},{"floor":12.0,"key":"Whetstone"},{"floor":13.0,"key":"Frozen Egg 2"},{"floor":15.0,"key":"Pear"},{"floor":17.0,"key":"Bag of Preparation"},{"floor":17.0,"key":"Letter Opener"},{"floor":17.0,"key":"Bird Faced Urn"},{"floor":20.0,"key":"Red Mask"},{"floor":24.0,"key":"The Courier"},{"floor":25.0,"key":"Bronze Scales"},{"floor":26.0,"key":"Bottled Tornado"}],"event_choices":[{"damage_healed":0.0,"max_hp_gain":0.0,"max_hp_loss":0.0,"gold_gain":0.0,"event_name":"The Woman in Blue","player_choice":"Bought 3 Potions","floor":2.0,"gold_loss":0.0,"damage_taken":0.0},{"damage_healed":0.0,"max_hp_gain":0.0,"max_hp_loss":0.0,"gold_gain":0.0,"event_name":"Big Fish","player_choice":"Box","floor":7.0,"gold_loss":0.0,"damage_taken":0.0,"relics_obtained":["StoneCalendar"],"cards_obtained":["Regret"]},{"cards_removed":["Regret"],"damage_healed":0.0,"max_hp_gain":0.0,"max_hp_loss":0.0,"gold_gain":0.0,"event_name":"Golden Wing","player_choice":"Card Removal","floor":8.0,"gold_loss":0.0,"damage_taken":7.0},{"cards_removed":["Hello World"],"damage_healed":42.0,"max_hp_gain":0.0,"max_hp_loss":0.0,"gold_gain":0.0,"event_name":"Bonfire Elementals","player_choice":"Offered Uncommon","floor":11.0,"gold_loss":0.0,"damage_taken":0.0},{"damage_healed":0.0,"max_hp_gain":0.0,"max_hp_loss":0.0,"gold_gain":0.0,"event_name":"Ghosts","player_choice":"Ignored","floor":19.0,"gold_loss":0.0,"damage_taken":0.0},{"damage_healed":0.0,"max_hp_gain":0.0,"max_hp_loss":0.0,"gold_gain":0.0,"event_name":"Masked Bandits","player_choice":"Fought Bandits","floor":20.0,"gold_loss":0.0,"damage_taken":0.0},{"damage_healed":0.0,"max_hp_gain":0.0,"max_hp_loss":28.0,"gold_gain":0.0,"event_name":"Vampires","player_choice":"Became a vampire","floor":21.0,"gold_loss":0.0,"damage_taken":0.0,"cards_obtained":["Bite","Bite","Bite","Bite","Bite"]},{"cards_removed":["Reinforced Body"],"damage_healed":0,"gold_gain":0,"player_choice":"Removed Skill","damage_taken":0,"max_hp_gain":0,"max_hp_loss":0,"event_name":"Falling","floor":36,"gold_loss":0},{"damage_healed":0,"gold_gain":0,"player_choice":"Memory 3","damage_taken":10,"max_hp_gain":0,"max_hp_loss":0,"event_name":"SensoryStone","floor":37,"gold_loss":0}],"is_beta":false,"boss_relics":[{"not_picked":["Busted Crown","Cursed Key"],"picked":"Calling Bell"},{"not_picked":["Runic Pyramid","Philosopher\u0027s Stone"],"picked":"Nuclear Battery"}],"items_purged_floors":[22,31],"is_endless":false,"potions_floor_spawned":[6,10,16,18,28,33,35],"killed_by":"Nemesis","ascension_level":0}