{"gold_per_floor":[118,118,138,138,51,51,76,92,92,92,105,137,137,152,152,228,228,241,0,0,0,13,33,33,63,63,63,90,106,6,19,19,19],"floor_reached":33,"playtime":2047,"items_purged":["Strike_B"],"score":516,"play_id":"1ff9fdd4-9579-4cda-9ca6-bfcd1202de2a","local_time":"20190307131319","is_ascension_mode":true,"campfire_choices":[{"data":"Fission","floor":6.0,"key":"SMITH"},{"floor":10.0,"key":"REST"},{"data":"Glacier","floor":13.0,"key":"SMITH"},{"data":"Ball Lightning","floor":15.0,"key":"SMITH"},{"data":"Echo Form","floor":24.0,"key":"SMITH"},{"floor":27.0,"key":"REST"},{"data":"RitualDagger","floor":32.0,"key":"SMITH"}],"neow_cost":"NONE","seed_source_timestamp":1297191337082092,"circlet_count":0,"master_deck":["AscendersBane","Strike_B","Defend_B","Defend_B","Zap+1","Dualcast","Leap","Fission+1","Bandage Up","Auto Shields","Glacier+1","Reboot","Ball Lightning+1","Echo Form+1","RitualDagger+1","Go for the Eyes+1","Compile Driver","Ball Lightning","Ball Lightning","Coolheaded","Coolheaded"],"special_seed":0,"relics":["Cracked Core","Torii","Matryoshka","Gambling Chip","Empty Cage","Bottled Flame","Strawberry","The Courier","Sundial"],"potions_floor_usage":[33],"damage_taken":[{"damage":0.0,"enemies":"2 Louse","floor":1.0,"turns":2.0},{"damage":10.0,"enemies":"Small Slimes","floor":3.0,"turns":4.0},{"damage":37.0,"enemies":"3 Sentries","floor":7.0,"turns":10.0},{"damage":0.0,"enemies":"Cultist","floor":8.0,"turns":4.0},{"damage":1.0,"enemies":"3 Louse","floor":11.0,"turns":5.0},{"damage":1.0,"enemies":"Lagavulin","floor":12.0,"turns":10.0},{"damage":0.0,"enemies":"Looter","floor":14.0,"turns":4.0},{"damage":54.0,"enemies":"Slime Boss","floor":16.0,"turns":19.0},{"damage":0.0,"enemies":"Spheric Guardian","floor":18.0,"turns":4.0},{"damage":0.0,"enemies":"Shell Parasite","floor":22.0,"turns":5.0},{"damage":2.0,"enemies":"3 Cultists","floor":23.0,"turns":7.0},{"damage":42.0,"enemies":"Slavers","floor":25.0,"turns":5.0},{"damage":1.0,"enemies":"Gremlin Leader","floor":28.0,"turns":7.0},{"damage":1.0,"enemies":"Shelled Parasite and Fungi","floor":29.0,"turns":8.0},{"damage":8.0,"enemies":"Centurion and Healer","floor":31.0,"turns":7.0},{"damage":95,"enemies":"Automaton","floor":33,"turns":12}],"seed_played":"-6978959621431391698","potions_obtained":[{"floor":7.0,"key":"Poison Potion"},{"floor":8.0,"key":"FearPotion"},{"floor":14.0,"key":"SteroidPotion"},{"floor":22.0,"key":"FocusPotion"},{"floor":23.0,"key":"SteroidPotion"},{"floor":28.0,"key":"Block Potion"},{"floor":29.0,"key":"SteroidPotion"}],"is_trial":false,"path_per_floor":["M","?","M","?","$","R","E","M","T","R","M","E","R","M","R","B",null,"M","?","?","$","M","M","R","E","T","R","E","M","$","M","R","B"],"character_chosen":"DEFECT","items_purchased":["Bandage Up","Coolheaded"],"campfire_rested":2,"item_purchase_floors":[5,30],"current_hp_per_floor":[64,64,54,54,54,54,21,25,25,46,49,52,52,56,56,6,55,59,59,53,53,57,59,59,25,32,55,58,61,61,57,57,0],"gold":19,"neow_bonus":"UPGRADE_CARD","is_prod":false,"is_daily":false,"chose_seed":false,"campfire_upgraded":5,"win_rate":0,"timestamp":1551989599,"path_taken":["M","?","M","?","$","R","E","M","T","R","M","E","R","M","R","BOSS","M","?","?","$","M","M","R","E","T","R","E","M","$","M","R","BOSS"],"build_version":"2019-01-23","purchased_purges":1,"victory":false,"max_hp_per_floor":[71,71,71,71,71,71,71,71,71,71,71,71,71,71,71,71,71,71,71,71,71,71,71,71,71,78,78,78,78,78,78,78,78],"card_choices":[{"not_picked":["Steam","Gash"],"picked":"Leap","floor":1.0},{"not_picked":["Conserve Battery","Rip and Tear"],"picked":"Fission","floor":3.0},{"not_picked":["Conserve Battery","Aggregate"],"picked":"Auto Shields","floor":7.0},{"not_picked":["Steam","Beam Cell"],"picked":"Glacier","floor":8.0},{"not_picked":["Storm","Sweeping Beam","Blizzard"],"picked":"SKIP","floor":11.0},{"not_picked":["Self Repair","Gash"],"picked":"Reboot","floor":12.0},{"not_picked":["Rebound","Genetic Algorithm"],"picked":"Ball Lightning","floor":14.0},{"not_picked":["Thunder Strike","Electrodynamics"],"picked":"Echo Form","floor":16.0},{"not_picked":["Melter","Hello World","Barrage"],"picked":"SKIP","floor":18.0},{"not_picked":["Sweeping Beam","Chaos"],"picked":"Go for the Eyes+1","floor":22.0},{"not_picked":["Steam","Stack"],"picked":"Compile Driver","floor":23.0},{"not_picked":["Reboot","Scrape"],"picked":"Ball Lightning","floor":25.0},{"not_picked":["Streamline","Static Discharge","Genetic Algorithm"],"picked":"SKIP","floor":28.0},{"not_picked":["Beam Cell","Aggregate"],"picked":"Ball Lightning","floor":29.0},{"not_picked":["Double Energy","Stack"],"picked":"Coolheaded","floor":31.0}],"player_experience":757906,"relics_obtained":[{"floor":7.0,"key":"Torii"},{"floor":9.0,"key":"Matryoshka"},{"floor":12.0,"key":"Gambling Chip"},{"floor":25.0,"key":"Bottled Flame"},{"floor":26.0,"key":"Strawberry"},{"floor":26.0,"key":"The Courier"},{"floor":28.0,"key":"Sundial"}],"event_choices":[{"cards_removed":["Defend_B"],"damage_healed":0.0,"max_hp_gain":0.0,"max_hp_loss":0.0,"gold_gain":0.0,"event_name":"Living Wall","player_choice":"Forget","floor":2.0,"gold_loss":0.0,"damage_taken":0.0},{"cards_removed":["Strike_B"],"damage_healed":0.0,"max_hp_gain":0.0,"max_hp_loss":0.0,"gold_gain":0.0,"event_name":"Purifier","player_choice":"Purged","floor":4.0,"gold_loss":0.0,"damage_taken":0.0},{"damage_healed":0.0,"max_hp_gain":0.0,"max_hp_loss":0.0,"gold_gain":0.0,"event_name":"Masked Bandits","player_choice":"Paid Fearfully","floor":19.0,"gold_loss":241.0,"damage_taken":0.0},{"damage_healed":0.0,"max_hp_gain":0.0,"max_hp_loss":0.0,"gold_gain":0.0,"event_name":"Nest","player_choice":"Joined the Cult","floor":20.0,"gold_loss":0.0,"damage_taken":6.0,"cards_obtained":["RitualDagger"]}],"is_beta":false,"boss_relics":[{"not_picked":["Eternal Feather","Fusion Hammer"],"picked":"Empty Cage"}],"items_purged_floors":[30],"is_endless":false,"potions_floor_spawned":[7,8,14,22,23,28,29,31],"killed_by":"Automaton","ascension_level":15}