{"path_per_floor":["M","M","?","?","?","E","?","M","T","R","M","M","$","M","R","B",null,"M","M"],"character_chosen":"IRONCLAD","items_purchased":["Combust","Feed"],"gold_per_floor":[109,127,127,127,92,119,194,212,212,212,223,242,45,59,59,159,159,177,190],"floor_reached":20,"campfire_rested":2,"playtime":1028,"current_hp_per_floor":[69,62,55,39,59,50,39,44,44,68,68,52,52,54,78,41,83,59,24],"items_purged":[],"gold":190,"play_id":"ca343fa2-c0f8-4968-aea9-4e5be0895ace","is_prod":false,"is_daily":false,"campfire_rituals":0,"campfire_upgraded":0,"is_hardmode":false,"path_taken":["M","M","?","?","?","E","?","M","T","R","M","M","$","M","R","BOSS","M","?","M"],"build_version":"2018-01-18-PROD2","purchased_purges":0,"victory":false,"master_deck":["Strike_R","Strike_R","Strike_R","Strike_R","Defend_R","Defend_R","Defend_R","Defend_R","Bash","Bloodletting","Cleave","Clothesline","Cleave","Anger","Combust","Whirlwind","Combust","Feed","Dual Wield","Demon Form","Clothesline","Battle Trance"],"max_hp_per_floor":[80,80,80,80,80,80,80,80,80,80,80,80,80,83,83,83,83,83,83],"relics":["Burning Blood","Pantograph","Lantern","Red Skull","White Beast Statue"],"campfire_meditates":0,"card_choices":[{"not_picked":["Intimidate","Reckless Charge"],"picked":"Cleave"},{"not_picked":["Body Slam","Headbutt"],"picked":"Clothesline"},{"not_picked":["Body Slam","Offering"],"picked":"Cleave"},{"not_picked":["Flex","Clash"],"picked":"Anger"},{"not_picked":["Clash","Body Slam"],"picked":"Combust"},{"not_picked":["Corruption","Shockwave"],"picked":"Whirlwind"},{"not_picked":["Combust","Sever Soul"],"picked":"Dual Wield"},{"not_picked":["Impervious","Bludgeon"],"picked":"Demon Form"},{"not_picked":["Flex","Body Slam"],"picked":"Clothesline"},{"not_picked":["Body Slam","Twin Strike"],"picked":"Battle Trance"}],"player_experience":6786,"potions_floor_usage":[20,20,20],"damage_taken":[{"damage":17,"enemies":"2 Louse","floor":1,"turns":3},{"damage":13,"enemies":"Small Slimes","floor":2,"turns":2},{"damage":15,"enemies":"Gremlin Nob","floor":6,"turns":4},{"damage":1,"enemies":"Jaw Worm","floor":8,"turns":4},{"damage":6,"enemies":"3 Louse","floor":11,"turns":2},{"damage":22,"enemies":"Exordium Thugs","floor":12,"turns":4},{"damage":7,"enemies":"2 Fungi Beasts","floor":14,"turns":2},{"damage":48,"enemies":"Slime Boss","floor":16,"turns":7},{"damage":30,"enemies":"Spheric Guardian","floor":18,"turns":4},{"damage":41,"enemies":"2 Thieves","floor":19,"turns":3},{"damage":42,"enemies":"Snake Plant","floor":20,"turns":4}],"event_choices":[{"event_name":"Scrap Ooze","player_choice":"success","floor":3,"damage_taken":7},{"event_name":"Shining Light","player_choice":"Entered Light","floor":4,"damage_taken":0},{"event_name":"The Cleric","player_choice":"Healed","floor":5,"damage_taken":0},{"event_name":"World of Goop","player_choice":"Gather Gold","floor":7,"damage_taken":0}],"boss_relics":[{"not_picked":["Runic Pyramid","Snecko Eye"],"picked":"White Beast Statue"}],"potions_floor_spawned":[1,2,11,12,18,19],"seed_played":"-3674160227420105797","killed_by":"Snake Plant","is_trial":false}