{"gold_per_floor":[119,131,148,148,163,196,214,214,214,214,240,240,55,17,17,122,122,138,138,148,148,148,179,192,192,218,67,83,109,109,128,128,128],"floor_reached":33,"playtime":1193,"items_purged":["Strike_G","Defend_G"],"score":379,"play_id":"b9cfd0a8-9da2-4ec2-9161-3f7f23c13933","local_time":"20190316162433","is_ascension_mode":true,"campfire_choices":[{"floor":8,"key":"REST"},{"floor":10,"key":"REST"},{"floor":15,"key":"REST"},{"floor":25,"key":"REST"},{"floor":30,"key":"REST"},{"data":"Footwork","floor":32,"key":"SMITH"}],"neow_cost":"NONE","seed_source_timestamp":143270914617409,"circlet_count":0,"master_deck":["Defend_G","Defend_G","Defend_G","Defend_G","Survivor","Neutralize+1","Poisoned Stab","Accuracy+1","Poisoned Stab","Heel Hook","Slice","Backflip+1","Heel Hook","Footwork+1","Backstab","Cloak And Dagger+1","Bite","Bite","Bite","Bite","Bite","Flying Knee","Infinite Blades","Slice","Deflect+1","Prepared+1","Cloak And Dagger+1"],"relics":["Toxic Egg 2","Ninja Scroll","Dodecahedron","WristBlade","Mercury Hourglass","Nloth\u0027s Gift","Potion Belt","Bronze Scales","Bag of Marbles"],"potions_floor_usage":[16,23,29,31,33,33],"damage_taken":[{"damage":2,"enemies":"Cultist","floor":1,"turns":4},{"damage":0,"enemies":"2 Louse","floor":2,"turns":3},{"damage":0,"enemies":"Jaw Worm","floor":3,"turns":3},{"damage":7,"enemies":"Large Slime","floor":5,"turns":7},{"damage":33,"enemies":"Gremlin Nob","floor":6,"turns":5},{"damage":3,"enemies":"Looter","floor":7,"turns":3},{"damage":23,"enemies":"Lagavulin","floor":11,"turns":6},{"damage":15,"enemies":"The Guardian","floor":16,"turns":12},{"damage":10,"enemies":"Shell Parasite","floor":18,"turns":6},{"damage":1,"enemies":"3 Byrds","floor":20,"turns":4},{"damage":24,"enemies":"Slavers","floor":23,"turns":6},{"damage":16,"enemies":"Shelled Parasite and Fungi","floor":24,"turns":4},{"damage":10,"enemies":"3 Cultists","floor":28,"turns":4},{"damage":21,"enemies":"Book of Stabbing","floor":29,"turns":4},{"damage":6,"enemies":"Centurion and Healer","floor":31,"turns":3},{"damage":70,"enemies":"Champ","floor":33,"turns":9}],"seed_played":"-4601398402753594870","potions_obtained":[{"floor":1,"key":"LiquidBronze"},{"floor":6,"key":"Swift Potion"},{"floor":11,"key":"Energy Potion"},{"floor":20,"key":"Weak Potion"},{"floor":24,"key":"Fire Potion"},{"floor":28,"key":"Regen Potion"},{"floor":31,"key":"Regen Potion"}],"is_trial":false,"path_per_floor":["M","?","?","?","?","?","?","M"],"character_chosen":"THE_SILENT","items_purchased":["Heel Hook","Footwork","Slice"],"campfire_rested":5,"item_purchase_floors":[13,13,27],"current_hp_per_floor":[68,68,68,54,47,14,11,32,32,53,30,30,30,30,51,36,70,60,60,59,49,49,32,24,38,38,38,34,31,45,47,47,0],"gold":128,"neow_bonus":"UPGRADE_CARD","is_prod":false,"is_daily":false,"chose_seed":false,"campfire_upgraded":1,"win_rate":0,"timestamp":1552749873,"path_taken":["M","M","?","?","M","E","M","R","T","R","E","?","$","?","R","BOSS","M","?","M","?","?","E","M","R","T","$","?","E","R","M","R","BOSS"],"build_version":"2019-01-23","purchased_purges":2,"victory":false,"max_hp_per_floor":[70,70,70,70,70,70,70,70,70,70,70,70,70,70,70,70,70,70,70,70,49,49,49,49,49,49,49,49,49,49,49,49,49],"card_choices":[{"not_picked":["Catalyst","Acrobatics"],"picked":"Poisoned Stab","floor":1},{"not_picked":["Dash","Finisher"],"picked":"Accuracy","floor":2},{"not_picked":["Bouncing Flask","Bane","Predator"],"picked":"SKIP","floor":3},{"not_picked":["Deflect","Well Laid Plans"],"picked":"Poisoned Stab","floor":5},{"not_picked":["Prepared","Acrobatics"],"picked":"Heel Hook","floor":6},{"not_picked":["Outmaneuver+1","Deadly Poison+1"],"picked":"Slice","floor":7},{"not_picked":["Deflect+1","Dodge and Roll+1"],"picked":"Backflip+1","floor":11},{"not_picked":["Eviscerate","Sucker Punch+1"],"picked":"Backstab","floor":18},{"not_picked":["Leg Sweep+1","Blur+1"],"picked":"Cloak And Dagger+1","floor":20},{"not_picked":["Slice","Calculated Gamble+1"],"picked":"Flying Knee","floor":23},{"not_picked":["Eviscerate","Phantasmal Killer+1"],"picked":"Infinite Blades","floor":24},{"not_picked":["Bane+1","Dagger Throw"],"picked":"Deflect+1","floor":28},{"not_picked":["Unload","Doppelganger+1"],"picked":"Prepared+1","floor":29},{"not_picked":["Calculated Gamble+1","Slice+1"],"picked":"Cloak And Dagger+1","floor":31}],"player_experience":344908,"relics_obtained":[{"floor":6,"key":"Toxic Egg 2"},{"floor":9,"key":"Ninja Scroll"},{"floor":11,"key":"Dodecahedron"},{"floor":23,"key":"Potion Belt"},{"floor":26,"key":"Bronze Scales"},{"floor":29,"key":"Bag of Marbles"}],"event_choices":[{"damage_healed":0,"gold_gain":0,"player_choice":"Entered Light","damage_taken":14,"max_hp_gain":0,"max_hp_loss":0,"event_name":"Shining Light","floor":4,"gold_loss":0,"cards_upgraded":["Accuracy","Strike_G"]},{"damage_healed":0,"gold_gain":0,"player_choice":"Ignored","damage_taken":0,"max_hp_gain":0,"max_hp_loss":0,"event_name":"Liars Game","floor":12,"gold_loss":0},{"damage_healed":0,"gold_gain":0,"player_choice":"Left Gold","damage_taken":0,"max_hp_gain":0,"max_hp_loss":0,"event_name":"World of Goop","floor":14,"gold_loss":38},{"damage_healed":0,"gold_gain":0,"player_choice":"Opened","damage_taken":0,"relics_obtained":["Mercury Hourglass"],"max_hp_gain":0,"max_hp_loss":0,"event_name":"The Mausoleum","floor":19,"gold_loss":0},{"damage_healed":0,"gold_gain":0,"player_choice":"Became a vampire","damage_taken":0,"max_hp_gain":0,"max_hp_loss":21,"event_name":"Vampires","floor":21,"gold_loss":0,"cards_obtained":["Bite","Bite","Bite","Bite","Bite"]},{"damage_healed":0,"gold_gain":0,"player_choice":"Traded Relic","damage_taken":0,"relics_obtained":["Nloth\u0027s Gift"],"max_hp_gain":0,"max_hp_loss":0,"event_name":"N\u0027loth","floor":22,"relics_lost":["Ring of the Snake"],"gold_loss":0}],"is_beta":false,"boss_relics":[{"not_picked":["Calling Bell","Coffee Dripper"],"picked":"WristBlade"}],"items_purged_floors":[13,27],"is_endless":false,"potions_floor_spawned":[1,6,11,20,24,28,31],"killed_by":"Champ","ascension_level":4}