{"gold_per_floor":[119,130,147,165,60,72,106,106,106,106,124,141,141,153,153,248,248,267,18,30,30,30,30],"floor_reached":23,"playtime":718,"items_purged":[],"score":293,"play_id":"3139e011-349d-4c0a-9b1f-23e353be896a","local_time":"20181009143559","is_ascension_mode":true,"campfire_choices":[{"data":"Hologram","floor":8,"key":"SMITH"},{"data":"Loop","floor":13,"key":"SMITH"},{"data":"Zap","floor":15,"key":"SMITH"}],"neow_cost":"","seed_source_timestamp":487751911583920,"circlet_count":0,"master_deck":["Strike_B","Strike_B","Strike_B","Strike_B","Defend_B","Defend_B","Defend_B","Defend_B","Zap+1","Dualcast","AscendersBane","Self Repair","Ball Lightning","Ball Lightning","Leap","Hello World","Rip and Tear","Chill","Hologram+1","Leap","Loop+1","Core Surge","Fission","Defragment","Coolheaded","Writhe"],"relics":["Cracked Core","Ice Cream","Bottled Tornado","CultistMask","Inserter","Mummified Hand","Cables"],"potions_floor_usage":[7,20],"damage_taken":[{"damage":2,"enemies":"Jaw Worm","floor":1,"turns":3},{"damage":1,"enemies":"Cultist","floor":2,"turns":3},{"damage":0,"enemies":"Small Slimes","floor":3,"turns":3},{"damage":12,"enemies":"Looter","floor":4,"turns":3},{"damage":25,"enemies":"Exordium Wildlife","floor":6,"turns":4},{"damage":24,"enemies":"3 Sentries","floor":7,"turns":6},{"damage":3,"enemies":"Large Slime","floor":11,"turns":5},{"damage":6,"enemies":"2 Fungi Beasts","floor":12,"turns":3},{"damage":16,"enemies":"Blue Slaver","floor":14,"turns":4},{"damage":26,"enemies":"Slime Boss","floor":16,"turns":7},{"damage":20,"enemies":"Spheric Guardian","floor":18,"turns":4},{"damage":21,"enemies":"3 Byrds","floor":20,"turns":5},{"damage":34,"enemies":"Slavers","floor":23,"turns":1}],"seed_played":"9048962914749366139","potions_obtained":[{"floor":2,"key":"Strength Potion"},{"floor":3,"key":"LiquidBronze"},{"floor":6,"key":"FocusPotion"},{"floor":12,"key":"Dexterity Potion"},{"floor":20,"key":"Energy Potion"}],"is_trial":false,"path_per_floor":["M","M","M","M","$","M","E","R","T","?","M","M","R","M","R","B",null,"M","$","M","?","?"],"character_chosen":"DEFECT","items_purchased":["Hello World","Rip and Tear","Mummified Hand"],"campfire_rested":0,"item_purchase_floors":[5,5,19],"current_hp_per_floor":[66,72,75,70,70,52,35,35,35,35,39,40,40,31,31,12,59,46,46,32,32,32,0],"gold":30,"neow_bonus":"","is_prod":false,"is_daily":false,"chose_seed":false,"campfire_upgraded":3,"win_rate":0,"timestamp":1539117359,"path_taken":["M","M","M","M","$","M","E","R","T","?","M","M","R","M","R","BOSS","M","$","M","?","?","E"],"build_version":"2018-10-04v2","purchased_purges":0,"victory":false,"max_hp_per_floor":[75,75,75,75,75,75,75,75,75,75,75,75,75,75,75,75,75,75,75,75,75,75,75],"card_choices":[{"not_picked":["Beam Cell","Static Discharge"],"picked":"Self Repair","floor":1},{"not_picked":["Beam Cell","Heatsinks"],"picked":"Ball Lightning","floor":2},{"not_picked":["Steam","Heatsinks"],"picked":"Ball Lightning","floor":3},{"not_picked":["Steam Power","Redo"],"picked":"Leap","floor":4},{"not_picked":["Stack","Undo"],"picked":"Chill","floor":6},{"not_picked":["Compile Driver","Barrage"],"picked":"Hologram","floor":7},{"not_picked":["Hello World","Tempest"],"picked":"Leap","floor":11},{"not_picked":["Conserve Battery","Sweeping Beam"],"picked":"Loop","floor":12},{"not_picked":["White Noise","Undo"],"picked":"Core Surge","floor":14},{"not_picked":["Thunder Strike","Multi-Cast"],"picked":"Fission","floor":16},{"not_picked":["Conserve Battery","Sweeping Beam"],"picked":"Defragment","floor":18},{"not_picked":["Capacitor","Stack"],"picked":"Coolheaded","floor":20}],"player_experience":510904,"relics_obtained":[{"floor":7,"key":"Ice Cream"},{"floor":9,"key":"Bottled Tornado"}],"event_choices":[{"event_name":"FaceTrader","player_choice":"Trade","floor":10,"damage_taken":0},{"event_name":"Ghosts","player_choice":"Ignored","floor":21,"damage_taken":0},{"event_name":"The Mausoleum","player_choice":"Yes","floor":22,"damage_taken":0}],"is_beta":false,"boss_relics":[{"not_picked":["Orrery","Runic Dome"],"picked":"Inserter"}],"items_purged_floors":[],"is_endless":false,"potions_floor_spawned":[2,3,6,12,16,20],"killed_by":"Slavers","ascension_level":10}