{"gold_per_floor":[110,120,134,83,83,83,111,127,201,276,276,296,76,95,95,191,191,205,216,29,47,47,47,72,91,116,116,141,158,158,168,168,168],"floor_reached":33,"playtime":999,"items_purged":["Strike_R"],"score":269,"play_id":"0f713550-5285-4374-a469-44c9288a5d4e","local_time":"20180902141955","is_ascension_mode":false,"campfire_choices":[{"data":"Armaments","floor":6,"key":"SMITH"},{"data":"Whirlwind","floor":11,"key":"SMITH"},{"data":"Flex","floor":15,"key":"SMITH"},{"data":"Armaments","floor":23,"key":"SMITH"},{"data":"Sword Boomerang","floor":27,"key":"SMITH"},{"data":"Brutality","floor":30,"key":"SMITH"},{"data":"Reaper","floor":32,"key":"SMITH"}],"neow_cost":"NONE","seed_source_timestamp":1221533072792710,"circlet_count":0,"master_deck":["Strike_R","Strike_R","Strike_R","Strike_R","Defend_R","Defend_R","Defend_R","Defend_R","Bash","Berserk","Flex+1","Sword Boomerang+1","Dropkick","Armaments+1","Whirlwind+1","Reaper+1","Shrug It Off","Brutality+1","Armaments+1","Rupture","Pummel","Pummel+1"],"relics":["Burning Blood","Charon\u0027s Ashes","Pantograph","Lantern","Busted Crown","Red Skull","Regal Pillow","Strawberry","Red Mask"],"potions_floor_usage":[19,21,24,25,28,29],"damage_taken":[{"damage":12,"enemies":"Small Slimes","floor":1,"turns":3},{"damage":5,"enemies":"2 Louse","floor":2,"turns":2},{"damage":6,"enemies":"Cultist","floor":3,"turns":3},{"damage":36,"enemies":"3 Sentries","floor":7,"turns":10},{"damage":5,"enemies":"3 Louse","floor":8,"turns":3},{"damage":9,"enemies":"Exordium Thugs","floor":12,"turns":4},{"damage":2,"enemies":"Blue Slaver","floor":14,"turns":2},{"damage":20,"enemies":"Slime Boss","floor":16,"turns":9},{"damage":26,"enemies":"Spheric Guardian","floor":18,"turns":4},{"damage":12,"enemies":"Shell Parasite","floor":19,"turns":3},{"damage":10,"enemies":"Cultist and Chosen","floor":21,"turns":4},{"damage":27,"enemies":"Gremlin Leader","floor":24,"turns":4},{"damage":35,"enemies":"Snake Plant","floor":25,"turns":5},{"damage":35,"enemies":"Masked Bandits","floor":28,"turns":4},{"damage":1,"enemies":"3 Cultists","floor":29,"turns":3},{"damage":18,"enemies":"Snecko","floor":31,"turns":4},{"damage":85,"enemies":"Automaton","floor":33,"turns":6}],"seed_played":"4028688140614723281","potions_obtained":[{"floor":1,"key":"Poison Potion"},{"floor":12,"key":"BloodPotion"},{"floor":14,"key":"BloodPotion"},{"floor":16,"key":"Strength Potion"},{"floor":18,"key":"AttackPotion"},{"floor":19,"key":"Poison Potion"},{"floor":24,"key":"SkillPotion"},{"floor":25,"key":"Block Potion"}],"is_trial":false,"path_per_floor":["M","M","M","$","?","R","E","M","T","?","R","M","$","M","R","B",null,"M","M","$","M","?","R","E","M","T","R","?","M","R","M","R"],"character_chosen":"IRONCLAD","items_purchased":["Armaments","Lantern","Red Skull","Rupture"],"campfire_rested":0,"item_purchase_floors":[4,13,20,20],"current_hp_per_floor":[74,75,75,75,75,75,45,46,46,35,35,32,32,36,36,57,80,60,60,60,56,56,56,54,25,32,32,11,40,40,35,35,0],"gold":168,"neow_bonus":"ONE_RANDOM_RARE_CARD","is_prod":false,"is_daily":false,"chose_seed":false,"campfire_upgraded":7,"win_rate":0,"timestamp":1535919595,"path_taken":["M","M","M","$","?","R","E","?","T","?","R","M","$","M","R","BOSS","M","M","$","M","?","R","E","M","T","R","?","M","R","M","R","BOSS"],"build_version":"2018-08-30","purchased_purges":1,"victory":false,"max_hp_per_floor":[80,80,80,80,80,80,80,80,80,80,80,80,80,80,80,80,80,80,80,80,80,80,80,80,80,87,87,87,87,87,87,87,87],"card_choices":[{"not_picked":["Battle Trance","Metallicize"],"picked":"Flex","floor":1},{"not_picked":["Headbutt","Wild Strike"],"picked":"Sword Boomerang","floor":2},{"not_picked":["Headbutt","Twin Strike"],"picked":"Dropkick","floor":3},{"not_picked":["Iron Wave","Battle Trance"],"picked":"Whirlwind","floor":7},{"not_picked":["Hemokinesis","Reckless Charge","Clash"],"picked":"SKIP","floor":8},{"not_picked":["Clash","Dropkick"],"picked":"Reaper","floor":12},{"not_picked":["Evolve","Sword Boomerang"],"picked":"Shrug It Off","floor":14},{"not_picked":["Barricade","Juggernaut"],"picked":"Brutality","floor":16},{"not_picked":[],"picked":"Armaments","floor":18},{"not_picked":["Heavy Blade+1"],"picked":"SKIP","floor":19},{"not_picked":[],"picked":"Pummel","floor":21},{"not_picked":[],"picked":"Pummel+1","floor":24},{"not_picked":["Body Slam"],"picked":"SKIP","floor":25},{"not_picked":["Carnage"],"picked":"SKIP","floor":29},{"not_picked":["Fire Breathing+1"],"picked":"SKIP","floor":31}],"player_experience":450924,"relics_obtained":[{"floor":7,"key":"Charon\u0027s Ashes"},{"floor":9,"key":"Pantograph"},{"floor":24,"key":"Regal Pillow"},{"floor":26,"key":"Strawberry"},{"floor":28,"key":"Red Mask"}],"event_choices":[{"event_name":"Liars Game","player_choice":"disagreed","floor":5,"damage_taken":0},{"event_name":"World of Goop","player_choice":"Gather Gold","floor":10,"damage_taken":0},{"event_name":"Beggar","player_choice":"Ignored","floor":22,"damage_taken":0},{"event_name":"Masked Bandits","player_choice":"Fought Bandits","floor":28,"damage_taken":0}],"is_beta":false,"boss_relics":[{"not_picked":["Cursed Key","Astrolabe"],"picked":"Busted Crown"}],"items_purged_floors":[13],"is_endless":false,"potions_floor_spawned":[1,12,14,16,18,19,24,25],"killed_by":"Automaton","ascension_level":0}