{"gold_per_floor":[112,54,64,76,76,120,120,133,133,133,158,158,174,174,174,300,300,321,84,84,98,197,197,235,235,235,248,248,262,59,184,184,310,310,335,335,349,166,166,166,184,184,184,184,309,78,101,114,114,114],"floor_reached":51,"playtime":2449,"items_purged":["Strike_R","Strike_R","Defend_R","Defend_R"],"score":868,"play_id":"e69d0e8b-df23-4482-8914-31aa8f6cb3a7","local_time":"20190208232410","is_ascension_mode":true,"campfire_choices":[{"floor":7,"key":"REST"},{"data":"Armaments","floor":12,"key":"SMITH"},{"floor":15,"key":"REST"},{"data":"Body Slam","floor":23,"key":"SMITH"},{"data":"Juggernaut","floor":25,"key":"SMITH"},{"floor":32,"key":"REST"},{"floor":40,"key":"REST"},{"floor":42,"key":"REST"},{"data":"Shrug It Off","floor":44,"key":"SMITH"},{"data":"Metallicize","floor":49,"key":"SMITH"}],"neow_cost":"NONE","seed_source_timestamp":112328917666666,"circlet_count":0,"master_deck":["Defend_R+1","Bash+1","Shrug It Off","Shrug It Off+1","Body Slam+1","Armaments+1","Shrug It Off+1","Juggernaut+1","Shrug It Off+1","Shrug It Off+1","Metallicize+1"],"relics":["Burning Blood","Pen Nib","Self Forming Clay","Golden Idol","Letter Opener","Sundial","Philosopher\u0027s Stone","Membership Card","Toxic Egg 2","Pear","Bottled Flame","Molten Egg 2","Magic Flower","Matryoshka","Empty Cage","Question Card","Bronze Scales","Mummified Hand","Ginger","Gremlin Horn"],"potions_floor_usage":[6,16,16,16,24,31,41],"damage_taken":[{"damage":7,"enemies":"Small Slimes","floor":1,"turns":3},{"damage":1,"enemies":"Cultist","floor":3,"turns":3},{"damage":6,"enemies":"Jaw Worm","floor":4,"turns":5},{"damage":27,"enemies":"Lagavulin","floor":6,"turns":7},{"damage":21,"enemies":"Exordium Thugs","floor":8,"turns":8},{"damage":6,"enemies":"Blue Slaver","floor":11,"turns":6},{"damage":0,"enemies":"Exordium Wildlife","floor":13,"turns":3},{"damage":29,"enemies":"Hexaghost","floor":16,"turns":8},{"damage":0,"enemies":"Shell Parasite","floor":18,"turns":6},{"damage":1,"enemies":"Chosen","floor":21,"turns":4},{"damage":21,"enemies":"Slavers","floor":24,"turns":5},{"damage":14,"enemies":"Snake Plant","floor":27,"turns":3},{"damage":2,"enemies":"Centurion and Healer","floor":29,"turns":6},{"damage":0,"enemies":"Colosseum Slavers","floor":31,"turns":3},{"damage":7,"enemies":"Colosseum Nobs","floor":31,"turns":4},{"damage":18,"enemies":"Champ","floor":33,"turns":9},{"damage":31,"enemies":"3 Darklings","floor":35,"turns":4},{"damage":3,"enemies":"Orb Walker","floor":37,"turns":3},{"damage":30,"enemies":"Jaw Worm Horde","floor":41,"turns":3},{"damage":0,"enemies":"Mind Bloom Boss Battle","floor":45,"turns":4},{"damage":0,"enemies":"Transient","floor":47,"turns":5},{"damage":0,"enemies":"Spire Growth","floor":48,"turns":3},{"damage":47,"enemies":"Time Eater","floor":50,"turns":10}],"seed_played":"8891867825426856797","potions_obtained":[{"floor":1,"key":"AttackPotion"},{"floor":10,"key":"EntropicBrew"},{"floor":10,"key":"SteroidPotion"},{"floor":10,"key":"BloodPotion"},{"floor":11,"key":"PowerPotion"},{"floor":18,"key":"Poison Potion"},{"floor":24,"key":"GamblersBrew"},{"floor":29,"key":"Regen Potion"},{"floor":31,"key":"FearPotion"},{"floor":35,"key":"AttackPotion"},{"floor":41,"key":"GamblersBrew"},{"floor":48,"key":"BloodPotion"}],"is_trial":false,"path_per_floor":["?","M","?","?","M","?","?","?","M","T","?","?","?","M","?"],"character_chosen":"IRONCLAD","items_purchased":["Membership Card","Shrug It Off+1","Molten Egg 2","Question Card","Metallicize","Gremlin Horn"],"campfire_rested":5,"item_purchase_floors":[19,30,30,38,46,46],"current_hp_per_floor":[79,79,80,80,74,53,74,59,59,59,59,59,65,50,72,56,74,74,74,74,74,74,74,59,59,69,61,61,65,65,70,84,75,84,62,62,68,68,68,84,63,84,84,84,84,84,84,84,84,46],"gold":114,"neow_bonus":"RANDOM_COMMON_RELIC","is_prod":false,"is_daily":false,"chose_seed":false,"campfire_upgraded":5,"win_rate":0,"timestamp":1549664650,"path_taken":["M","?","M","?","?","E","R","M","T","?","M","R","?","?","R","BOSS","M","$","?","M","?","R","E","R","T","?","?","M","$","?","R","BOSS","M","?","M","$","?","R","?","R","T","R","?","$","M","M","R","BOSS"],"build_version":"2019-01-23","purchased_purges":4,"victory":true,"max_hp_per_floor":[80,80,80,80,74,74,74,74,74,74,74,74,74,74,74,74,74,74,74,74,74,74,74,74,74,84,84,84,84,84,84,84,84,84,84,84,84,84,84,84,84,84,84,84,84,84,84,84,84,84],"card_choices":[{"not_picked":["Dual Wield","Seeing Red","Anger"],"picked":"SKIP","floor":1},{"not_picked":["Headbutt","Sword Boomerang"],"picked":"Shrug It Off","floor":3},{"not_picked":["Clash","Fire Breathing"],"picked":"Shrug It Off","floor":4},{"not_picked":["Twin Strike","Intimidate","Infernal Blade"],"picked":"SKIP","floor":6},{"not_picked":["Shrug It Off","Iron Wave"],"picked":"Body Slam","floor":8},{"not_picked":["Headbutt","Wild Strike"],"picked":"Armaments","floor":11},{"not_picked":["Combust","Searing Blow"],"picked":"Shrug It Off","floor":13},{"not_picked":["Reaper","Offering"],"picked":"Juggernaut","floor":16},{"not_picked":["Evolve+1","Clash","Thunderclap"],"picked":"SKIP","floor":18},{"not_picked":["Disarm","Sword Boomerang","Heavy Blade"],"picked":"SKIP","floor":21},{"not_picked":["Feed","Carnage","Rage"],"picked":"SKIP","floor":24},{"not_picked":["Sever Soul","Cleave+1","Pommel Strike"],"picked":"SKIP","floor":27},{"not_picked":["Sword Boomerang","Flex+1","True Grit+1"],"picked":"SKIP","floor":29},{"not_picked":["Headbutt+1","Carnage+1"],"picked":"Shrug It Off+1","floor":35},{"not_picked":["Carnage+1","Sever Soul+1","Iron Wave+1"],"picked":"SKIP","floor":37},{"not_picked":["Sword Boomerang+1","Clothesline+1","Wild Strike+1","Clash+1"],"picked":"SKIP","floor":41},{"not_picked":["Wild Strike+1","Corruption","Cleave+1","Rampage+1"],"picked":"SKIP","floor":47},{"not_picked":["Bloodletting+1","Warcry+1","Bludgeon+1","Disarm+1"],"picked":"SKIP","floor":48}],"player_experience":131633,"relics_obtained":[{"floor":6,"key":"Letter Opener"},{"floor":9,"key":"Sundial"},{"floor":24,"key":"Toxic Egg 2"},{"floor":26,"key":"Pear"},{"floor":28,"key":"Bottled Flame"},{"floor":31,"key":"Magic Flower"},{"floor":31,"key":"Matryoshka"},{"floor":43,"key":"Bronze Scales"},{"floor":43,"key":"Mummified Hand"},{"floor":45,"key":"Ginger"}],"event_choices":[{"damage_healed":0,"gold_gain":0,"player_choice":"Paid Gold","damage_taken":0,"relics_obtained":["Self Forming Clay"],"max_hp_gain":0,"max_hp_loss":0,"event_name":"WeMeetAgain","floor":2,"gold_loss":58},{"damage_healed":0,"gold_gain":0,"player_choice":"Lose Max HP","damage_taken":0,"relics_obtained":["Golden Idol"],"max_hp_gain":0,"max_hp_loss":6,"event_name":"Golden Idol","floor":5,"gold_loss":0},{"damage_healed":0,"gold_gain":0,"player_choice":"Got Potions","damage_taken":0,"max_hp_gain":0,"max_hp_loss":0,"event_name":"Lab","floor":10,"gold_loss":0},{"damage_healed":0,"gold_gain":0,"player_choice":"Entered Light","damage_taken":15,"max_hp_gain":0,"max_hp_loss":0,"event_name":"Shining Light","floor":14,"gold_loss":0,"cards_upgraded":["Bash","Defend_R"]},{"cards_removed":["Strike_R"],"damage_healed":0,"gold_gain":0,"player_choice":"Elegance","damage_taken":0,"max_hp_gain":0,"max_hp_loss":0,"event_name":"Back to Basics","floor":20,"gold_loss":0},{"damage_healed":0,"gold_gain":99,"player_choice":"Stole From Cult","damage_taken":0,"max_hp_gain":0,"max_hp_loss":0,"event_name":"Nest","floor":22,"gold_loss":0},{"damage_healed":0,"gold_gain":0,"player_choice":"Fight","damage_taken":0,"max_hp_gain":0,"max_hp_loss":0,"event_name":"Colosseum","floor":31,"gold_loss":0},{"damage_healed":0,"gold_gain":0,"player_choice":"Fought Nobs","damage_taken":0,"max_hp_gain":0,"max_hp_loss":0,"event_name":"Colosseum","floor":31,"gold_loss":0},{"cards_removed":["Strike_R"],"damage_healed":0,"gold_gain":0,"player_choice":"Removed Attack","damage_taken":0,"max_hp_gain":0,"max_hp_loss":0,"event_name":"Falling","floor":36,"gold_loss":0},{"damage_healed":0,"gold_gain":0,"player_choice":"Forge","damage_taken":0,"max_hp_gain":0,"max_hp_loss":0,"event_name":"Accursed Blacksmith","floor":39,"gold_loss":0,"cards_upgraded":["Shrug It Off"]},{"damage_healed":0,"gold_gain":0,"player_choice":"Fight","damage_taken":0,"max_hp_gain":0,"max_hp_loss":0,"event_name":"MindBloom","floor":45,"gold_loss":0}],"is_beta":false,"boss_relics":[{"not_picked":["Runic Pyramid","Velvet Choker"],"picked":"Philosopher\u0027s Stone"},{"not_picked":["Busted Crown","Coffee Dripper"],"picked":"Empty Cage"}],"items_purged_floors":[19,30,38,46],"is_endless":false,"potions_floor_spawned":[1,11,13,18,24,29,31,35,41,47,48],"ascension_level":4}