{"gold_per_floor":[118,130,143,45,45,45,79,79,158,177,177,195,195,239,239,239],"floor_reached":16,"playtime":719,"items_purged":[],"score":160,"play_id":"6cce0de4-2c39-452c-922d-aaaf9240a1bf","local_time":"20181108003250","is_ascension_mode":true,"campfire_choices":[{"data":"1","floor":6.0,"key":"LIFT"},{"data":"2","floor":11.0,"key":"LIFT"},{"floor":15.0,"key":"REST"}],"neow_cost":"CURSE","seed_source_timestamp":3032321729542677,"circlet_count":0,"master_deck":["Strike_R","Strike_R","Strike_R","Strike_R","Strike_R","Defend_R","Defend_R","Defend_R","Defend_R","Bash","Flame Barrier","Dual Wield","Pommel Strike","Trip","Carnage","Berserk","Injury","Double Tap","Spot Weakness"],"special_seed":0,"relics":["Burning Blood","Girya","Dream Catcher","Blue Candle","Golden Idol","Letter Opener"],"potions_floor_usage":[16],"damage_taken":[{"damage":7.0,"enemies":"Small Slimes","floor":1.0,"turns":4.0},{"damage":0.0,"enemies":"Cultist","floor":2.0,"turns":4.0},{"damage":1.0,"enemies":"2 Louse","floor":3.0,"turns":4.0},{"damage":35.0,"enemies":"Lagavulin","floor":7.0,"turns":7.0},{"damage":25.0,"enemies":"2 Fungi Beasts","floor":10.0,"turns":4.0},{"damage":9.0,"enemies":"Large Slime","floor":12.0,"turns":9.0},{"damage":30.0,"enemies":"3 Sentries","floor":14.0,"turns":9.0},{"damage":51,"enemies":"The Guardian","floor":16,"turns":9}],"seed_played":"7204230312536520491","potions_obtained":[{"floor":1.0,"key":"Regen Potion"},{"floor":3.0,"key":"Weak Potion"},{"floor":7.0,"key":"GamblersBrew"},{"floor":10.0,"key":"Swift Potion"},{"floor":14.0,"key":"Ancient Potion"}],"is_trial":false,"path_per_floor":["M","M","M","$","?","R","E","?","T","M","R","M","?","E","R","B"],"character_chosen":"IRONCLAD","items_purchased":["Trip"],"campfire_rested":1,"item_purchase_floors":[4],"current_hp_per_floor":[71,77,80,80,85,85,56,56,56,37,37,49,49,25,50,0],"gold":239,"neow_bonus":"ONE_RARE_RELIC","is_prod":false,"is_daily":false,"chose_seed":false,"campfire_upgraded":0,"win_rate":0,"timestamp":1541662370,"path_taken":["M","M","M","$","?","R","E","?","T","?","R","M","?","E","R","BOSS"],"build_version":"2018-11-01","purchased_purges":0,"victory":false,"max_hp_per_floor":[80,80,80,80,85,85,85,85,85,85,85,85,85,85,85,85],"card_choices":[{"not_picked":["Pommel Strike","Flex"],"picked":"Flame Barrier","floor":1.0},{"not_picked":["Shrug It Off","Heavy Blade"],"picked":"Dual Wield","floor":2.0},{"not_picked":["Sever Soul","Warcry"],"picked":"Pommel Strike","floor":3.0},{"not_picked":["Fiend Fire","Perfected Strike"],"picked":"Carnage","floor":7.0},{"not_picked":["Clash","Sever Soul","Iron Wave"],"picked":"SKIP","floor":10.0},{"not_picked":["Wild Strike","Iron Wave"],"picked":"Berserk","floor":12.0},{"not_picked":["Anger","Impervious"],"picked":"Double Tap","floor":14.0},{"not_picked":["Iron Wave","Thunderclap"],"picked":"Spot Weakness","floor":15.0}],"player_experience":562730,"relics_obtained":[{"floor":7.0,"key":"Dream Catcher"},{"floor":9.0,"key":"Blue Candle"},{"floor":14.0,"key":"Letter Opener"}],"event_choices":[{"damage_healed":0.0,"max_hp_gain":5.0,"max_hp_loss":0.0,"gold_gain":0.0,"event_name":"Big Fish","player_choice":"Donut","floor":5.0,"gold_loss":0.0,"damage_taken":0.0},{"cards_removed":["Clumsy"],"damage_healed":0.0,"max_hp_gain":0.0,"max_hp_loss":0.0,"gold_gain":0.0,"event_name":"Fountain of Cleansing","player_choice":"Removed Curses","floor":8.0,"gold_loss":0.0,"damage_taken":0.0},{"damage_healed":0.0,"max_hp_gain":0.0,"max_hp_loss":0.0,"gold_gain":0.0,"event_name":"Golden Idol","player_choice":"Take Wound","floor":13.0,"gold_loss":0.0,"damage_taken":0.0,"relics_obtained":["Golden Idol"],"cards_obtained":["Injury"]}],"is_beta":false,"boss_relics":[],"items_purged_floors":[],"is_endless":false,"potions_floor_spawned":[1,3,7,10,14],"killed_by":"The Guardian","ascension_level":9}