{"gold_per_floor":[15,15,27,40,53,79,97,130,160,175,188,207,241,262,262,262],"floor_reached":16,"playtime":3018,"items_purged":[],"score":176,"play_id":"6e45b70a-60ff-45db-9f90-c139714ce784","local_time":"20180628113206","is_ascension_mode":false,"campfire_choices":[{"data":"Inflame","floor":15,"key":"SMITH"}],"neow_cost":"NO_GOLD","seed_source_timestamp":152251407132479,"circlet_count":0,"master_deck":["Strike_R","Strike_R","Strike_R","Strike_R","Strike_R","Defend_R","Defend_R","Defend_R","Defend_R","Bash","Shrug It Off","Flame Barrier","Anger","Flex","Offering","Twin Strike","Armaments","Body Slam","Iron Wave","Dark Embrace","Uppercut","Inflame+1"],"special_seed":17710,"relics":["Burning Blood","Calipers","Strawberry","Torii","Tiny Chest","Lantern","Odd Mushroom"],"potions_floor_usage":[3,8,8,13,16,16],"damage_taken":[{"damage":5,"enemies":"Jaw Worm","floor":1,"turns":4},{"damage":3,"enemies":"Cultist","floor":3,"turns":5},{"damage":5,"enemies":"Small Slimes","floor":4,"turns":4},{"damage":6,"enemies":"3 Louse","floor":5,"turns":4},{"damage":20,"enemies":"Lagavulin","floor":6,"turns":8},{"damage":0,"enemies":"Large Slime","floor":7,"turns":8},{"damage":6,"enemies":"3 Sentries","floor":8,"turns":7},{"damage":8,"enemies":"Blue Slaver","floor":10,"turns":4},{"damage":8,"enemies":"Gremlin Gang","floor":11,"turns":6},{"damage":1,"enemies":"2 Fungi Beasts","floor":12,"turns":5},{"damage":27,"enemies":"Lagavulin","floor":13,"turns":8},{"damage":16,"floor":14,"turns":5}],"seed_played":"1732319958382213108","potions_obtained":[{"floor":2,"key":"Swift Potion"},{"floor":2,"key":"Block Potion"},{"floor":2,"key":"Fruit Juice"},{"floor":3,"key":"Fire Potion"},{"floor":5,"key":"Fire Potion"},{"floor":6,"key":"Energy Potion"},{"floor":10,"key":"FearPotion"},{"floor":11,"key":"Dexterity Potion"},{"floor":13,"key":"PowerPotion"}],"is_trial":false,"path_per_floor":["M","?","M","M","M","E","M","E","T","M","M","M","E","?","R"],"character_chosen":"IRONCLAD","items_purchased":[],"campfire_rested":0,"item_purchase_floors":[],"current_hp_per_floor":[80,80,85,85,85,78,84,84,84,82,80,85,64,54,54,0],"gold":262,"neow_bonus":"ONE_RARE_RELIC","is_prod":false,"is_daily":false,"chose_seed":false,"campfire_upgraded":1,"win_rate":0.0,"timestamp":1530207126,"path_taken":["M","?","M","M","M","E","M","E","T","M","?","M","E","?","R","BOSS"],"build_version":"2018-06-21v2","purchased_purges":0,"victory":false,"max_hp_per_floor":[80,80,85,85,85,92,92,92,92,92,92,92,92,92,92,92],"card_choices":[{"not_picked":["Burning Pact","Power Through"],"picked":"Shrug It Off","floor":1},{"not_picked":["Sever Soul","Burning Pact"],"picked":"Flame Barrier","floor":3},{"not_picked":["Shrug It Off","Iron Wave"],"picked":"Anger","floor":4},{"not_picked":["Pommel Strike","Intimidate"],"picked":"Flex","floor":5},{"not_picked":["Carnage","Pommel Strike"],"picked":"Offering","floor":6},{"not_picked":["Warcry","Clothesline"],"picked":"Twin Strike","floor":7},{"not_picked":["Twin Strike","Heavy Blade"],"picked":"Armaments","floor":8},{"not_picked":["Flex","Anger"],"picked":"Body Slam","floor":10},{"not_picked":["Twin Strike","Headbutt"],"picked":"Iron Wave","floor":11},{"not_picked":["Flex","Power Through"],"picked":"Dark Embrace","floor":12},{"not_picked":["Perfected Strike","Warcry"],"picked":"Uppercut","floor":13},{"not_picked":["Warcry","Iron Wave"],"picked":"Inflame","floor":14}],"player_experience":40614,"relics_obtained":[{"floor":6,"key":"Strawberry"},{"floor":8,"key":"Torii"},{"floor":9,"key":"Tiny Chest"},{"floor":13,"key":"Lantern"},{"floor":14,"key":"Odd Mushroom"}],"event_choices":[{"event_name":"The Lab","player_choice":"Got Potions","floor":2,"damage_taken":0},{"event_name":"Mushrooms","player_choice":"Fought Mushrooms","floor":14,"damage_taken":0}],"boss_relics":[],"items_purged_floors":[],"is_endless":false,"potions_floor_spawned":[3,5,6,10,11,13,14],"killed_by":"The Guardian","ascension_level":0}