{"gold_per_floor":[213,42,42,55,1,1,1,26,53,53,81,81,98,113,113,216,216,230,241,92,92,92,92,92,92,92,121,132,152,152],"floor_reached":30,"playtime":1110,"items_purged":["Strike_G","Strike_G"],"score":269,"play_id":"2ee87395-1d32-45d1-95b8-b300a0bd6dfa","local_time":"20190308145049","is_ascension_mode":true,"campfire_choices":[{"data":"Neutralize","floor":6,"key":"SMITH"},{"floor":10,"key":"REST"},{"floor":15,"key":"REST"},{"floor":23,"key":"REST"},{"data":"Burst","floor":25,"key":"SMITH"}],"neow_cost":"NONE","seed_source_timestamp":260983983992000,"circlet_count":0,"master_deck":["Defend_G","Defend_G","Defend_G","Strike_G","Strike_G","Survivor","Neutralize+1","Finisher","Quick Slash","Slice","Deadly Poison","Quick Slash","Poisoned Stab","Footwork","Crippling Poison","Crippling Poison","Burst+1","Catalyst+1","Expertise+1","Venomology+1","Crippling Poison+1","Bane","Deadly Poison","Swift Strike","Bouncing Flask","Deflect"],"relics":["Ring of the Snake","Letter Opener","Bottled Lightning","Astrolabe","Mummified Hand","Matryoshka"],"potions_floor_usage":[14,16,27,27,28],"damage_taken":[{"damage":0,"enemies":"Jaw Worm","floor":1,"turns":4},{"damage":0,"enemies":"Cultist","floor":4,"turns":2},{"damage":12,"enemies":"Gremlin Nob","floor":8,"turns":3},{"damage":27,"enemies":"Lagavulin","floor":11,"turns":6},{"damage":7,"enemies":"2 Louse","floor":13,"turns":2},{"damage":6,"enemies":"Lots of Slimes","floor":14,"turns":4},{"damage":29,"enemies":"The Guardian","floor":16,"turns":10},{"damage":19,"enemies":"Shell Parasite","floor":18,"turns":5},{"damage":0,"enemies":"3 Byrds","floor":19,"turns":3},{"damage":30,"enemies":"Slavers","floor":27,"turns":5},{"damage":28,"enemies":"Centurion and Healer","floor":28,"turns":6},{"damage":8,"enemies":"Snecko","floor":29,"turns":3},{"damage":17,"enemies":"Cultist and Chosen","floor":30,"turns":4}],"seed_played":"707272324550683428","potions_obtained":[{"floor":1,"key":"Block Potion"},{"floor":8,"key":"Regen Potion"},{"floor":13,"key":"FairyPotion"}],"is_trial":false,"path_per_floor":["?","$","?","$","?","?","M"],"character_chosen":"THE_SILENT","items_purchased":["Quick Slash","Slice","Poisoned Stab","Deadly Poison"],"campfire_rested":3,"item_purchase_floors":[2,2,5,20],"current_hp_per_floor":[70,70,70,70,70,70,63,51,51,70,43,43,36,30,51,37,70,51,51,51,51,37,58,58,58,58,28,15,7,0],"gold":152,"neow_bonus":"HUNDRED_GOLD","is_prod":false,"is_daily":false,"chose_seed":false,"campfire_upgraded":2,"win_rate":0,"timestamp":1552053049,"path_taken":["M","$","?","M","?","R","?","E","T","R","E","$","M","M","R","BOSS","M","M","?","?","?","R","$","R","T","E","M","?","M"],"build_version":"2019-01-23","purchased_purges":2,"victory":false,"max_hp_per_floor":[70,70,70,70,70,70,70,70,70,70,70,70,70,70,70,70,70,70,70,70,70,70,70,70,70,70,70,70,70,70],"card_choices":[{"not_picked":["Catalyst","Endless Agony"],"picked":"Finisher","floor":1},{"not_picked":["Outmaneuver","Dagger Throw"],"picked":"Quick Slash","floor":4},{"not_picked":["Finisher","All Out Attack","Quick Slash"],"picked":"SKIP","floor":8},{"not_picked":["Prepared","Outmaneuver"],"picked":"Footwork","floor":11},{"not_picked":["Unload","Outmaneuver"],"picked":"Crippling Poison","floor":13},{"not_picked":["Concentrate","Deflect"],"picked":"Crippling Poison","floor":14},{"not_picked":["After Image","Unload"],"picked":"Burst","floor":16},{"not_picked":["Deflect","Skewer+1"],"picked":"Crippling Poison+1","floor":18},{"not_picked":["Masterful Stab+1","Backflip"],"picked":"Bane","floor":19},{"not_picked":["Doppelganger","Quick Slash+1","Dagger Spray+1"],"picked":"SKIP","floor":27},{"not_picked":["Flying Knee","Slice+1"],"picked":"Bouncing Flask","floor":28},{"not_picked":["Outmaneuver","Dash"],"picked":"Deflect","floor":29}],"player_experience":176376,"relics_obtained":[{"floor":8,"key":"Letter Opener"},{"floor":11,"key":"Bottled Lightning"},{"floor":26,"key":"Mummified Hand"},{"floor":27,"key":"Matryoshka"}],"event_choices":[{"damage_healed":0,"gold_gain":0,"player_choice":"1 cards matched","damage_taken":0,"max_hp_gain":0,"max_hp_loss":0,"event_name":"Match and Keep!","floor":3,"gold_loss":0,"cards_obtained":["Deadly Poison"]},{"damage_healed":0,"gold_gain":0,"player_choice":"1 cards matched","damage_taken":0,"max_hp_gain":0,"max_hp_loss":0,"event_name":"Match and Keep!","floor":3,"gold_loss":0,"cards_obtained":["Deadly Poison"]},{"damage_healed":0,"gold_gain":0,"player_choice":"Damaged","damage_taken":7,"max_hp_gain":0,"max_hp_loss":0,"event_name":"Wheel of Change","floor":7,"gold_loss":0},{"damage_healed":0,"gold_gain":0,"player_choice":"Ignored","damage_taken":0,"max_hp_gain":0,"max_hp_loss":0,"event_name":"Ghosts","floor":21,"gold_loss":0},{"damage_healed":0,"gold_gain":0,"player_choice":"CARD ","damage_taken":14,"max_hp_gain":0,"max_hp_loss":0,"event_name":"Knowing Skull","floor":22,"potions_obtained":[],"gold_loss":0,"cards_obtained":["Swift Strike"]}],"is_beta":false,"boss_relics":[{"not_picked":["White Beast Statue","Snecko Eye"],"picked":"Astrolabe"}],"items_purged_floors":[2,20],"is_endless":false,"potions_floor_spawned":[1,8,13,19],"killed_by":"Cultist and Chosen","ascension_level":1}