{"gold_per_floor":[219,219,232,232,82,111,66,66,66,94,46,46,77,91,91,190,190,200,250,265,265],"floor_reached":21,"playtime":682,"items_purged":["Regret"],"score":244,"play_id":"cc21c619-52af-44f2-8e94-98da38a9635c","local_time":"20190315194827","is_ascension_mode":true,"campfire_choices":[{"floor":8,"key":"REST"},{"floor":15,"key":"REST"}],"neow_cost":"NONE","seed_source_timestamp":69610128332774,"circlet_count":0,"master_deck":["Strike_R","Strike_R","Strike_R","Strike_R","Defend_R","Defend_R","Defend_R","Defend_R","Bash","Thunderclap","Twin Strike","Armaments","Pommel Strike","Dark Embrace","Havoc","Flame Barrier","Flex","Sword Boomerang","Heavy Blade","Impervious","True Grit+1"],"relics":["Black Blood","Red Skull","Pear","Bottled Tornado","Vajra","Gambling Chip"],"potions_floor_usage":[10,16],"damage_taken":[{"damage":5,"enemies":"Small Slimes","floor":1,"turns":4},{"damage":26,"enemies":"Jaw Worm","floor":3,"turns":5},{"damage":32,"enemies":"Gremlin Nob","floor":6,"turns":4},{"damage":35,"enemies":"Lagavulin","floor":10,"turns":8},{"damage":25,"enemies":"3 Sentries","floor":13,"turns":6},{"damage":0,"enemies":"2 Louse","floor":14,"turns":1},{"damage":61,"enemies":"The Guardian","floor":16,"turns":10},{"damage":22,"enemies":"3 Byrds","floor":18,"turns":4},{"damage":31,"enemies":"Spheric Guardian","floor":20,"turns":6},{"damage":50,"enemies":"3 Cultists","floor":21,"turns":4}],"seed_played":"-3442804519084637503","potions_obtained":[{"floor":1,"key":"Regen Potion"},{"floor":6,"key":"LiquidBronze"},{"floor":10,"key":"SmokeBomb"}],"is_trial":false,"path_per_floor":["?","?","$","?","M","?","M"],"character_chosen":"IRONCLAD","items_purchased":["Armaments","Pommel Strike","Havoc","Flex"],"campfire_rested":2,"item_purchase_floors":[5,5,7,11],"current_hp_per_floor":[80,80,60,60,60,44,44,71,71,51,51,51,32,38,65,10,70,58,58,37,0],"gold":265,"neow_bonus":"HUNDRED_GOLD","is_prod":false,"is_daily":false,"chose_seed":false,"campfire_upgraded":0,"win_rate":0,"timestamp":1552675707,"path_taken":["M","?","M","?","$","E","$","R","T","E","?","?","E","?","R","BOSS","M","?","?","M"],"build_version":"2019-01-23","purchased_purges":1,"victory":false,"max_hp_per_floor":[80,80,80,80,80,90,90,90,90,90,90,90,90,90,90,90,90,90,90,90,90],"card_choices":[{"not_picked":["Perfected Strike","Headbutt"],"picked":"Thunderclap","floor":1},{"not_picked":["Warcry","Perfected Strike"],"picked":"Twin Strike","floor":3},{"not_picked":["Infernal Blade","Clothesline"],"picked":"Dark Embrace","floor":6},{"not_picked":["Heavy Blade","Warcry"],"picked":"Flame Barrier","floor":10},{"not_picked":["Clash","Dual Wield","Uppercut"],"picked":"SKIP","floor":13},{"not_picked":["Dual Wield","Thunderclap"],"picked":"Heavy Blade","floor":14},{"not_picked":["Double Tap","Fiend Fire"],"picked":"Impervious","floor":16},{"not_picked":["Anger+1","Wild Strike"],"picked":"True Grit+1","floor":18},{"not_picked":["Cleave","Entrench+1","Perfected Strike+1"],"picked":"SKIP","floor":20}],"player_experience":324478,"relics_obtained":[{"floor":6,"key":"Pear"},{"floor":9,"key":"Bottled Tornado"},{"floor":10,"key":"Vajra"},{"floor":13,"key":"Gambling Chip"}],"event_choices":[{"damage_healed":0,"gold_gain":0,"player_choice":"Box","damage_taken":0,"relics_obtained":["Red Skull"],"max_hp_gain":0,"max_hp_loss":0,"event_name":"Big Fish","floor":2,"gold_loss":0,"cards_obtained":["Regret"]},{"damage_healed":0,"gold_gain":0,"player_choice":"Ignored","damage_taken":0,"max_hp_gain":0,"max_hp_loss":0,"event_name":"Golden Wing","floor":4,"gold_loss":0},{"damage_healed":0,"gold_gain":0,"cards_transformed":["Strike_R"],"player_choice":"Change","damage_taken":0,"max_hp_gain":0,"max_hp_loss":0,"event_name":"Living Wall","floor":12,"gold_loss":0,"cards_obtained":["Sword Boomerang"]},{"damage_healed":0,"gold_gain":100,"player_choice":"Bet on Murderer","damage_taken":0,"max_hp_gain":0,"max_hp_loss":0,"event_name":"The Joust","floor":19,"gold_loss":50}],"is_beta":false,"boss_relics":[{"not_picked":["Black Star","Runic Dome"],"picked":"Black Blood"}],"items_purged_floors":[5],"is_endless":false,"potions_floor_spawned":[1,6,10],"killed_by":"3 Cultists","ascension_level":5}