{"gold_per_floor":[115,128,148,161,181,213,213,248,248,261,274,274,274,274,274,274],"floor_reached":16,"playtime":677,"items_purged":[],"score":171,"play_id":"be986348-409b-4aae-b0ea-a7018b3b4dc0","local_time":"20190320171143","is_ascension_mode":true,"campfire_choices":[{"floor":7,"key":"REST"},{"floor":13,"key":"REST"},{"floor":15,"key":"REST"}],"neow_cost":"NONE","seed_source_timestamp":492217161390967,"circlet_count":0,"master_deck":["AscendersBane","Strike_R","Strike_R","Strike_R","Strike_R","Strike_R","Defend_R+1","Defend_R","Defend_R","Defend_R+1","Bash","Headbutt","Cleave","Corruption","Dual Wield","Infernal Blade","Rage","Sword Boomerang","Disarm","Iron Wave"],"relics":["Burning Blood","Pen Nib","War Paint","Happy Flower","Magic Flower","Golden Idol","Frozen Egg 2"],"potions_floor_usage":[6,16],"damage_taken":[{"damage":1,"enemies":"Cultist","floor":1,"turns":3},{"damage":4,"enemies":"Jaw Worm","floor":2,"turns":4},{"damage":2,"enemies":"2 Louse","floor":3,"turns":3},{"damage":28,"enemies":"Large Slime","floor":4,"turns":7},{"damage":0,"enemies":"Exordium Wildlife","floor":5,"turns":2},{"damage":30,"enemies":"Gremlin Nob","floor":6,"turns":4},{"damage":43,"enemies":"Lagavulin","floor":8,"turns":9},{"damage":0,"enemies":"Lots of Slimes","floor":10,"turns":1},{"damage":5,"enemies":"Looter","floor":11,"turns":3},{"damage":71,"enemies":"Slime Boss","floor":16,"turns":11}],"seed_played":"5200015730979117009","potions_obtained":[{"floor":2,"key":"GamblersBrew"},{"floor":5,"key":"AttackPotion"},{"floor":8,"key":"SpeedPotion"}],"is_trial":false,"path_per_floor":["M","?","?"],"character_chosen":"IRONCLAD","items_purchased":[],"campfire_rested":3,"item_purchase_floors":[],"current_hp_per_floor":[77,79,80,58,64,40,64,27,27,36,40,40,62,44,66,0],"gold":274,"neow_bonus":"RANDOM_COMMON_RELIC","is_prod":false,"is_daily":false,"chose_seed":false,"campfire_upgraded":0,"win_rate":0,"timestamp":1553098303,"path_taken":["M","M","M","?","M","E","R","E","T","M","M","?","R","?","R","BOSS"],"build_version":"2019-01-23","purchased_purges":0,"victory":false,"max_hp_per_floor":[80,80,80,80,80,80,80,80,80,80,80,74,74,74,74,74],"card_choices":[{"not_picked":["Wild Strike","Twin Strike"],"picked":"Headbutt","floor":1},{"not_picked":["Twin Strike","Headbutt"],"picked":"Cleave","floor":2},{"not_picked":["Uppercut","Twin Strike"],"picked":"Corruption","floor":3},{"not_picked":["Wild Strike","Heavy Blade"],"picked":"Dual Wield","floor":4},{"not_picked":["Reaper","Cleave"],"picked":"Infernal Blade","floor":5},{"not_picked":["True Grit","Wild Strike"],"picked":"Rage","floor":6},{"not_picked":["Twin Strike","Combust"],"picked":"Sword Boomerang","floor":8},{"not_picked":["Wild Strike","Warcry"],"picked":"Disarm","floor":10},{"not_picked":["Hemokinesis","Anger"],"picked":"Iron Wave","floor":11}],"player_experience":434009,"relics_obtained":[{"floor":6,"key":"War Paint"},{"floor":8,"key":"Happy Flower"},{"floor":9,"key":"Magic Flower"}],"event_choices":[{"damage_healed":0,"gold_gain":0,"player_choice":"Lose Max HP","damage_taken":0,"relics_obtained":["Golden Idol"],"max_hp_gain":0,"max_hp_loss":6,"event_name":"Golden Idol","floor":12,"gold_loss":0},{"damage_healed":0,"gold_gain":0,"player_choice":"Success","damage_taken":18,"relics_obtained":["Frozen Egg 2"],"max_hp_gain":0,"max_hp_loss":0,"event_name":"Scrap Ooze","floor":14,"gold_loss":0}],"is_beta":false,"boss_relics":[],"items_purged_floors":[],"is_endless":false,"potions_floor_spawned":[2,5,8],"killed_by":"Slime Boss","ascension_level":10}