{"gold_per_floor":[109,127,142,14,26,26,46,58,58,58,58,92,106,106,106,205,205,220,220,235,25,25,25,37,50,50,50,50,70,89,89],"floor_reached":31,"playtime":1145,"items_purged":["Strike_B"],"score":241,"play_id":"997adda0-3f8a-4543-8a33-6c56067a69e4","local_time":"20180806223653","is_ascension_mode":false,"campfire_choices":[{"data":"Zap","floor":6.0,"key":"SMITH"},{"data":"Beam Cell","floor":10.0,"key":"SMITH"},{"data":"Go for the Eyes","floor":15.0,"key":"SMITH"},{"data":"Panache","floor":23,"key":"SMITH"}],"neow_cost":"NONE","seed_source_timestamp":1979946075534305,"circlet_count":0,"master_deck":["Strike_B","Strike_B","Strike_B","Defend_B","Defend_B","Defend_B","Defend_B","Zap+1","Dualcast","Go for the Eyes+1","Ball Lightning","Rip and Tear","Streamline","Coolheaded","Genetic Algorithm","Beam Cell+1","Thunder Strike","Coolheaded","Meteor Strike","Sunder","Hologram","Panache+1","Auto Shields+1","Core Surge","Skim"],"special_seed":0,"relics":["Velvet Choker"],"potions_floor_usage":[24],"damage_taken":[{"damage":1.0,"enemies":"Cultist","floor":1.0,"turns":3.0},{"damage":0.0,"enemies":"Small Slimes","floor":2.0,"turns":4.0},{"damage":11.0,"enemies":"Jaw Worm","floor":3.0,"turns":4.0},{"damage":0.0,"enemies":"2 Fungi Beasts","floor":5.0,"turns":3.0},{"damage":2.0,"enemies":"Blue Slaver","floor":7.0,"turns":2.0},{"damage":6.0,"enemies":"Red Slaver","floor":8.0,"turns":2.0},{"damage":8.0,"enemies":"Gremlin Nob","floor":12.0,"turns":3.0},{"damage":3.0,"enemies":"Exordium Wildlife","floor":13.0,"turns":2.0},{"damage":16.0,"enemies":"The Guardian","floor":16.0,"turns":9.0},{"damage":19.0,"enemies":"3 Byrds","floor":18.0,"turns":6.0},{"damage":9.0,"enemies":"Chosen","floor":20.0,"turns":5.0},{"damage":4.0,"floor":22.0,"turns":3.0},{"damage":17,"enemies":"Slaver and Parasite","floor":24,"turns":4},{"damage":5,"enemies":"Chosen and Byrds","floor":25,"turns":6},{"damage":12,"enemies":"Centurion and Healer","floor":29,"turns":6},{"damage":16,"enemies":"Slaver and Parasite","floor":30,"turns":6},{"damage":18,"enemies":"Snake Plant","floor":31,"turns":3}],"seed_played":"-1828682602666814990","potions_obtained":[{"floor":2.0,"key":"SkillPotion"},{"floor":5.0,"key":"Explosive Potion"},{"floor":7.0,"key":"EssenceOfSteel"},{"floor":13.0,"key":"GamblersBrew"},{"floor":19.0,"key":"FocusPotion"},{"floor":19.0,"key":"Explosive Potion"},{"floor":19.0,"key":"SneckoOil"},{"floor":20.0,"key":"Energy Potion"}],"is_trial":false,"path_per_floor":["M","M","M","$","M","R","M","M","T","R","?","E","M","T","R","B",null,"M","?","M","$","?","R","M","M","T","$","?","M","M"],"character_chosen":"DEFECT","items_purchased":["Streamline","Panache"],"campfire_rested":0,"item_purchase_floors":[4,21],"current_hp_per_floor":[74,74,63,63,63,63,61,55,55,55,55,47,44,44,44,28,75,56,56,47,47,43,43,26,21,21,21,46,34,18,0],"gold":89,"neow_bonus":"BOSS_RELIC","is_prod":false,"is_daily":false,"chose_seed":false,"campfire_upgraded":4,"win_rate":0,"timestamp":1533616613,"path_taken":["M","M","M","$","M","R","M","?","T","R","?","E","?","?","R","BOSS","M","?","M","$","?","R","M","?","T","$","?","M","?","M"],"build_version":"2018-08-02","purchased_purges":1,"victory":false,"max_hp_per_floor":[75,75,75,75,75,75,75,75,75,75,75,75,75,75,75,75,75,75,75,75,75,75,75,75,75,75,75,75,75,75,75],"card_choices":[{"not_picked":["Loop","Barrage"],"picked":"Go for the Eyes","floor":1.0},{"not_picked":["Gash","Coolheaded"],"picked":"Ball Lightning","floor":2.0},{"not_picked":["Aggregate","Compile Driver"],"picked":"Rip and Tear","floor":3.0},{"not_picked":["Sweeping Beam","Storm"],"picked":"Coolheaded","floor":5.0},{"not_picked":["Barrage","Reinforced Body"],"picked":"Genetic Algorithm","floor":7.0},{"not_picked":["Ball Lightning","All For One"],"picked":"Beam Cell","floor":8.0},{"not_picked":["Steam","Stack"],"picked":"Thunder Strike","floor":12.0},{"not_picked":["Sweeping Beam","Compile Driver"],"picked":"Coolheaded","floor":13.0},{"not_picked":["Core Surge","Biased Cognition"],"picked":"Meteor Strike","floor":16.0},{"not_picked":["Ball Lightning+1","Rip and Tear"],"picked":"Sunder","floor":18.0},{"not_picked":["Compile Driver","Go for the Eyes"],"picked":"Hologram","floor":20.0},{"not_picked":["Leap+1","Coolheaded"],"picked":"Auto Shields+1","floor":24},{"not_picked":["Streamline","Sweeping Beam"],"picked":"Core Surge","floor":25},{"not_picked":["Go for the Eyes","BootSequence"],"picked":"Skim","floor":29},{"not_picked":["Streamline","Barrage+1","Go for the Eyes"],"picked":"SKIP","floor":30}],"player_experience":344495,"relics_obtained":[],"event_choices":[{"event_name":"Dead Adventurer","player_choice":"Searched \u00270\u0027 times","floor":11.0,"damage_taken":0.0},{"event_name":"The Lab","player_choice":"Got Potions","floor":19.0,"damage_taken":0.0},{"event_name":"Masked Bandits","player_choice":"Fought over 25 gold","floor":22.0,"damage_taken":0.0},{"event_name":"WeMeetAgain","player_choice":"Attack","floor":22,"damage_taken":0},{"event_name":"The Library","player_choice":"Heal","floor":28,"damage_taken":0}],"is_beta":false,"boss_relics":[{"not_picked":["Empty Cage","Inserter","Philosopher\u0027s Stone"]}],"items_purged_floors":[4],"is_endless":false,"potions_floor_spawned":[2,5,7,13,20,22],"killed_by":"Snake Plant","ascension_level":0}