{"gold_per_floor":[113,113,113,113,113,113,139,139,162,175,207,54,68,68,68,172,172,183,108,128,148,148,148,178,178,254,265,281,281,281,293,293,293],"floor_reached":33,"playtime":5710,"items_purged":["Combust"],"score":273,"play_id":"50d6ab53-4c06-409c-b66d-022e14513ddd","local_time":"20190312172333","is_ascension_mode":false,"campfire_choices":[{"data":"Bash","floor":6,"key":"SMITH"},{"floor":8,"key":"REST"},{"data":"Rupture","floor":15,"key":"SMITH"},{"floor":23,"key":"REST"},{"floor":25,"key":"REST"},{"floor":29,"key":"REST"},{"floor":32,"key":"REST"}],"neow_cost":"NONE","seed_source_timestamp":113401085593,"circlet_count":0,"master_deck":["Strike_R","Strike_R","Strike_R","Strike_R","Strike_R","Defend_R","Defend_R","Bash+1","Rupture+1","Perfected Strike","Heavy Blade","Spot Weakness","Brutality","Blood for Blood","Feel No Pain","Whirlwind","Seeing Red"],"relics":["Black Blood","Letter Opener","Ancient Tea Set","Red Skull","WingedGreaves","Happy Flower","Gremlin Horn","Mercury Hourglass"],"potions_floor_usage":[24,24,27,33,33],"damage_taken":[{"damage":8,"enemies":"Small Slimes","floor":1,"turns":3},{"damage":27,"enemies":"Gremlin Nob","floor":7,"turns":4},{"damage":3,"enemies":"2 Louse","floor":10,"turns":2},{"damage":31,"enemies":"3 Sentries","floor":11,"turns":5},{"damage":15,"enemies":"Jaw Worm","floor":13,"turns":4},{"damage":4,"enemies":"Slime Boss","floor":16,"turns":7},{"damage":26,"enemies":"Spheric Guardian","floor":18,"turns":4},{"damage":23,"enemies":"Shell Parasite","floor":20,"turns":3},{"damage":32,"enemies":"Snake Plant","floor":21,"turns":3},{"damage":62,"enemies":"Gremlin Leader","floor":24,"turns":6},{"damage":27,"enemies":"Sentry and Sphere","floor":27,"turns":4},{"damage":15,"enemies":"Snecko","floor":28,"turns":3},{"damage":2,"enemies":"Centurion and Healer","floor":31,"turns":4},{"damage":60,"enemies":"Champ","floor":33,"turns":6}],"seed_played":"4954985918676539046","potions_obtained":[{"floor":11,"key":"FairyPotion"},{"floor":13,"key":"Energy Potion"},{"floor":16,"key":"PowerPotion"},{"floor":18,"key":"EssenceOfSteel"},{"floor":24,"key":"Poison Potion"},{"floor":28,"key":"Energy Potion"}],"is_trial":false,"path_per_floor":["M","?","$","?","T","R","E","R","T","M","E","$","M","?","R","B",null,"M","$","M","M","$","R","E","R","T","M","M","R","?","M","R","B"],"character_chosen":"IRONCLAD","items_purchased":["Happy Flower"],"campfire_rested":5,"item_purchase_floors":[12],"current_hp_per_floor":[78,78,78,78,78,78,57,80,80,80,55,55,46,46,46,48,80,64,64,51,29,29,53,16,40,40,23,18,42,26,34,58,0],"gold":293,"neow_bonus":"REMOVE_CARD","is_prod":false,"is_daily":false,"chose_seed":false,"campfire_upgraded":2,"win_rate":0.0,"timestamp":1552407813,"path_taken":["M","?","$","?","?","R","E","R","T","?","E","?","M","?","R","BOSS","M","$","M","?","?","R","E","R","T","M","?","R","?","M","R","BOSS"],"build_version":"2019-01-23","purchased_purges":1,"victory":false,"max_hp_per_floor":[80,80,80,80,80,80,80,80,80,80,80,80,80,80,80,80,80,80,80,80,80,80,80,80,80,80,80,80,80,80,80,80,80],"card_choices":[{"not_picked":["Thunderclap","Clothesline"],"picked":"Rupture","floor":1},{"not_picked":["Armaments","Seeing Red"],"picked":"Combust","floor":7},{"not_picked":["Rage","Pommel Strike"],"picked":"Perfected Strike","floor":10},{"not_picked":["Clothesline","Headbutt"],"picked":"Heavy Blade","floor":11},{"not_picked":["Heavy Blade","Body Slam"],"picked":"Spot Weakness","floor":13},{"not_picked":["Immolate","Reaper"],"picked":"Brutality","floor":16},{"not_picked":["Anger+1","Clash","Perfected Strike"],"picked":"SKIP","floor":18},{"not_picked":["Uppercut","Pummel","Carnage+1"],"picked":"SKIP","floor":20},{"not_picked":["Clothesline","Shrug It Off"],"picked":"Blood for Blood","floor":21},{"not_picked":["Thunderclap","Ghostly Armor"],"picked":"Feel No Pain","floor":24},{"not_picked":["Feel No Pain+1","Blood for Blood"],"picked":"Whirlwind","floor":27},{"not_picked":["Battle Trance+1","Spot Weakness"],"picked":"Seeing Red","floor":28},{"not_picked":["Perfected Strike","Headbutt+1","Clothesline"],"picked":"SKIP","floor":31}],"player_experience":51887,"relics_obtained":[{"floor":5,"key":"Letter Opener"},{"floor":7,"key":"Ancient Tea Set"},{"floor":9,"key":"Red Skull"},{"floor":11,"key":"WingedGreaves"},{"floor":24,"key":"Gremlin Horn"},{"floor":26,"key":"Mercury Hourglass"}],"event_choices":[{"damage_healed":0,"gold_gain":0,"player_choice":"Ignored","damage_taken":0,"max_hp_gain":0,"max_hp_loss":0,"event_name":"Golden Wing","floor":2,"gold_loss":0},{"damage_healed":0,"gold_gain":0,"player_choice":"Ignored","damage_taken":0,"max_hp_gain":0,"max_hp_loss":0,"event_name":"Liars Game","floor":4,"gold_loss":0},{"cards_removed":["Defend_R"],"damage_healed":0,"gold_gain":0,"player_choice":"Offered Basic","damage_taken":0,"max_hp_gain":0,"max_hp_loss":0,"event_name":"Bonfire Elementals","floor":14,"gold_loss":0},{"damage_healed":0,"gold_gain":0,"player_choice":"POTION ","damage_taken":16,"max_hp_gain":0,"max_hp_loss":0,"event_name":"Knowing Skull","floor":30,"potions_obtained":["AttackPotion"],"gold_loss":0,"cards_obtained":[]}],"is_beta":false,"boss_relics":[{"not_picked":["Runic Cube","Mark of Pain"],"picked":"Black Blood"}],"items_purged_floors":[19],"is_endless":false,"potions_floor_spawned":[11,13,16,18,20,24,28],"killed_by":"Champ","ascension_level":0}