{"gold_per_floor":[116,129,146,161,177,177,211,224,224,224,299,29,58,76,76,76],"floor_reached":16,"playtime":562,"items_purged":[],"score":114,"play_id":"82974787-6494-432b-b231-befa2232cd1c","local_time":"20180915120422","is_ascension_mode":false,"campfire_choices":[{"data":"Demon Form","floor":6,"key":"SMITH"},{"floor":10,"key":"REST"},{"data":"Flex","floor":15,"key":"SMITH"}],"neow_cost":"PERCENT_DAMAGE","seed_source_timestamp":392609116241234,"circlet_count":0,"master_deck":["Strike_R","Strike_R","Strike_R","Strike_R","Strike_R","Defend_R","Defend_R","Defend_R","Defend_R","Bash","Demon Form+1","Burning Pact","Twin Strike","Rage","Dark Embrace","Seeing Red","Intimidate","Warcry","Flex+1","Rage","Dual Wield"],"relics":["Burning Blood","Nunchaku","Oddly Smooth Stone","Shuriken","Bottled Flame"],"potions_floor_usage":[7,7,16],"damage_taken":[{"damage":1,"enemies":"Cultist","floor":1,"turns":4},{"damage":15,"enemies":"Small Slimes","floor":2,"turns":4},{"damage":5,"enemies":"2 Louse","floor":3,"turns":3},{"damage":10,"enemies":"Blue Slaver","floor":4,"turns":4},{"damage":14,"enemies":"Exordium Thugs","floor":5,"turns":5},{"damage":34,"enemies":"3 Sentries","floor":7,"turns":10},{"damage":19,"enemies":"Lots of Slimes","floor":8,"turns":4},{"damage":17,"enemies":"Gremlin Nob","floor":13,"turns":4},{"damage":3,"enemies":"2 Fungi Beasts","floor":14,"turns":4},{"damage":18,"enemies":"Hexaghost","floor":16,"turns":5}],"seed_played":"-1478838690648878058","potions_obtained":[{"floor":2,"key":"AttackPotion"},{"floor":3,"key":"LiquidBronze"},{"floor":4,"key":"Dexterity Potion"},{"floor":8,"key":"LiquidBronze"}],"is_trial":false,"path_per_floor":["M","M","M","M","M","R","E","M","T","R","?","$","E","M","R"],"character_chosen":"IRONCLAD","items_purchased":["Shuriken","Flex"],"campfire_rested":1,"item_purchase_floors":[12,12],"current_hp_per_floor":[61,52,53,49,41,41,25,12,12,36,25,25,14,17,17,0],"gold":76,"neow_bonus":"THREE_RARE_CARDS","is_prod":false,"is_daily":false,"chose_seed":false,"campfire_upgraded":2,"win_rate":0,"timestamp":1537034662,"path_taken":["M","M","?","M","M","R","E","M","T","R","?","$","E","M","R","BOSS"],"build_version":"2018-09-06","purchased_purges":0,"victory":false,"max_hp_per_floor":[80,80,80,80,80,80,80,80,80,80,80,80,80,80,80,80],"card_choices":[{"not_picked":["Reaper","Double Tap"],"picked":"Demon Form","floor":0},{"not_picked":["Anger","Blood for Blood"],"picked":"Burning Pact","floor":1},{"not_picked":["Fire Breathing","Burning Pact"],"picked":"Twin Strike","floor":2},{"not_picked":["True Grit","Pommel Strike"],"picked":"Rage","floor":3},{"not_picked":["Battle Trance","Perfected Strike"],"picked":"Dark Embrace","floor":4},{"not_picked":["Anger","Pommel Strike"],"picked":"Seeing Red","floor":5},{"not_picked":["True Grit","Iron Wave"],"picked":"Intimidate","floor":7},{"not_picked":["Fire Breathing","Ghostly Armor"],"picked":"Warcry","floor":8},{"not_picked":["Clothesline","Wild Strike"],"picked":"Rage","floor":13},{"not_picked":["True Grit","Second Wind"],"picked":"Dual Wield","floor":14}],"player_experience":480991,"relics_obtained":[{"floor":7,"key":"Nunchaku"},{"floor":9,"key":"Oddly Smooth Stone"},{"floor":13,"key":"Bottled Flame"}],"event_choices":[{"event_name":"World of Goop","player_choice":"Gather Gold","floor":11,"damage_taken":0}],"is_beta":false,"boss_relics":[],"items_purged_floors":[],"is_endless":false,"potions_floor_spawned":[2,3,4,8],"killed_by":"Hexaghost","ascension_level":0}