{"path_per_floor":["M","$","M","?","?","R","?","M","T","R","M","R","?","$","R","B",null,"M","M","?","M","?","R","M","R","T","M","M","R","M","T","R","B",null,"M","?","M"],"character_chosen":"THE_SILENT","items_purchased":["Noxious Fumes","PiercingWail"],"gold_per_floor":[115,16,27,27,27,27,27,39,39,39,59,59,59,59,59,156,156,175,189,189,209,209,209,229,229,229,243,259,259,272,272,272,374,374,388,388,399],"floor_reached":38,"campfire_rested":2,"playtime":3373,"current_hp_per_floor":[68,68,56,61,61,61,49,42,42,42,39,63,82,82,82,30,82,53,50,50,2,92,92,89,89,89,74,70,70,48,48,75,9,92,74,74,66],"items_purged":[],"gold":399,"play_id":"c95ed7fe-b528-499a-815f-ec2dea1194e4","is_prod":false,"is_daily":false,"is_ascension_mode":false,"campfire_upgraded":6,"path_taken":["M","$","?","?","?","R","?","M","T","R","M","R","?","?","R","BOSS","M","M","?","M","?","R","M","R","T","M","?","R","M","?","R","BOSS","M","?","M","?"],"build_version":"2018-01-25-PROD3","purchased_purges":0,"victory":false,"master_deck":["Defend_G","Defend_G","Defend_G","Defend_G","Defend_G","Strike_G","Strike_G","Strike_G","Strike_G","Strike_G","Survivor+1","Neutralize","Well Laid Plans+1","Noxious Fumes+1","PiercingWail","Deflect","Sucker Punch","Dodge and Roll","Parasite","Dagger Spray+1","Backstab+1","Flying Knee+1","A Thousand Cuts+1","Malaise+1","Heel Hook+1","Deadly Poison+1","Die Die Die","Deadly Poison+1","Dash+1"],"max_hp_per_floor":[77,77,77,82,82,82,82,82,82,82,82,82,82,82,82,82,82,82,82,82,82,92,92,92,92,92,92,92,92,92,92,92,92,92,92,92,92],"relics":["Ring of the Snake","Unceasing Top","Gambling Chip","Sozu","Kunai","Tingsha","Du-Vu Doll","Runic Dome"],"card_choices":[{"not_picked":["Deadly Poison","Backflip"],"picked":"Well Laid Plans"},{"not_picked":["Acrobatics","Outmaneuver"],"picked":"Deflect"},{"not_picked":["Distraction","Dagger Throw"],"picked":"Sucker Punch"},{"not_picked":["Finisher","Bane"],"picked":"Dodge and Roll"},{"not_picked":["Venomology","Unload"],"picked":"Wraith Form"},{"not_picked":["Deflect","Slice"],"picked":"Dagger Spray"},{"not_picked":["Backflip","Dagger Spray"],"picked":"Backstab"},{"not_picked":["Slice","Deflect"],"picked":"Flying Knee"},{"not_picked":["Dash","Terror"],"picked":"A Thousand Cuts"},{"not_picked":["Terror","Deadly Poison"],"picked":"Malaise"},{"not_picked":["Sucker Punch","Dagger Throw"],"picked":"Heel Hook"},{"not_picked":["Sucker Punch","Masterful Stab"],"picked":"Deadly Poison"},{"not_picked":["Bullet Time","Venomology"],"picked":"Die Die Die"},{"not_picked":["PiercingWail","All Out Attack"],"picked":"Deadly Poison"},{"not_picked":["Bane","Blur"],"picked":"Dash"}],"player_experience":23440,"potions_floor_usage":[],"damage_taken":[{"damage":9.0,"enemies":"Blue Slaver","floor":1.0,"turns":7.0},{"damage":12.0,"enemies":"2 Louse","floor":3.0,"turns":3.0},{"damage":7.0,"enemies":"Small Slimes","floor":8.0,"turns":5.0},{"damage":3.0,"enemies":"Gremlin Gang","floor":11.0,"turns":6.0},{"damage":52.0,"enemies":"Hexaghost","floor":16.0,"turns":12.0},{"damage":29.0,"enemies":"Chosen","floor":18.0,"turns":8.0},{"damage":3.0,"enemies":"3 Byrds","floor":19.0,"turns":5.0},{"damage":48.0,"enemies":"3 Cultists","floor":21.0,"turns":6.0},{"damage":3.0,"enemies":"Centurion and Healer","floor":24.0,"turns":9.0},{"damage":15.0,"enemies":"Snake Plant","floor":27.0,"turns":4.0},{"damage":4.0,"enemies":"Snecko","floor":28.0,"turns":7.0},{"damage":22.0,"enemies":"Sentry and Sphere","floor":30.0,"turns":4.0},{"damage":66.0,"enemies":"Collector","floor":33.0,"turns":9.0},{"damage":18,"enemies":"Orb Walker","floor":35,"turns":4},{"damage":8,"enemies":"3 Darklings","floor":37,"turns":4},{"damage":78,"enemies":"Mysterious Sphere","floor":38,"turns":5}],"event_choices":[{"event_name":"Big Fish","player_choice":"Donut","floor":4.0,"damage_taken":0.0},{"event_name":"Golden Idol","player_choice":"Ignored","floor":5.0,"damage_taken":0.0},{"event_name":"Scrap Ooze","player_choice":"success","floor":7.0,"damage_taken":12.0},{"event_name":"Mushrooms","player_choice":"Healed and dodged fight","floor":13.0,"damage_taken":0.0},{"event_name":"The Mausoleum","player_choice":"Yes","floor":20.0,"damage_taken":0.0},{"event_name":"Bonfire Elementals","player_choice":"RARE","floor":22.0,"damage_taken":0.0},{"event_name":"Tomb of Lord Red Mask","player_choice":"Ignored","floor":36,"damage_taken":0},{"event_name":"Mysterious Sphere","player_choice":"Fight","floor":38,"damage_taken":0}],"boss_relics":[{"not_picked":["Eternal Feather","Lizard Tail"],"picked":"Runic Dome"}],"potions_floor_spawned":[1,21],"seed_played":"-7442654885526869585","killed_by":"Mysterious Sphere","ascension_level":0,"is_trial":false}