{"gold_per_floor":[114,39,59,76,95,124,124,124,124,124,159,179,129,144,144,241,241,255,17,32,32,43,43,60,71,71,71,71,71,71,82,82,82],"floor_reached":33,"playtime":2126,"items_purged":[],"score":284,"play_id":"fee52202-3838-40a4-a820-76c32cd35a8a","local_time":"20190310003815","is_ascension_mode":false,"campfire_choices":[{"floor":8,"key":"REST"},{"floor":10,"key":"REST"},{"data":"Armaments","floor":15,"key":"SMITH"},{"floor":23,"key":"REST"},{"floor":28,"key":"REST"},{"floor":30,"key":"REST"},{"floor":32,"key":"REST"}],"neow_cost":"NONE","seed_source_timestamp":703118511593700,"circlet_count":0,"master_deck":["Strike_R","Strike_R","Strike_R","Defend_R+1","Defend_R+1","Defend_R","Bash","Heavy Blade","Cleave","Perfected Strike","Cleave","Pummel","Searing Blow","Hemokinesis","Flex","Armaments+1","Bludgeon","Flame Barrier","Carnage","Metallicize","Thunderclap","Perfected Strike","Spot Weakness","Clothesline+1","Wild Strike+1"],"relics":["Burning Blood","Smiling Mask","War Paint","Pear","Lizard Tail","Prayer Wheel","Nilry\u0027s Codex"],"potions_floor_usage":[3,11,12,14,16,16,19,20],"damage_taken":[{"damage":6,"enemies":"Cultist","floor":1,"turns":3},{"damage":0,"enemies":"Small Slimes","floor":3,"turns":1},{"damage":11,"enemies":"Jaw Worm","floor":4,"turns":3},{"damage":13,"enemies":"2 Fungi Beasts","floor":5,"turns":3},{"damage":42,"enemies":"Lagavulin","floor":6,"turns":6},{"damage":16,"enemies":"Gremlin Nob","floor":11,"turns":4},{"damage":18,"enemies":"Gremlin Gang","floor":12,"turns":4},{"damage":9,"enemies":"Looter","floor":14,"turns":3},{"damage":71,"enemies":"The Guardian","floor":16,"turns":12},{"damage":41,"enemies":"2 Thieves","floor":18,"turns":5},{"damage":11,"enemies":"3 Byrds","floor":20,"turns":4},{"damage":77,"enemies":"Cultist and Chosen","floor":22,"turns":11},{"damage":11,"enemies":"Snecko","floor":24,"turns":3},{"damage":58,"enemies":"Centurion and Healer","floor":25,"turns":9},{"damage":43,"enemies":"Snake Plant","floor":31,"turns":5},{"damage":63,"enemies":"Champ","floor":33,"turns":13}],"seed_played":"-1605793810545158830","potions_obtained":[{"floor":1,"key":"Fire Potion"},{"floor":4,"key":"Weak Potion"},{"floor":11,"key":"Regen Potion"},{"floor":12,"key":"Swift Potion"},{"floor":14,"key":"Fire Potion"},{"floor":18,"key":"LiquidBronze"},{"floor":24,"key":"GamblersBrew"},{"floor":31,"key":"Fire Potion"}],"is_trial":false,"path_per_floor":["M","$","M","M","M","E","?","R","T","R","E","M","?","M","R","B",null,"M","$","M","?","M","R","M","M","T","?","R","?","R","M","R","B"],"character_chosen":"IRONCLAD","items_purchased":["Cleave","Fire Potion","Carnage","Fruit Juice","FairyPotion"],"campfire_rested":6,"item_purchase_floors":[2,2,19,19,19],"current_hp_per_floor":[88,88,88,83,76,40,33,59,59,85,85,85,85,82,82,17,98,63,68,63,63,16,46,41,43,43,27,57,36,68,31,63,0],"gold":82,"neow_bonus":"TEN_PERCENT_HP_BONUS","is_prod":false,"is_daily":false,"chose_seed":false,"campfire_upgraded":1,"win_rate":0.0,"timestamp":1552196295,"path_taken":["M","?","?","M","M","E","?","R","T","R","E","M","?","M","R","BOSS","M","$","M","?","?","R","M","M","T","?","R","?","R","M","R","BOSS"],"build_version":"2019-01-23","purchased_purges":0,"victory":false,"max_hp_per_floor":[88,88,88,88,88,88,88,88,88,88,98,98,98,98,98,98,98,98,103,103,103,103,103,103,103,103,103,103,108,108,108,108,108],"card_choices":[{"not_picked":["Thunderclap","Twin Strike"],"picked":"Heavy Blade","floor":1},{"not_picked":["Havoc","Bloodletting"],"picked":"Perfected Strike","floor":3},{"not_picked":["Heavy Blade","Feel No Pain"],"picked":"Cleave","floor":4},{"not_picked":["Warcry","Cleave"],"picked":"Pummel","floor":5},{"not_picked":["Warcry","Sword Boomerang"],"picked":"Searing Blow","floor":6},{"not_picked":["Thunderclap","Shrug It Off"],"picked":"Hemokinesis","floor":11},{"not_picked":["Spot Weakness","Fire Breathing"],"picked":"Flex","floor":12},{"not_picked":["Havoc","Disarm"],"picked":"Armaments","floor":14},{"not_picked":["Offering","Limit Break"],"picked":"Bludgeon","floor":16},{"not_picked":["Perfected Strike","Pommel Strike"],"picked":"Flame Barrier","floor":18},{"not_picked":["Sentinel+1","Warcry"],"picked":"Metallicize","floor":20},{"not_picked":["Body Slam","Headbutt"],"picked":"Thunderclap","floor":22},{"not_picked":["Bloodletting","Hemokinesis"],"picked":"Perfected Strike","floor":24},{"not_picked":["Bloodletting","Clash+1"],"picked":"Spot Weakness","floor":25},{"not_picked":["Clash","Carnage"],"picked":"Clothesline+1","floor":31},{"not_picked":["Dark Embrace","Twin Strike"],"picked":"Wild Strike+1","floor":31}],"player_experience":61898,"relics_obtained":[{"floor":6,"key":"Smiling Mask"},{"floor":9,"key":"War Paint"},{"floor":11,"key":"Pear"},{"floor":26,"key":"Prayer Wheel"},{"floor":27,"key":"Nilry\u0027s Codex"}],"event_choices":[{"cards_removed":["Strike_R"],"damage_healed":0,"gold_gain":0,"player_choice":"Card Removal","damage_taken":7,"max_hp_gain":0,"max_hp_loss":0,"event_name":"Golden Wing","floor":7,"gold_loss":0},{"cards_removed":["Strike_R"],"damage_healed":0,"gold_gain":0,"player_choice":"Card Removal","damage_taken":0,"max_hp_gain":0,"max_hp_loss":0,"event_name":"The Cleric","floor":13,"gold_loss":50},{"cards_removed":["Defend_R"],"damage_healed":0,"gold_gain":0,"player_choice":"Purged","damage_taken":0,"max_hp_gain":0,"max_hp_loss":0,"event_name":"Purifier","floor":21,"gold_loss":0},{"damage_healed":0,"gold_gain":0,"player_choice":"Obtained Book","damage_taken":16,"max_hp_gain":0,"max_hp_loss":0,"event_name":"Cursed Tome","floor":27,"gold_loss":0},{"damage_healed":0,"gold_gain":0,"player_choice":"Shed Blood","damage_taken":26,"max_hp_gain":5,"max_hp_loss":0,"event_name":"Forgotten Altar","floor":29,"gold_loss":0}],"is_beta":false,"boss_relics":[{"not_picked":["Philosopher\u0027s Stone","Cursed Key"],"picked":"Lizard Tail"}],"items_purged_floors":[],"is_endless":false,"potions_floor_spawned":[1,4,11,12,14,18,24,31],"killed_by":"Champ","ascension_level":0}