{"gold_per_floor":[112,124,143,157,157,157,188,188,211,211,231,231,256,51,51,51],"floor_reached":16,"playtime":756,"items_purged":[],"score":127,"play_id":"483e1e24-9ee1-4787-96b0-ad7e3ccddea7","local_time":"20180726015536","is_ascension_mode":true,"campfire_choices":[{"data":"Neutralize","floor":6,"key":"SMITH"},{"data":"Survivor","floor":8,"key":"SMITH"},{"data":"Calculated Gamble","floor":12,"key":"SMITH"},{"floor":15,"key":"REST"}],"neow_cost":"NONE","seed_source_timestamp":955615614087388,"circlet_count":0,"master_deck":["Defend_G","Defend_G","Defend_G","Defend_G","Defend_G","Strike_G+1","Strike_G","Strike_G","Strike_G","Strike_G","Survivor+1","Neutralize+1","Dash+1","PiercingWail","Sucker Punch+1","Cloak And Dagger","Deflect","Calculated Gamble+1","Tactician","Neutralize+1"],"relics":["WristBlade","Regal Pillow","Snake Skull","Vajra","DollysMirror"],"potions_floor_usage":[4,11,13],"damage_taken":[{"damage":9,"enemies":"Jaw Worm","floor":1,"turns":5},{"damage":0,"enemies":"2 Louse","floor":2,"turns":3},{"damage":0,"enemies":"Cultist","floor":3,"turns":4},{"damage":5,"enemies":"Gremlin Gang","floor":4,"turns":6},{"damage":20,"enemies":"Gremlin Nob","floor":7,"turns":6},{"damage":3,"enemies":"3 Louse","floor":11,"turns":6},{"damage":13,"enemies":"Lagavulin","floor":13,"turns":8},{"damage":62,"enemies":"Slime Boss","floor":16,"turns":11}],"seed_played":"-6235925555131383835","potions_obtained":[{"floor":1,"key":"Regen Potion"},{"floor":3,"key":"SkillPotion"},{"floor":11,"key":"GamblersBrew"}],"is_trial":false,"path_per_floor":["M","M","M","M","?","R","E","R","T","?","M","R","E","$","R"],"character_chosen":"THE_SILENT","items_purchased":["DollysMirror"],"campfire_rested":1,"item_purchase_floors":[14],"current_hp_per_floor":[61,61,61,56,42,42,22,22,22,22,33,33,20,20,56,0],"gold":51,"neow_bonus":"BOSS_RELIC","is_prod":false,"is_daily":false,"chose_seed":false,"campfire_upgraded":3,"win_rate":0,"timestamp":1532591736,"path_taken":["M","M","M","M","?","R","E","R","T","?","?","R","E","$","R","BOSS"],"build_version":"2018-07-19v2","purchased_purges":0,"victory":false,"max_hp_per_floor":[70,70,70,70,70,70,70,70,70,70,70,70,70,70,70,70],"card_choices":[{"not_picked":["Predator","Deadly Poison"],"picked":"Dash","floor":1},{"not_picked":["Poisoned Stab","Flechettes"],"picked":"PiercingWail","floor":2},{"not_picked":["Quick Slash","Dagger Throw"],"picked":"Sucker Punch","floor":3},{"not_picked":["Calculated Gamble","Concentrate"],"picked":"Cloak And Dagger","floor":4},{"not_picked":["Dash","Noxious Fumes"],"picked":"Deflect","floor":7},{"not_picked":["Accuracy","Cloak And Dagger"],"picked":"Calculated Gamble","floor":11},{"not_picked":["Sucker Punch","A Thousand Cuts"],"picked":"Tactician","floor":13}],"player_experience":273009,"relics_obtained":[{"floor":7,"key":"Regal Pillow"},{"floor":9,"key":"Snake Skull"},{"floor":13,"key":"Vajra"}],"event_choices":[{"event_name":"Shining Light","player_choice":"Entered Light","floor":5,"damage_taken":0},{"event_name":"Living Wall","player_choice":"Grow","floor":10,"damage_taken":0}],"is_beta":false,"boss_relics":[],"items_purged_floors":[],"is_endless":false,"potions_floor_spawned":[1,3,11],"killed_by":"Slime Boss","ascension_level":3}