{"gold_per_floor":[116,128,203,220,220,220,254,266,317,317,317,335,350,362,362,362],"floor_reached":16,"playtime":653,"items_purged":[],"score":130,"play_id":"23f2b925-4426-49d7-9d6e-037d087e3156","local_time":"20180830124300","is_ascension_mode":true,"campfire_choices":[{"data":"Flex","floor":6,"key":"SMITH"},{"data":"Body Slam","floor":10,"key":"SMITH"},{"floor":15,"key":"REST"}],"neow_cost":"NONE","seed_source_timestamp":956890853666606,"circlet_count":0,"master_deck":["Strike_R","Strike_R","Strike_R","Strike_R","Defend_R","Defend_R","Defend_R","Defend_R","Bash+1","Shrug It Off","Flex+1","Thunderclap","Pommel Strike","Body Slam+1","Sentinel","Pommel Strike","Flame Barrier","Wild Strike","Rupture"],"relics":["Burning Blood","Self Forming Clay","Dream Catcher","Juzu Bracelet"],"potions_floor_usage":[4,16,16],"damage_taken":[{"damage":0,"enemies":"Small Slimes","floor":1,"turns":3},{"damage":4,"enemies":"Jaw Worm","floor":2,"turns":3},{"damage":1,"enemies":"Cultist","floor":4,"turns":3},{"damage":32,"enemies":"Gremlin Nob","floor":7,"turns":4},{"damage":0,"enemies":"2 Fungi Beasts","floor":8,"turns":4},{"damage":18,"enemies":"Large Slime","floor":12,"turns":8},{"damage":17,"enemies":"Gremlin Gang","floor":13,"turns":5},{"damage":0,"enemies":"Looter","floor":14,"turns":2},{"damage":65,"enemies":"The Guardian","floor":16,"turns":14}],"seed_played":"-2373628014330159252","potions_obtained":[{"floor":2,"key":"Fruit Juice"},{"floor":13,"key":"Fire Potion"},{"floor":14,"key":"AttackPotion"}],"is_trial":false,"path_per_floor":["M","M","?","M","?","R","E","M","T","R","?","M","M","M","R"],"character_chosen":"IRONCLAD","items_purchased":[],"campfire_rested":1,"item_purchase_floors":[],"current_hp_per_floor":[80,80,69,79,61,61,35,41,41,41,41,29,18,24,49,0],"gold":362,"neow_bonus":"UPGRADE_CARD","is_prod":false,"is_daily":false,"chose_seed":false,"campfire_upgraded":2,"win_rate":0,"timestamp":1535654580,"path_taken":["M","M","?","M","?","R","E","M","T","R","?","M","M","M","R","BOSS"],"build_version":"2018-08-23v2","purchased_purges":0,"victory":false,"max_hp_per_floor":[80,80,80,85,85,85,85,85,85,85,85,85,85,85,85,85],"card_choices":[{"not_picked":["Twin Strike","Rage"],"picked":"Shrug It Off","floor":1},{"not_picked":["Havoc","Heavy Blade"],"picked":"Flex","floor":2},{"not_picked":["Iron Wave","Heavy Blade"],"picked":"Thunderclap","floor":4},{"not_picked":["Searing Blow","Combust"],"picked":"Pommel Strike","floor":7},{"not_picked":["Warcry","Anger"],"picked":"Body Slam","floor":8},{"not_picked":["Body Slam","Clash"],"picked":"Pommel Strike","floor":12},{"not_picked":["Twin Strike","Sever Soul"],"picked":"Flame Barrier","floor":13},{"not_picked":["Anger","Havoc"],"picked":"Wild Strike","floor":14},{"not_picked":["Flex","Body Slam"],"picked":"Rupture","floor":15}],"player_experience":440738,"relics_obtained":[{"floor":7,"key":"Dream Catcher"},{"floor":9,"key":"Juzu Bracelet"}],"event_choices":[{"event_name":"World of Goop","player_choice":"Gather Gold","floor":3,"damage_taken":0},{"event_name":"Scrap Ooze","player_choice":"success","floor":5,"damage_taken":18},{"event_name":"Living Wall","player_choice":"Change","floor":11,"damage_taken":0}],"is_beta":false,"boss_relics":[],"items_purged_floors":[],"is_endless":false,"potions_floor_spawned":[2,13,14],"killed_by":"The Guardian","ascension_level":5}