{"gold_per_floor":[109,59,89,14,114,141,152,167,167,167,20,38,58,58,58,154,154,171,184,84,98,98,98,27,27,27,27,27,58,58,74,74,74],"floor_reached":33,"playtime":1650,"items_purged":["Strike_R","Strike_R"],"score":288,"play_id":"63fc6d26-179a-444d-bafc-f2146ead308c","local_time":"20190204174342","is_ascension_mode":false,"campfire_choices":[{"data":"Inflame","floor":10.0,"key":"SMITH"},{"data":"Heavy Blade","floor":15.0,"key":"SMITH"},{"floor":23.0,"key":"REST"},{"floor":25.0,"key":"REST"},{"floor":28.0,"key":"REST"},{"floor":32,"key":"REST"}],"neow_cost":"NONE","seed_source_timestamp":0,"circlet_count":0,"master_deck":["Strike_R","Strike_R","Defend_R","Defend_R","Defend_R","Defend_R","Bash","Wild Strike","Inflame+1","Feed","Pommel Strike","Infernal Blade","Heavy Blade+1","Thunderclap","Shrug It Off+1","Flex","Thunderclap","Flame Barrier"],"special_seed":0,"relics":["Burning Blood","NeowsBlessing","Tiny Chest","Happy Flower","Ornamental Fan","Orrery","Unceasing Top","Mummified Hand","Bronze Scales","Letter Opener"],"potions_floor_usage":[29,31,33,33],"damage_taken":[{"damage":0.0,"enemies":"2 Louse","floor":1.0,"turns":2.0},{"damage":0.0,"enemies":"Gremlin Nob","floor":6.0,"turns":1.0},{"damage":0.0,"enemies":"Jaw Worm","floor":7.0,"turns":1.0},{"damage":1.0,"enemies":"Cultist","floor":8.0,"turns":3.0},{"damage":3.0,"enemies":"Looter","floor":12.0,"turns":3.0},{"damage":12.0,"enemies":"Gremlin Gang","floor":13.0,"turns":4.0},{"damage":67.0,"enemies":"The Guardian","floor":16.0,"turns":11.0},{"damage":57.0,"enemies":"3 Byrds","floor":18.0,"turns":6.0},{"damage":7.0,"enemies":"Chosen","floor":19.0,"turns":4.0},{"damage":22.0,"enemies":"Snecko","floor":21.0,"turns":4.0},{"damage":51,"enemies":"Slavers","floor":29,"turns":5},{"damage":15,"enemies":"Shelled Parasite and Fungi","floor":31,"turns":3},{"damage":64,"enemies":"Champ","floor":33,"turns":8}],"seed_played":"-2566116722304134292","potions_obtained":[{"floor":6.0,"key":"LiquidBronze"},{"floor":8.0,"key":"Weak Potion"},{"floor":16.0,"key":"EntropicBrew"},{"floor":21.0,"key":"AttackPotion"},{"floor":31,"key":"Strength Potion"}],"is_trial":false,"path_per_floor":["?","?","?","M","?","M","?","T","T","M"],"character_chosen":"IRONCLAD","items_purchased":["Inflame","Infernal Blade","Flex","Thunderclap"],"campfire_rested":4,"item_purchase_floors":[4,11,24,24],"current_hp_per_floor":[80,80,77,77,77,80,80,80,80,80,80,80,74,74,74,13,80,29,28,28,20,5,30,30,55,55,55,80,35,35,26,51,0],"gold":74,"neow_bonus":"THREE_ENEMY_KILL","is_prod":false,"is_daily":false,"chose_seed":false,"campfire_upgraded":2,"win_rate":0,"timestamp":1549298622,"path_taken":["M","?","?","$","?","E","M","M","T","R","$","?","M","?","R","BOSS","M","?","$","M","?","R","$","R","T","?","R","E","?","?","R","BOSS"],"build_version":"2019-01-23","purchased_purges":2,"victory":false,"max_hp_per_floor":[80,80,80,80,80,80,80,80,80,80,80,80,80,80,80,80,80,80,80,80,80,85,85,85,85,85,85,85,85,85,85,85,85],"card_choices":[{"not_picked":["Warcry","True Grit"],"picked":"Wild Strike","floor":1.0},{"not_picked":["True Grit","Perfected Strike"],"picked":"Feed","floor":6.0},{"not_picked":["Fire Breathing","Dropkick","Searing Blow"],"picked":"SKIP","floor":7.0},{"not_picked":["Dropkick","Power Through"],"picked":"Pommel Strike","floor":8.0},{"not_picked":["Havoc","Thunderclap"],"picked":"Heavy Blade","floor":12.0},{"not_picked":["Cleave","Clash","Combust"],"picked":"SKIP","floor":13.0},{"not_picked":["Body Slam","Anger"],"picked":"Thunderclap","floor":17.0},{"not_picked":["Body Slam","Second Wind","Disarm+1"],"picked":"SKIP","floor":18.0},{"not_picked":["Warcry","Berserk","Bloodletting"],"picked":"SKIP","floor":19.0},{"not_picked":["True Grit","Disarm"],"picked":"Shrug It Off+1","floor":21.0},{"not_picked":["Anger","Havoc","Exhume"],"picked":"SKIP","floor":29},{"not_picked":["Body Slam","Clothesline"],"picked":"Flame Barrier","floor":31}],"player_experience":90539,"relics_obtained":[{"floor":6.0,"key":"Happy Flower"},{"floor":9.0,"key":"Ornamental Fan"},{"floor":26.0,"key":"Unceasing Top"},{"floor":27.0,"key":"Mummified Hand"},{"floor":29,"key":"Bronze Scales"},{"floor":30,"key":"Letter Opener"}],"event_choices":[{"cards_removed":["Strike_R"],"damage_healed":0.0,"max_hp_gain":0.0,"max_hp_loss":0.0,"gold_gain":0.0,"event_name":"The Cleric","player_choice":"Card Removal","floor":2.0,"gold_loss":50.0,"damage_taken":0.0},{"damage_healed":0.0,"max_hp_gain":0.0,"max_hp_loss":0.0,"gold_gain":0.0,"event_name":"Scrap Ooze","player_choice":"Success","floor":3.0,"gold_loss":0.0,"damage_taken":3.0,"relics_obtained":["Tiny Chest"]},{"damage_healed":0.0,"max_hp_gain":0.0,"max_hp_loss":0.0,"gold_gain":100.0,"event_name":"Golden Shrine","player_choice":"Pray","floor":5.0,"gold_loss":0.0,"damage_taken":0.0},{"damage_healed":0.0,"max_hp_gain":0.0,"max_hp_loss":0.0,"gold_gain":0.0,"event_name":"Match and Keep!","player_choice":"0 cards matched","floor":14.0,"gold_loss":0.0,"damage_taken":0.0,"cards_obtained":[]},{"damage_healed":0.0,"max_hp_gain":5.0,"max_hp_loss":0.0,"gold_gain":0.0,"event_name":"Forgotten Altar","player_choice":"Shed Blood","floor":22.0,"gold_loss":0.0,"damage_taken":20.0}],"is_beta":false,"boss_relics":[{"not_picked":["Sozu","Coffee Dripper"],"picked":"Orrery"}],"items_purged_floors":[11,20],"is_endless":false,"potions_floor_spawned":[6,8,16,21,31],"killed_by":"Champ","ascension_level":0}