{"gold_per_floor":[117,134,134,134,134,134,134,149,149,167,13,49,65,84,84,84],"floor_reached":16,"playtime":475,"items_purged":[],"score":102,"play_id":"9c3ff3f4-e084-4cc3-ac65-32b002e41376","local_time":"20180730131615","is_ascension_mode":false,"campfire_choices":[{"data":"Shrug It Off","floor":6,"key":"SMITH"},{"data":"Limit Break","floor":15,"key":"SMITH"}],"neow_cost":"NONE","seed_source_timestamp":1342282227251940,"circlet_count":0,"master_deck":["Strike_R","Strike_R","Strike_R","Strike_R","Strike_R","Defend_R","Defend_R","Defend_R","Defend_R","Bash","Limit Break+1","Shrug It Off+1","Ghostly Armor","Bash","Bloodletting","Body Slam","Sword Boomerang"],"relics":["Burning Blood","Golden Idol","Mummified Hand","NlothsMask","Vajra","Bag of Marbles"],"potions_floor_usage":[16,16,16],"damage_taken":[{"damage":2,"enemies":"Small Slimes","floor":1,"turns":4},{"damage":2,"enemies":"Cultist","floor":2,"turns":4},{"damage":0,"enemies":"Jaw Worm","floor":8,"turns":4},{"damage":8,"enemies":"3 Louse","floor":10,"turns":5},{"damage":42,"enemies":"Gremlin Nob","floor":12,"turns":5},{"damage":15,"enemies":"2 Fungi Beasts","floor":13,"turns":4},{"damage":8,"enemies":"Blue Slaver","floor":14,"turns":4},{"damage":19,"enemies":"The Guardian","floor":16,"turns":10}],"seed_played":"-6806959074126343841","potions_obtained":[{"floor":2,"key":"Strength Potion"},{"floor":10,"key":"Swift Potion"},{"floor":13,"key":"Strength Potion"}],"is_trial":false,"path_per_floor":["M","M","?","?","?","R","?","M","T","M","$","E","M","M","R"],"character_chosen":"IRONCLAD","items_purchased":["Vajra"],"campfire_rested":0,"item_purchase_floors":[11],"current_hp_per_floor":[80,80,80,60,57,57,57,63,63,61,61,25,16,14,14,0],"gold":84,"neow_bonus":"ONE_RANDOM_RARE_CARD","is_prod":false,"is_daily":false,"chose_seed":false,"campfire_upgraded":2,"win_rate":0,"timestamp":1532978175,"path_taken":["M","M","?","?","?","R","?","?","T","M","$","E","M","?","R","BOSS"],"build_version":"2018-07-26","purchased_purges":0,"victory":false,"max_hp_per_floor":[80,80,80,80,80,80,80,80,80,80,80,80,80,80,80,80],"card_choices":[{"not_picked":["Iron Wave","Heavy Blade"],"picked":"Shrug It Off","floor":1},{"not_picked":["Perfected Strike","Reckless Charge","Rupture"],"picked":"SKIP","floor":2},{"not_picked":["Sever Soul","Armaments"],"picked":"Bloodletting","floor":8},{"not_picked":["Rampage","Feel No Pain"],"picked":"Body Slam","floor":10},{"not_picked":["Clash","Power Through","Pommel Strike"],"picked":"SKIP","floor":12},{"not_picked":["Headbutt","Infernal Blade"],"picked":"Sword Boomerang","floor":13},{"not_picked":["Sentinel","Perfected Strike","Rupture"],"picked":"SKIP","floor":14}],"player_experience":294256,"relics_obtained":[{"floor":12,"key":"Bag of Marbles"}],"event_choices":[{"event_name":"Match and Keep!","player_choice":"2 cards matched","floor":3,"damage_taken":0},{"event_name":"Golden Idol","player_choice":"Take Damage","floor":4,"damage_taken":0},{"event_name":"Scrap Ooze","player_choice":"success","floor":5,"damage_taken":3},{"event_name":"FaceTrader","player_choice":"Trade","floor":7,"damage_taken":0}],"is_beta":false,"boss_relics":[],"items_purged_floors":[],"is_endless":false,"potions_floor_spawned":[2,10,13],"killed_by":"The Guardian","ascension_level":0}