{"path_per_floor":["M","?","?","M","M","R","E","R","T","M","M","$","?","T","R","B",null,"M","M","?","?","M","R","M"],"character_chosen":"DEFECT","items_purchased":["Kunai"],"gold_per_floor":[109,109,109,122,135,135,164,164,233,249,261,15,15,15,15,116,116,129,139,139,139,156,156,173,173],"floor_reached":25,"campfire_rested":2,"playtime":773,"current_hp_per_floor":[75,60,60,60,60,60,41,41,41,25,13,13,13,13,35,16,75,75,55,55,55,24,46,7,0],"items_purged":[],"gold":173,"score":223,"play_id":"a13a3021-b79e-4d29-a7a5-94ddedd25c70","local_time":"20180508175512","is_prod":false,"is_daily":false,"chose_seed":false,"is_ascension_mode":true,"campfire_upgraded":2,"timestamp":1525820112,"path_taken":["M","?","?","?","M","R","E","R","T","M","M","$","?","?","R","BOSS","M","?","?","?","M","R","M","M"],"build_version":"2018-05-07","seed_source_timestamp":1955348261956467,"purchased_purges":0,"victory":false,"master_deck":["Strike_B+1","Strike_B+1","Defend_B+1","Defend_B","Zap","Dualcast+1","Gash+1","Ball Lightning+1","Creative AI","Lockon+1","Scrape+1","Blizzard+1","Rip and Tear","Defragment","Defragment+1","Storm"],"max_hp_per_floor":[75,75,75,75,75,75,75,75,75,75,75,75,75,75,75,75,75,75,75,75,75,75,75,75,75],"relics":["Cracked Core","Bronze Scales","Matryoshka","Kunai","Whetstone","Gremlin Horn","Astrolabe","Nloth\u0027s Gift"],"card_choices":[{"not_picked":["Stack","Rebound"],"picked":"Gash","floor":1.0},{"not_picked":["Hello World","Sweeping Beam"],"picked":"Ball Lightning","floor":5.0},{"not_picked":["Multi-Cast","Hyperbeam"],"picked":"Creative AI","floor":16.0},{"not_picked":["Streamline","Turbo"],"picked":"Rip and Tear","floor":18.0},{"not_picked":["Leap","Streamline"],"picked":"Defragment","floor":19.0},{"not_picked":["Hologram","Reboot"],"picked":"Defragment","floor":22.0},{"not_picked":["Stack","Lockon"],"picked":"Storm","floor":24.0}],"player_experience":57490,"potions_floor_usage":[],"damage_taken":[{"damage":0.0,"enemies":"2 Louse","floor":1.0,"turns":1.0},{"damage":0.0,"enemies":"Small Slimes","floor":4.0,"turns":1.0},{"damage":0.0,"enemies":"Cultist","floor":5.0,"turns":1.0},{"damage":19.0,"enemies":"3 Sentries","floor":7.0,"turns":5.0},{"damage":16.0,"enemies":"3 Louse","floor":10.0,"turns":2.0},{"damage":12.0,"enemies":"Lots of Slimes","floor":11.0,"turns":2.0},{"damage":19.0,"enemies":"Hexaghost","floor":16.0,"turns":7.0},{"damage":0.0,"enemies":"3 Byrds","floor":18.0,"turns":4.0},{"damage":20.0,"enemies":"2 Thieves","floor":19.0,"turns":3.0},{"damage":31.0,"enemies":"Centurion and Healer","floor":22.0,"turns":5.0},{"damage":39.0,"enemies":"Cultist and Chosen","floor":24.0,"turns":4.0},{"damage":11,"enemies":"Snake Plant","floor":25,"turns":1}],"event_choices":[{"event_name":"Shining Light","player_choice":"Entered Light","floor":2.0,"damage_taken":0.0},{"event_name":"Purifier","player_choice":"One Purge","floor":3.0,"damage_taken":0.0},{"event_name":"Upgrade Shrine","player_choice":"Upgraded","floor":13.0,"damage_taken":0.0},{"event_name":"Ghosts","player_choice":"Ignored","floor":20.0,"damage_taken":0.0},{"event_name":"N\u0027loth","player_choice":"Traded a NeowsBlessing","floor":21.0,"damage_taken":0.0}],"boss_relics":[],"potions_floor_spawned":[1,10,18,22,24],"seed_played":"-2913718722860563758","killed_by":"Snake Plant","ascension_level":2,"is_trial":false}