{"gold_per_floor":[117,117,117,137,137,137,171,185,185,198,222,235,235,160,160,160],"floor_reached":16,"playtime":463,"items_purged":["Regret"],"score":140,"play_id":"1dcc6561-313a-4562-8da7-1297185fc786","local_time":"20190319133021","is_ascension_mode":true,"campfire_choices":[{"data":"Chill","floor":6,"key":"SMITH"},{"data":"Defragment","floor":13,"key":"SMITH"},{"data":"Buffer","floor":15,"key":"SMITH"}],"neow_cost":"NONE","seed_source_timestamp":10869897172432,"circlet_count":0,"master_deck":["Strike_B","Strike_B","Strike_B","Strike_B","Defend_B","Defend_B","Defend_B","Defend_B+1","Zap+1","Dualcast","Chill+1","Stack","Buffer+1","Auto Shields","Defragment+1","Cold Snap"],"relics":["Cracked Core","NeowsBlessing","Shuriken","Meat on the Bone","Mummified Hand","Oddly Smooth Stone"],"potions_floor_usage":[],"damage_taken":[{"damage":0,"enemies":"Small Slimes","floor":1,"turns":1},{"damage":0,"enemies":"Jaw Worm","floor":4,"turns":1},{"damage":6,"enemies":"3 Sentries","floor":7,"turns":2},{"damage":1,"enemies":"2 Louse","floor":8,"turns":2},{"damage":2,"enemies":"Red Slaver","floor":10,"turns":5},{"damage":14,"enemies":"Exordium Wildlife","floor":12,"turns":7},{"damage":52,"enemies":"Hexaghost","floor":16,"turns":16}],"seed_played":"2434186059136661291","potions_obtained":[{"floor":4,"key":"LiquidBronze"},{"floor":5,"key":"FairyPotion"},{"floor":5,"key":"LiquidBronze"}],"is_trial":false,"path_per_floor":["M","?","?","M","?","R","E","M","T","M","T","M","R","$","R","B"],"character_chosen":"DEFECT","items_purchased":[],"campfire_rested":0,"item_purchase_floors":[],"current_hp_per_floor":[68,53,53,53,53,53,47,46,46,44,44,42,42,42,42,0],"gold":160,"neow_bonus":"THREE_ENEMY_KILL","is_prod":false,"is_daily":false,"chose_seed":false,"campfire_upgraded":3,"win_rate":0,"timestamp":1553020221,"path_taken":["M","?","?","M","?","R","E","M","T","?","?","M","R","$","R","BOSS"],"build_version":"2019-01-23","purchased_purges":1,"victory":false,"max_hp_per_floor":[75,75,75,75,75,75,75,75,75,75,75,75,75,75,75,75],"card_choices":[{"not_picked":["Go for the Eyes","Beam Cell"],"picked":"Chill","floor":1},{"not_picked":["Sweeping Beam","Compile Driver"],"picked":"Stack","floor":4},{"not_picked":["Skim","Force Field"],"picked":"Buffer","floor":7},{"not_picked":["Compile Driver","Turbo"],"picked":"Auto Shields","floor":8},{"not_picked":["Rebound","Recycle"],"picked":"Defragment","floor":10},{"not_picked":["Barrage","Stack"],"picked":"Cold Snap","floor":12}],"player_experience":564135,"relics_obtained":[{"floor":7,"key":"Meat on the Bone"},{"floor":9,"key":"Mummified Hand"},{"floor":11,"key":"Oddly Smooth Stone"}],"event_choices":[{"damage_healed":0,"gold_gain":0,"player_choice":"Entered Light","damage_taken":15,"max_hp_gain":0,"max_hp_loss":0,"event_name":"Shining Light","floor":2,"gold_loss":0,"cards_upgraded":["Zap","Defend_B"]},{"damage_healed":0,"gold_gain":0,"player_choice":"Box","damage_taken":0,"relics_obtained":["Shuriken"],"max_hp_gain":0,"max_hp_loss":0,"event_name":"Big Fish","floor":3,"gold_loss":0,"cards_obtained":["Regret"]},{"damage_healed":0,"gold_gain":0,"player_choice":"Got Potions","damage_taken":0,"max_hp_gain":0,"max_hp_loss":0,"event_name":"Lab","floor":5,"gold_loss":0}],"is_beta":false,"boss_relics":[],"items_purged_floors":[14],"is_endless":false,"potions_floor_spawned":[4,10],"killed_by":"Hexaghost","ascension_level":8}