{"gold_per_floor":[116,116,116,291,119,119,144,144,144,174,174,174,187,262,262,360,360,375,375,121,46,46,46,81,81,105,117,144,156,201,227,239,347,359,382,694,806,818,830,842],"floor_reached":40,"playtime":1728,"items_purged":["Doubt","Pain"],"score":782,"play_id":"5cb278fa-3f82-4ef9-a49b-4ef8ecda5614","local_time":"20181124013325","is_ascension_mode":true,"campfire_choices":[{"data":"Noxious Fumes","floor":6.0,"key":"SMITH"},{"floor":8.0,"key":"REST"},{"data":"Neutralize","floor":11.0,"key":"SMITH"},{"data":"Survivor","floor":15.0,"key":"SMITH"},{"data":"Ghostly","floor":23.0,"key":"SMITH"},{"data":"Ghostly","floor":27.0,"key":"SMITH"},{"floor":32.0,"key":"REST"}],"neow_cost":"NONE","seed_source_timestamp":42338376739958,"circlet_count":0,"master_deck":["AscendersBane","Defend_G+1","Defend_G+1","Defend_G+1","Defend_G+1","Defend_G+1","Strike_G+1","Strike_G+1","Strike_G+1","Survivor+1","Neutralize+1","Deadly Poison","Deflect","Noxious Fumes+1","Leg Sweep","Deadly Poison","Acrobatics","Die Die Die","Deadly Poison+1","Ghostly+1","Ghostly+1","Ghostly","Ghostly","Ghostly","Cloak And Dagger+1","Pain","Cloak And Dagger+1","Dagger Throw+1","Burst","Deflect+1","Madness","Madness"],"special_seed":0,"relics":["Ring of the Serpent","FossilizedHelix","Juzu Bracelet","Du-Vu Doll","Art of War","WarpedTongs","Cursed Key","Anchor","Regal Pillow","MawBank","Orichalcum","Tingsha"],"potions_floor_usage":[],"damage_taken":[{"damage":2.0,"enemies":"Small Slimes","floor":1.0,"turns":5.0},{"damage":27.0,"enemies":"Gremlin Nob","floor":7.0,"turns":6.0},{"damage":7.0,"enemies":"Lagavulin","floor":10.0,"turns":7.0},{"damage":0.0,"enemies":"2 Louse","floor":13.0,"turns":2.0},{"damage":7.0,"enemies":"Hexaghost","floor":16.0,"turns":8.0},{"damage":15.0,"enemies":"3 Byrds","floor":18.0,"turns":4.0},{"damage":0.0,"enemies":"Slavers","floor":24.0,"turns":6.0},{"damage":7.0,"enemies":"Shell Parasite","floor":28.0,"turns":5.0},{"damage":0.0,"enemies":"Gremlin Leader","floor":30.0,"turns":7.0},{"damage":0.0,"enemies":"Snake Plant","floor":31.0,"turns":4.0},{"damage":36,"enemies":"Collector","floor":33,"turns":10},{"damage":0,"enemies":"3 Darklings","floor":35,"turns":7},{"damage":0,"enemies":"Mind Bloom Boss Battle","floor":37,"turns":8},{"damage":30,"enemies":"Nemesis","floor":40,"turns":10}],"seed_played":"2119601915957063419","potions_obtained":[{"floor":13.0,"key":"Poison Potion"},{"floor":16.0,"key":"Ancient Potion"},{"floor":30.0,"key":"EssenceOfSteel"},{"floor":37,"key":"GhostInAJar"}],"is_trial":false,"path_per_floor":["M","?","?","?","$","R","E","R","T","E","R","?","M","?","R","B",null,"M","?","$","?","?","R","E","?","T","R","M","?","E","M","R","B",null,"M","?","?","?","?","E"],"character_chosen":"THE_SILENT","items_purchased":["Deflect","Noxious Fumes","Anchor"],"campfire_rested":2,"item_purchase_floors":[5,5,20],"current_hp_per_floor":[61,54,51,51,51,51,24,45,45,38,38,38,38,27,27,20,58,43,30,30,30,30,30,30,30,30,30,23,23,23,23,37,1,28,28,28,28,23,23,0],"gold":842,"neow_bonus":"THREE_CARDS","is_prod":false,"is_daily":false,"chose_seed":false,"campfire_upgraded":5,"win_rate":0,"timestamp":1543052005,"path_taken":["M","?","?","?","$","R","E","R","T","E","R","?","M","?","R","BOSS","M","?","$","?","?","R","E","?","T","R","M","?","E","M","R","BOSS","M","?","?","?","?","E"],"build_version":"2018-11-15","purchased_purges":2,"victory":false,"max_hp_per_floor":[70,70,70,70,70,70,70,70,70,70,70,70,70,70,70,70,70,70,75,75,75,37,37,37,37,37,37,37,37,37,37,37,37,37,37,37,37,37,37,37],"card_choices":[{"not_picked":["PiercingWail","Dagger Spray"],"picked":"Quick Slash","floor":0.0},{"not_picked":["Prepared","Dagger Throw"],"picked":"Deadly Poison","floor":1.0},{"not_picked":["Prepared","PiercingWail"],"picked":"Leg Sweep","floor":7.0},{"not_picked":["Bane","Masterful Stab"],"picked":"Deadly Poison","floor":10.0},{"not_picked":["Dagger Spray","Skewer"],"picked":"Acrobatics","floor":13.0},{"not_picked":["Doppelganger","Corpse Explosion"],"picked":"Die Die Die","floor":16.0},{"not_picked":["PiercingWail","Choke"],"picked":"Deadly Poison+1","floor":18.0},{"not_picked":["Night Terror","Dagger Spray"],"picked":"Cloak And Dagger+1","floor":24.0},{"not_picked":["Riddle With Holes+1","Setup"],"picked":"Cloak And Dagger+1","floor":28.0},{"not_picked":["Tactician+1","Reflex+1","Underhanded Strike"],"picked":"SKIP","floor":30.0},{"not_picked":["Flying Knee","Backflip"],"picked":"Dagger Throw+1","floor":31.0},{"not_picked":["Tools of the Trade","Phantasmal Killer"],"picked":"Burst","floor":33},{"not_picked":["Dodge and Roll","Bane"],"picked":"Deflect+1","floor":35}],"player_experience":597909,"relics_obtained":[{"floor":7.0,"key":"Juzu Bracelet"},{"floor":9.0,"key":"Du-Vu Doll"},{"floor":10.0,"key":"Art of War"},{"floor":24.0,"key":"Regal Pillow"},{"floor":26.0,"key":"MawBank"},{"floor":30.0,"key":"Orichalcum"},{"floor":37,"key":"Tingsha"}],"event_choices":[{"cards_removed":["Strike_G"],"damage_healed":0.0,"max_hp_gain":0.0,"max_hp_loss":0.0,"gold_gain":0.0,"event_name":"Golden Wing","player_choice":"Card Removal","floor":2.0,"gold_loss":0.0,"damage_taken":7.0},{"damage_healed":0.0,"max_hp_gain":0.0,"max_hp_loss":0.0,"gold_gain":0.0,"event_name":"Scrap Ooze","player_choice":"Success","floor":3.0,"gold_loss":0.0,"damage_taken":3.0,"relics_obtained":["FossilizedHelix"]},{"damage_healed":0.0,"max_hp_gain":0.0,"max_hp_loss":0.0,"gold_gain":175.0,"event_name":"Liars Game","player_choice":"AGREE","floor":4.0,"gold_loss":0.0,"damage_taken":0.0,"cards_obtained":["Doubt"]},{"damage_healed":0.0,"max_hp_gain":0.0,"max_hp_loss":0.0,"gold_gain":0.0,"event_name":"Accursed Blacksmith","player_choice":"Rummage","floor":12.0,"gold_loss":0.0,"damage_taken":0.0,"relics_obtained":["WarpedTongs"],"cards_obtained":["Pain"]},{"damage_healed":0.0,"max_hp_gain":0.0,"max_hp_loss":0.0,"gold_gain":75.0,"event_name":"World of Goop","player_choice":"Gather Gold","floor":14.0,"gold_loss":0.0,"damage_taken":11.0},{"damage_healed":0.0,"max_hp_gain":5.0,"max_hp_loss":0.0,"gold_gain":0.0,"event_name":"Forgotten Altar","player_choice":"Shed Blood","floor":19.0,"gold_loss":0.0,"damage_taken":18.0},{"cards_removed":["Strike_G"],"damage_healed":0.0,"max_hp_gain":0.0,"max_hp_loss":0.0,"gold_gain":0.0,"event_name":"Beggar","player_choice":"Gave Gold","floor":21.0,"gold_loss":75.0,"damage_taken":0.0},{"damage_healed":0.0,"max_hp_gain":0.0,"max_hp_loss":38.0,"gold_gain":0.0,"event_name":"Ghosts","player_choice":"Became a Ghost","floor":22.0,"gold_loss":0.0,"damage_taken":0.0,"cards_obtained":["Ghostly","Ghostly","Ghostly","Ghostly","Ghostly"]},{"damage_healed":0.0,"max_hp_gain":0.0,"max_hp_loss":0.0,"gold_gain":0.0,"event_name":"Back to Basics","player_choice":"Simplicity","floor":25.0,"gold_loss":0.0,"damage_taken":0.0,"cards_upgraded":["Defend_G","Defend_G","Defend_G","Defend_G","Defend_G","Strike_G","Strike_G","Strike_G"]},{"damage_healed":0.0,"max_hp_gain":0.0,"max_hp_loss":0.0,"gold_gain":0.0,"event_name":"Vampires","player_choice":"Ignored","floor":29.0,"gold_loss":0.0,"damage_taken":0.0},{"damage_healed":0,"gold_gain":300,"player_choice":"Gold","damage_taken":0,"max_hp_gain":0,"max_hp_loss":0,"event_name":"Wheel of Change","floor":36,"gold_loss":0},{"damage_healed":0,"gold_gain":0,"player_choice":"Fight","damage_taken":0,"max_hp_gain":0,"max_hp_loss":0,"event_name":"MindBloom","floor":37,"gold_loss":0},{"damage_healed":0,"gold_gain":0,"player_choice":"Embrace Madness","damage_taken":5,"max_hp_gain":0,"max_hp_loss":0,"event_name":"Winding Halls","floor":38,"gold_loss":0,"cards_obtained":["Madness","Madness"]},{"cards_removed":["Quick Slash"],"damage_healed":0,"gold_gain":0,"player_choice":"Removed Attack","damage_taken":0,"max_hp_gain":0,"max_hp_loss":0,"event_name":"Falling","floor":39,"gold_loss":0}],"is_beta":false,"boss_relics":[{"not_picked":["Calling Bell","HoveringKite"],"picked":"Cursed Key"},{"not_picked":["Fusion Hammer","Tiny House"],"picked":"Ring of the Serpent"}],"items_purged_floors":[5,20],"is_endless":false,"potions_floor_spawned":[13,16,30,31,37],"killed_by":"Nemesis","ascension_level":11}