{"gold_per_floor":[119,132,148,73,73,73,99,115,140,140,140,167,181,194,194,194],"floor_reached":16,"playtime":679,"items_purged":["Strike_R"],"score":140,"play_id":"8fc00519-6794-4ec2-a167-cb7fce98cc90","local_time":"20190209020804","is_ascension_mode":true,"campfire_choices":[{"floor":6,"key":"REST"},{"data":"Bash","floor":11,"key":"SMITH"},{"floor":15,"key":"REST"}],"neow_cost":"NONE","seed_source_timestamp":123967609509777,"circlet_count":0,"master_deck":["Strike_R","Strike_R","Strike_R","Defend_R","Defend_R","Defend_R","Defend_R","Bash+1","Body Slam","Body Slam"],"relics":["Burning Blood","Omamori","PreservedInsect","Bag of Marbles","Regal Pillow","Blood Vial"],"potions_floor_usage":[7,16,16],"damage_taken":[{"damage":14,"enemies":"Jaw Worm","floor":1,"turns":5},{"damage":0,"enemies":"2 Louse","floor":2,"turns":3},{"damage":6,"enemies":"Cultist","floor":3,"turns":4},{"damage":5,"enemies":"Gremlin Nob","floor":7,"turns":3},{"damage":16,"enemies":"Large Slime","floor":8,"turns":8},{"damage":25,"enemies":"Lagavulin","floor":12,"turns":5},{"damage":7,"enemies":"Red Slaver","floor":13,"turns":4},{"damage":11,"enemies":"Looter","floor":14,"turns":4},{"damage":83,"enemies":"Slime Boss","floor":16,"turns":14}],"seed_played":"-6223398318435596569","potions_obtained":[{"floor":2,"key":"PowerPotion"},{"floor":3,"key":"Explosive Potion"},{"floor":13,"key":"FearPotion"}],"is_trial":false,"path_per_floor":["?","?","M"],"character_chosen":"IRONCLAD","items_purchased":[],"campfire_rested":2,"item_purchase_floors":[],"current_hp_per_floor":[72,78,78,78,66,80,80,70,70,70,70,51,52,49,80,0],"gold":194,"neow_bonus":"RANDOM_COMMON_RELIC","is_prod":false,"is_daily":false,"chose_seed":false,"campfire_upgraded":1,"win_rate":0,"timestamp":1549674484,"path_taken":["M","M","M","$","?","R","E","M","T","?","R","E","M","?","R","BOSS"],"build_version":"2019-01-23","purchased_purges":1,"victory":false,"max_hp_per_floor":[80,80,80,80,80,80,80,80,80,80,80,80,80,80,80,80],"card_choices":[{"not_picked":["Twin Strike","Evolve","Pommel Strike"],"picked":"SKIP","floor":1},{"not_picked":["Battle Trance","Bloodletting","Warcry"],"picked":"SKIP","floor":2},{"not_picked":["Clash","Uppercut","Havoc"],"picked":"SKIP","floor":3},{"not_picked":["Power Through","Rupture","Hemokinesis"],"picked":"SKIP","floor":7},{"not_picked":["Flex","Reckless Charge","Evolve"],"picked":"SKIP","floor":8},{"not_picked":["Bloodletting","Shockwave"],"picked":"Body Slam","floor":12},{"not_picked":["True Grit","Bloodletting"],"picked":"Body Slam","floor":13},{"not_picked":["Intimidate","Shockwave","Flex"],"picked":"SKIP","floor":14}],"player_experience":134929,"relics_obtained":[{"floor":7,"key":"Bag of Marbles"},{"floor":9,"key":"Regal Pillow"},{"floor":12,"key":"Blood Vial"}],"event_choices":[{"damage_healed":0,"gold_gain":0,"player_choice":"Success","damage_taken":12,"relics_obtained":["PreservedInsect"],"max_hp_gain":0,"max_hp_loss":0,"event_name":"Scrap Ooze","floor":5,"gold_loss":0},{"cards_removed":["Strike_R"],"damage_healed":0,"gold_gain":0,"player_choice":"Forget","damage_taken":0,"max_hp_gain":0,"max_hp_loss":0,"event_name":"Living Wall","floor":10,"gold_loss":0}],"is_beta":false,"boss_relics":[],"items_purged_floors":[4],"is_endless":false,"potions_floor_spawned":[2,3,13],"killed_by":"Slime Boss","ascension_level":5}