{"gold_per_floor":[117,117,131,89,264,264,297,315,387,405,420,25,25,40,40,40],"floor_reached":16,"playtime":556,"items_purged":[],"score":146,"play_id":"e985b6dd-98b2-43fb-9306-2f80065d31b1","local_time":"20190314171848","is_ascension_mode":true,"campfire_choices":[{"data":"Neutralize","floor":6,"key":"SMITH"},{"data":"Backstab","floor":15,"key":"SMITH"}],"neow_cost":"NONE","seed_source_timestamp":205129982519992,"circlet_count":0,"master_deck":["Defend_G","Defend_G","Defend_G","Defend_G","Defend_G","Strike_G","Strike_G","Strike_G+1","Strike_G+1","Survivor","Neutralize+1","Doubt","Outmaneuver","Backstab+1"],"relics":["Ring of the Snake","NeowsBlessing","Golden Idol","Whetstone","The Courier","Kunai","Juzu Bracelet"],"potions_floor_usage":[10],"damage_taken":[{"damage":0,"enemies":"2 Louse","floor":1,"turns":1},{"damage":0,"enemies":"Small Slimes","floor":3,"turns":1},{"damage":0,"enemies":"Gremlin Nob","floor":7,"turns":1},{"damage":0,"enemies":"Jaw Worm","floor":8,"turns":4},{"damage":12,"enemies":"2 Fungi Beasts","floor":10,"turns":4},{"damage":4,"enemies":"Looter","floor":11,"turns":4},{"damage":0,"enemies":"Exordium Thugs","floor":14,"turns":6},{"damage":52,"enemies":"The Guardian","floor":16,"turns":15}],"seed_played":"973183221001026099","potions_obtained":[{"floor":1,"key":"SkillPotion"},{"floor":8,"key":"Poison Potion"},{"floor":14,"key":"Regen Potion"}],"is_trial":false,"path_per_floor":["?","?","?","M","?"],"character_chosen":"THE_SILENT","items_purchased":["Backstab","Kunai","Juzu Bracelet"],"campfire_rested":0,"item_purchase_floors":[12,12,12],"current_hp_per_floor":[70,65,65,65,65,65,65,65,65,53,49,49,49,49,49,0],"gold":40,"neow_bonus":"THREE_ENEMY_KILL","is_prod":false,"is_daily":false,"chose_seed":false,"campfire_upgraded":2,"win_rate":0,"timestamp":1552580328,"path_taken":["M","?","M","?","?","R","E","?","T","M","M","$","?","M","R","BOSS"],"build_version":"2019-01-23","purchased_purges":0,"victory":false,"max_hp_per_floor":[70,65,65,65,65,65,65,65,65,65,65,65,65,65,65,65],"card_choices":[{"not_picked":["Leg Sweep","Outmaneuver","Deadly Poison"],"picked":"SKIP","floor":1},{"not_picked":["Deadly Poison","Endless Agony","Escape Plan"],"picked":"SKIP","floor":3},{"not_picked":["Choke","Endless Agony","Acrobatics"],"picked":"SKIP","floor":7},{"not_picked":["Bane","Endless Agony"],"picked":"Outmaneuver","floor":8},{"not_picked":["Doppelganger","Flying Knee","Eviscerate"],"picked":"SKIP","floor":10},{"not_picked":["Terror","Choke","Eviscerate"],"picked":"SKIP","floor":11},{"not_picked":["Reflex","Bouncing Flask","Flechettes"],"picked":"SKIP","floor":14}],"player_experience":294910,"relics_obtained":[{"floor":7,"key":"Whetstone"},{"floor":9,"key":"The Courier"}],"event_choices":[{"damage_healed":0,"gold_gain":0,"player_choice":"Lose Max HP","damage_taken":0,"relics_obtained":["Golden Idol"],"max_hp_gain":0,"max_hp_loss":5,"event_name":"Golden Idol","floor":2,"gold_loss":0},{"damage_healed":0,"gold_gain":0,"player_choice":"Left Gold","damage_taken":0,"max_hp_gain":0,"max_hp_loss":0,"event_name":"World of Goop","floor":4,"gold_loss":42},{"damage_healed":0,"gold_gain":175,"player_choice":"AGREE","damage_taken":0,"max_hp_gain":0,"max_hp_loss":0,"event_name":"Liars Game","floor":5,"gold_loss":0,"cards_obtained":["Doubt"]},{"cards_removed":["Strike_G"],"damage_healed":0,"gold_gain":0,"player_choice":"Forget","damage_taken":0,"max_hp_gain":0,"max_hp_loss":0,"event_name":"Living Wall","floor":13,"gold_loss":0}],"is_beta":false,"boss_relics":[],"items_purged_floors":[],"is_endless":false,"potions_floor_spawned":[1,8,14],"killed_by":"The Guardian","ascension_level":3}