{"gold_per_floor":[114,34,51,51,51,84,96,271,317,335,335,367,53,69,69,174,174,155,172,271,271,287,287],"floor_reached":23,"playtime":823,"items_purged":[],"score":339,"play_id":"809c42fe-a346-433c-b26b-405c6eeb561f","local_time":"20181106020803","is_ascension_mode":true,"campfire_choices":[{"data":"Ball Lightning","floor":11.0,"key":"SMITH"},{"floor":15.0,"key":"REST"}],"neow_cost":"NONE","seed_source_timestamp":2865213923052197,"circlet_count":0,"master_deck":["AscendersBane","Strike_B","Strike_B","Strike_B","Strike_B","Defend_B","Defend_B","Defend_B","Defend_B","Zap","Dualcast","Cold Snap","Self Repair","Ball Lightning+1","Capacitor","Storm","Doubt","FTL","Coolheaded","Defragment+1","Fusion","Conserve Battery","Core Surge","Coolheaded+1","Ball Lightning","Seek"],"special_seed":0,"relics":["Cracked Core","NeowsBlessing","Blood Vial","Potion Belt","Vajra","Frozen Egg 2","MealTicket","Coffee Dripper"],"potions_floor_usage":[19,19,19,23],"damage_taken":[{"damage":0.0,"enemies":"Small Slimes","floor":1.0,"turns":1.0},{"damage":0.0,"enemies":"Jaw Worm","floor":3.0,"turns":1.0},{"damage":0.0,"enemies":"3 Sentries","floor":6.0,"turns":1.0},{"damage":4.0,"enemies":"2 Louse","floor":7.0,"turns":3.0},{"damage":32.0,"enemies":"Exordium Wildlife","floor":10.0,"turns":4.0},{"damage":33.0,"enemies":"Lagavulin","floor":12.0,"turns":6.0},{"damage":13.0,"enemies":"Lots of Slimes","floor":14.0,"turns":3.0},{"damage":2.0,"enemies":"The Guardian","floor":16.0,"turns":12.0},{"damage":27.0,"enemies":"2 Thieves","floor":18.0,"turns":4.0},{"damage":21,"enemies":"3 Byrds","floor":19,"turns":5},{"damage":10,"enemies":"Snecko","floor":22,"turns":5},{"damage":62,"enemies":"Slavers","floor":23,"turns":3}],"seed_played":"-592043855467335885","potions_obtained":[{"floor":1.0,"key":"Dexterity Potion"},{"floor":3.0,"key":"SkillPotion"},{"floor":6.0,"key":"SkillPotion"},{"floor":14.0,"key":"Block Potion"},{"floor":18.0,"key":"SteroidPotion"}],"is_trial":false,"path_per_floor":["M","$","M","?","$","E","M","?","T","M","R","E","$","M","R","B",null,"M","M","?","?","M","E"],"character_chosen":"DEFECT","items_purchased":["Self Repair","Defragment+1","Fusion","MealTicket"],"campfire_rested":1,"item_purchase_floors":[2,13,13,13],"current_hp_per_floor":[68,68,68,61,61,63,68,68,68,45,45,21,21,10,32,39,66,48,36,36,61,60,0],"gold":287,"neow_bonus":"THREE_ENEMY_KILL","is_prod":false,"is_daily":false,"chose_seed":false,"campfire_upgraded":1,"win_rate":0,"timestamp":1541495283,"path_taken":["M","$","M","?","$","E","M","?","T","M","R","E","?","M","R","BOSS","M","M","?","?","M","E"],"build_version":"2018-11-01","purchased_purges":0,"victory":false,"max_hp_per_floor":[75,75,75,75,75,75,75,75,75,75,75,75,75,75,75,75,75,75,75,75,75,75,75],"card_choices":[{"not_picked":["Lockon","Stack"],"picked":"Cold Snap","floor":1.0},{"not_picked":["Melter","Cold Snap"],"picked":"Ball Lightning","floor":3.0},{"not_picked":["Go for the Eyes","Beam Cell"],"picked":"Capacitor","floor":6.0},{"not_picked":["Turbo","BootSequence"],"picked":"Storm","floor":7.0},{"not_picked":["Beam Cell","Steam"],"picked":"FTL","floor":10.0},{"not_picked":["Hyperbeam","Tempest"],"picked":"Coolheaded","floor":12.0},{"not_picked":["Streamline","White Noise"],"picked":"Conserve Battery","floor":14.0},{"not_picked":["Reboot","Multi-Cast"],"picked":"Core Surge","floor":16.0},{"not_picked":["Recycle+1","Undo"],"picked":"Coolheaded+1","floor":18.0},{"not_picked":["Steam","Leap"],"picked":"Ball Lightning","floor":19},{"not_picked":["Sweeping Beam+1","Go for the Eyes"],"picked":"Seek","floor":22}],"player_experience":545020,"relics_obtained":[{"floor":6.0,"key":"Potion Belt"},{"floor":9.0,"key":"Vajra"},{"floor":12.0,"key":"Frozen Egg 2"}],"event_choices":[{"damage_healed":0.0,"max_hp_gain":0.0,"max_hp_loss":0.0,"gold_gain":0.0,"event_name":"Scrap Ooze","player_choice":"Success","floor":4.0,"gold_loss":0.0,"damage_taken":7.0,"relics_obtained":["Blood Vial"]},{"damage_healed":0.0,"max_hp_gain":0.0,"max_hp_loss":0.0,"gold_gain":175.0,"event_name":"Liars Game","player_choice":"AGREE","floor":8.0,"gold_loss":0.0,"damage_taken":0.0,"cards_obtained":["Doubt"]},{"damage_healed":0,"gold_gain":99,"player_choice":"Stole From Cult","damage_taken":0,"max_hp_gain":0,"max_hp_loss":0,"event_name":"Nest","floor":20,"gold_loss":0},{"damage_healed":25,"gold_gain":0,"player_choice":"Heal","damage_taken":0,"max_hp_gain":0,"max_hp_loss":0,"event_name":"The Library","floor":21,"gold_loss":0}],"is_beta":false,"boss_relics":[{"not_picked":["Fusion Hammer","Tiny House"],"picked":"Coffee Dripper"}],"items_purged_floors":[],"is_endless":false,"potions_floor_spawned":[1,3,6,14,18],"killed_by":"Slavers","ascension_level":10}