{"gold_per_floor":[112,112,130,1,13,13,40,40,40,54,4,4,4,22,22,126,126,136,136],"floor_reached":19,"playtime":607,"items_purged":[],"score":175,"play_id":"3ee7c38a-a1d9-4dc2-9c51-1b3e2d288b55","local_time":"20190311110955","is_ascension_mode":true,"campfire_choices":[{"data":"Defragment","floor":6,"key":"SMITH"},{"floor":12,"key":"REST"},{"data":"Redo","floor":15,"key":"SMITH"}],"neow_cost":"TEN_PERCENT_HP_LOSS","seed_source_timestamp":507444050156444,"circlet_count":0,"master_deck":["Strike_B","Strike_B","Defend_B","Defend_B","Defend_B","Zap","Dualcast","Double Energy","Redo+1","Static Discharge","Redo+1","Defragment+1","Barrage","Parasite","Multi-Cast","Turbo"],"relics":["Cracked Core","GremlinMask","Kunai","Darkstone Periapt","Inserter"],"potions_floor_usage":[14],"damage_taken":[{"damage":0,"enemies":"2 Louse","floor":1,"turns":2},{"damage":6,"enemies":"Cultist","floor":3,"turns":4},{"damage":7,"enemies":"Small Slimes","floor":5,"turns":3},{"damage":21,"enemies":"Lagavulin","floor":7,"turns":6},{"damage":5,"enemies":"Looter","floor":10,"turns":2},{"damage":4,"enemies":"3 Louse","floor":14,"turns":2},{"damage":33,"enemies":"The Guardian","floor":16,"turns":7},{"damage":35,"enemies":"2 Thieves","floor":18,"turns":4},{"damage":36,"enemies":"Shell Parasite","floor":19,"turns":5}],"seed_played":"-1372661454208156491","potions_obtained":[{"floor":3,"key":"Explosive Potion"},{"floor":5,"key":"Strength Potion"},{"floor":10,"key":"Dexterity Potion"},{"floor":14,"key":"LiquidBronze"}],"is_trial":false,"path_per_floor":["?","M","?","?","?","M"],"character_chosen":"DEFECT","items_purchased":["Static Discharge","Redo"],"campfire_rested":1,"item_purchase_floors":[4,4],"current_hp_per_floor":[68,68,62,62,55,55,34,51,51,46,46,66,66,62,62,29,68,33,0],"gold":136,"neow_bonus":"REMOVE_TWO","is_prod":false,"is_daily":false,"chose_seed":false,"campfire_upgraded":2,"win_rate":0,"timestamp":1552298995,"path_taken":["M","?","?","$","M","R","E","?","T","M","?","R","?","M","R","BOSS","M","?"],"build_version":"2019-01-23","purchased_purges":0,"victory":false,"max_hp_per_floor":[68,68,68,68,68,68,68,68,68,68,68,68,68,68,68,68,68,68,68],"card_choices":[{"not_picked":["Turbo","Blizzard"],"picked":"Double Energy","floor":1},{"not_picked":["Sunder","Cold Snap"],"picked":"Redo","floor":3},{"not_picked":["Darkness","Sweeping Beam"],"picked":"Defragment","floor":5},{"not_picked":["Steam Power","Stack"],"picked":"Barrage","floor":7},{"not_picked":["Scrape","Heatsinks","Hologram"],"picked":"SKIP","floor":10},{"not_picked":["Double Energy","Steam","Doom and Gloom"],"picked":"SKIP","floor":14},{"not_picked":["Seek","All For One"],"picked":"Multi-Cast","floor":16},{"not_picked":["Cold Snap","Rebound"],"picked":"Turbo","floor":18}],"player_experience":214023,"relics_obtained":[{"floor":7,"key":"Kunai"},{"floor":9,"key":"Darkstone Periapt"}],"event_choices":[{"damage_healed":0,"gold_gain":0,"player_choice":"Trade","damage_taken":0,"relics_obtained":["GremlinMask"],"max_hp_gain":0,"max_hp_loss":0,"event_name":"FaceTrader","floor":2,"gold_loss":0},{"damage_healed":17,"gold_gain":0,"player_choice":"Healed and dodged fight","damage_taken":0,"max_hp_gain":0,"max_hp_loss":0,"event_name":"Mushrooms","floor":8,"gold_loss":0,"cards_obtained":["Parasite"]},{"cards_removed":["Strike_B"],"damage_healed":0,"gold_gain":0,"player_choice":"Card Removal","damage_taken":0,"max_hp_gain":0,"max_hp_loss":0,"event_name":"The Cleric","floor":11,"gold_loss":50},{"damage_healed":0,"gold_gain":0,"player_choice":"Upgraded","damage_taken":0,"max_hp_gain":0,"max_hp_loss":0,"event_name":"Upgrade Shrine","floor":13,"gold_loss":0,"cards_upgraded":["Redo"]}],"is_beta":false,"boss_relics":[{"not_picked":["Sozu","Empty Cage"],"picked":"Inserter"}],"items_purged_floors":[],"is_endless":false,"potions_floor_spawned":[3,5,10,14,16],"killed_by":"Shell Parasite","ascension_level":1}