{"gold_per_floor":[109,109,122,133,11,46,46,63,63,86,86,118,193,193,193,297,297,314,314,314,326,326,356,356,376,376,391,401,143,143,158,158,254,254,265,281,326,336,336,336,42,58,84,84,101,120,135,150,150,150,150,150,101,129,129],"floor_reached":55,"playtime":2716,"items_purged":["Strike_R"],"score":726,"play_id":"4ec3f34a-0254-4f71-9dc7-b3b4148e7a61","local_time":"20190320100500","is_ascension_mode":false,"campfire_choices":[{"floor":7.0,"key":"RECALL"},{"data":"Shrug It Off","floor":11.0,"key":"SMITH"},{"floor":15.0,"key":"REST"},{"data":"Flame Barrier","floor":24.0,"key":"SMITH"},{"data":"Perfected Strike","floor":32.0,"key":"SMITH"},{"data":"Pommel Strike","floor":40.0,"key":"SMITH"},{"data":"Inflame","floor":44.0,"key":"SMITH"},{"data":"Perfected Strike","floor":49.0,"key":"SMITH"},{"data":"Bash","floor":52.0,"key":"SMITH"}],"neow_cost":"NONE","seed_source_timestamp":0,"circlet_count":0,"master_deck":["Strike_R+1","Strike_R+1","Strike_R+1","Strike_R+1","Defend_R+1","Defend_R+1","Defend_R+1","Defend_R+1","Bash+1","Shrug It Off+1","Perfected Strike+1","Warcry","Perfected Strike+1","Pommel Strike+1","Perfected Strike+1","Flame Barrier+1","Perfected Strike+1","Pommel Strike+1","Thunderclap","True Grit+1","Twin Strike","Inflame+1","Pommel Strike+1","Perfected Strike+1","Disarm+1"],"special_seed":0,"relics":["Burning Blood","NeowsBlessing","War Paint","Whetstone","Matryoshka","Coffee Dripper","Happy Flower","Omamori","Bottled Flame","Kunai","Cursed Key","Champion Belt","Toy Ornithopter","Red Skull","Bag of Marbles","Pen Nib"],"potions_floor_usage":[55,55,55],"damage_taken":[{"damage":0.0,"enemies":"Jaw Worm","floor":1.0,"turns":1.0},{"damage":0.0,"enemies":"Cultist","floor":3.0,"turns":1.0},{"damage":0.0,"enemies":"2 Louse","floor":4.0,"turns":2.0},{"damage":42.0,"enemies":"3 Sentries","floor":6.0,"turns":12.0},{"damage":0.0,"enemies":"Blue Slaver","floor":8.0,"turns":4.0},{"damage":28.0,"enemies":"Lagavulin","floor":12.0,"turns":5.0},{"damage":23.0,"enemies":"Slime Boss","floor":16.0,"turns":6.0},{"damage":8.0,"enemies":"3 Byrds","floor":18.0,"turns":5.0},{"damage":10.0,"enemies":"2 Thieves","floor":21.0,"turns":3.0},{"damage":19.0,"enemies":"Gremlin Leader","floor":23.0,"turns":3.0},{"damage":12.0,"enemies":"Centurion and Healer","floor":25.0,"turns":4.0},{"damage":0.0,"enemies":"3 Cultists","floor":27.0,"turns":4.0},{"damage":21.0,"enemies":"Snake Plant","floor":28.0,"turns":2.0},{"damage":0.0,"enemies":"Shelled Parasite and Fungi","floor":31.0,"turns":3.0},{"damage":51.0,"enemies":"Champ","floor":33.0,"turns":7.0},{"damage":0.0,"enemies":"3 Shapes","floor":35.0,"turns":3.0},{"damage":10.0,"enemies":"Orb Walker","floor":36.0,"turns":2.0},{"damage":15.0,"enemies":"2 Orb Walkers","floor":37.0,"turns":2.0},{"damage":8.0,"enemies":"Spire Growth","floor":38.0,"turns":3.0},{"damage":0.0,"enemies":"Sphere and 2 Shapes","floor":42.0,"turns":3.0},{"damage":16.0,"enemies":"Writhing Mass","floor":45.0,"turns":2.0},{"damage":0.0,"enemies":"3 Darklings","floor":46.0,"turns":4.0},{"damage":5.0,"enemies":"Sphere and 2 Shapes","floor":47.0,"turns":4.0},{"damage":3.0,"enemies":"Maw","floor":48.0,"turns":5.0},{"damage":72.0,"enemies":"Time Eater","floor":50.0,"turns":8.0},{"damage":14,"enemies":"Shield and Spear","floor":54,"turns":3},{"damage":92,"enemies":"The Heart","floor":55,"turns":6}],"seed_played":"-1116670478572347522","potions_obtained":[{"floor":2.0,"key":"SneckoOil"},{"floor":2.0,"key":"Weak Potion"},{"floor":2.0,"key":"EntropicBrew"},{"floor":6.0,"key":"BloodPotion"},{"floor":16.0,"key":"AttackPotion"},{"floor":18.0,"key":"Swift Potion"},{"floor":21.0,"key":"Fire Potion"},{"floor":28.0,"key":"FearPotion"},{"floor":31.0,"key":"Fruit Juice"},{"floor":35.0,"key":"Fire Potion"},{"floor":36.0,"key":"Dexterity Potion"},{"floor":42.0,"key":"PowerPotion"}],"is_trial":false,"path_per_floor":["M","?","M","M","$","E","R","M","T","T","R","E","?","$","R","B",null,"M","?","?","M","?","E","R","M","T","M","M","$","$","M","R","B",null,"M","M","?","M","?","R","$","M","T","R","M","M","M","M","R","B",null,"R","$","E","B"],"character_chosen":"IRONCLAD","items_purchased":["Warcry","Kunai","Twin Strike","Inflame","Toy Ornithopter","Dexterity Potion"],"campfire_rested":1,"item_purchase_floors":[5,29,41,41,41,53],"current_hp_per_floor":[80,80,80,80,80,44,44,50,50,50,50,28,17,17,41,32,80,78,78,78,74,74,61,61,55,55,61,46,46,46,52,52,12,85,85,81,72,70,70,70,70,76,76,76,66,72,73,76,76,15,85,85,85,77,0],"gold":129,"neow_bonus":"THREE_ENEMY_KILL","is_prod":false,"is_daily":false,"chose_seed":false,"campfire_upgraded":7,"win_rate":0,"timestamp":1553072700,"path_taken":["M","?","M","M","$","E","R","?","T","?","R","E","?","?","R","BOSS","M","?","?","?","?","E","R","?","T","M","?","?","$","M","R","BOSS","M","M","?","M","?","R","$","M","T","R","?","M","?","M","R","BOSS","R","$","E","BOSS"],"build_version":"2019-01-23","purchased_purges":1,"victory":false,"max_hp_per_floor":[80,80,80,80,80,80,80,80,80,80,80,80,80,80,80,80,80,80,80,80,80,80,80,80,80,80,80,80,80,80,80,80,85,85,85,85,85,85,85,85,85,85,85,85,85,85,85,85,85,85,85,85,85,85,85],"card_choices":[{"not_picked":["Anger","Headbutt"],"picked":"Shrug It Off","floor":1.0},{"not_picked":["Sever Soul","Entrench"],"picked":"Rampage","floor":3.0},{"not_picked":["Heavy Blade","True Grit"],"picked":"Perfected Strike","floor":4.0},{"not_picked":["Iron Wave","Wild Strike"],"picked":"Perfected Strike","floor":6.0},{"not_picked":["Dual Wield","Perfected Strike"],"picked":"Pommel Strike","floor":8.0},{"not_picked":["Feed","Anger","Fire Breathing"],"picked":"SKIP","floor":12.0},{"not_picked":["Second Wind","Heavy Blade","Feel No Pain+1"],"picked":"SKIP","floor":18.0},{"not_picked":["Sentinel","Corruption","Sword Boomerang"],"picked":"SKIP","floor":21.0},{"not_picked":["Limit Break","Intimidate"],"picked":"Flame Barrier","floor":23.0},{"not_picked":["Metallicize","Cleave+1"],"picked":"Perfected Strike","floor":25.0},{"not_picked":["Sentinel","Bloodletting","True Grit"],"picked":"SKIP","floor":27.0},{"not_picked":["Anger","Flex"],"picked":"Pommel Strike","floor":28.0},{"not_picked":["Corruption","Combust"],"picked":"Thunderclap","floor":31.0},{"not_picked":["Pummel","Power Through","Second Wind+1"],"picked":"SKIP","floor":35.0},{"not_picked":["Clash+1","Feel No Pain+1"],"picked":"True Grit+1","floor":36.0},{"not_picked":["Rampage","Flex","True Grit"],"picked":"SKIP","floor":38.0},{"not_picked":["Demon Form","Ghostly Armor"],"picked":"Pommel Strike+1","floor":42.0},{"not_picked":["Uppercut+1","Sentinel+1","Thunderclap+1"],"picked":"SKIP","floor":45.0},{"not_picked":["Shockwave+1","Sword Boomerang","Heavy Blade+1"],"picked":"SKIP","floor":46.0},{"not_picked":["Sever Soul+1","Iron Wave","Bloodletting+1"],"picked":"SKIP","floor":47.0},{"not_picked":["Havoc","Clash+1"],"picked":"Perfected Strike","floor":48.0},{"not_picked":["Exhume","Havoc"],"picked":"Disarm+1","floor":54}],"player_experience":38070,"relics_obtained":[{"floor":6.0,"key":"War Paint"},{"floor":10.0,"key":"Whetstone"},{"floor":12.0,"key":"Matryoshka"},{"floor":23.0,"key":"Happy Flower"},{"floor":26.0,"key":"Omamori"},{"floor":26.0,"key":"Bottled Flame"},{"floor":37.0,"key":"Champion Belt"},{"floor":43.0,"key":"Red Skull"},{"floor":43.0,"key":"Bag of Marbles"},{"floor":54,"key":"Pen Nib"}],"event_choices":[{"damage_healed":0.0,"max_hp_gain":0.0,"max_hp_loss":0.0,"gold_gain":0.0,"event_name":"Lab","player_choice":"Got Potions","floor":2.0,"gold_loss":0.0,"damage_taken":0.0},{"damage_healed":0.0,"max_hp_gain":0.0,"max_hp_loss":0.0,"gold_gain":75.0,"event_name":"World of Goop","player_choice":"Gather Gold","floor":13.0,"gold_loss":0.0,"damage_taken":11.0},{"damage_healed":0.0,"max_hp_gain":0.0,"max_hp_loss":0.0,"gold_gain":0.0,"event_name":"Back to Basics","player_choice":"Simplicity","floor":19.0,"gold_loss":0.0,"damage_taken":0.0,"cards_upgraded":["Strike_R","Strike_R","Strike_R","Strike_R","Defend_R","Defend_R"]},{"damage_healed":0.0,"max_hp_gain":0.0,"max_hp_loss":0.0,"gold_gain":0.0,"event_name":"Duplicator","player_choice":"Copied","floor":20.0,"gold_loss":0.0,"damage_taken":0.0,"cards_obtained":["Perfected Strike"]},{"damage_healed":0.0,"max_hp_gain":0.0,"max_hp_loss":0.0,"gold_gain":0.0,"event_name":"Upgrade Shrine","player_choice":"Upgraded","floor":22.0,"gold_loss":0.0,"damage_taken":0.0,"cards_upgraded":["Pommel Strike"]},{"damage_healed":0.0,"max_hp_gain":0.0,"max_hp_loss":0.0,"gold_gain":0.0,"event_name":"Mysterious Sphere","player_choice":"Fight","floor":37.0,"gold_loss":0.0,"damage_taken":0.0},{"cards_removed":["Rampage"],"damage_healed":0.0,"max_hp_gain":0.0,"max_hp_loss":0.0,"gold_gain":0.0,"event_name":"Purifier","player_choice":"Purged","floor":39.0,"gold_loss":0.0,"damage_taken":0.0}],"is_beta":false,"boss_relics":[{"not_picked":["Astrolabe","Pandora\u0027s Box"],"picked":"Coffee Dripper"},{"not_picked":["Calling Bell","White Beast Statue"],"picked":"Cursed Key"}],"items_purged_floors":[5],"is_endless":false,"potions_floor_spawned":[4,6,8,16,18,21,28,31,35,36,37,42,46],"killed_by":"The Heart","ascension_level":0}