{"gold_per_floor":[112,127,127,127,144,144,144,144,144,155,155,220,220,50,50,145,145,165,180,135,135,149,149,149,149,149,149,249,261,3,3,3,104,104,116,116,116,41,54,54,84,96],"floor_reached":42,"playtime":1791,"items_purged":["Decay"],"score":610,"play_id":"1908d98e-f4f4-4cf3-b469-892d5428d72a","local_time":"20190310112117","daily_mods":["SealedDeck","Heirloom","Time Dilation","Flight"],"is_ascension_mode":false,"campfire_choices":[{"data":"Spot Weakness","floor":6,"key":"SMITH"},{"data":"Armaments","floor":15,"key":"SMITH"},{"floor":23,"key":"REST"},{"floor":25,"key":"REST"},{"data":"Armaments","floor":27,"key":"SMITH"},{"data":"Shrug It Off","floor":32,"key":"SMITH"},{"floor":40,"key":"REST"}],"neow_cost":"","seed_source_timestamp":345520603899555,"circlet_count":0,"master_deck":["Cleave","Cleave","Iron Wave","Pommel Strike","Armaments+1","Twin Strike","Shrug It Off+1","Heavy Blade","Heavy Blade","Spot Weakness+1","Cleave","Heavy Blade","Shrug It Off","Armaments+1","Twin Strike","Shrug It Off+1","Shrug It Off+1","Limit Break+1","Shrug It Off+1"],"relics":["Burning Blood","Dead Branch","NlothsMask","PreservedInsect","Sozu","Nilry\u0027s Codex","Toxic Egg 2","Champion Belt","Meat on the Bone","Frozen Egg 2","Philosopher\u0027s Stone","MawBank"],"potions_floor_usage":[],"damage_taken":[{"damage":0,"enemies":"Cultist","floor":1,"turns":3},{"damage":2,"enemies":"Small Slimes","floor":2,"turns":2},{"damage":2,"enemies":"2 Louse","floor":5,"turns":2},{"damage":0,"enemies":"Lots of Slimes","floor":10,"turns":2},{"damage":32,"enemies":"The Guardian","floor":16,"turns":9},{"damage":12,"enemies":"2 Thieves","floor":18,"turns":2},{"damage":10,"enemies":"3 Byrds","floor":19,"turns":3},{"damage":21,"enemies":"Centurion and Healer","floor":22,"turns":4},{"damage":12,"enemies":"Colosseum Slavers","floor":28,"turns":5},{"damage":3,"enemies":"Colosseum Nobs","floor":28,"turns":3},{"damage":10,"enemies":"3 Cultists","floor":29,"turns":4},{"damage":33,"enemies":"Champ","floor":33,"turns":9},{"damage":13,"enemies":"3 Darklings","floor":35,"turns":3},{"damage":26,"enemies":"3 Shapes","floor":39,"turns":4},{"damage":29,"enemies":"Nemesis","floor":41,"turns":7},{"damage":66,"enemies":"Giant Head","floor":42,"turns":7}],"seed_played":"7061630756320316882","potions_obtained":[{"floor":5,"key":"EssenceOfSteel"},{"floor":16,"key":"Dexterity Potion"}],"is_trial":true,"path_per_floor":["M","?","M","?","$","M","?","?","M","?","?","?","M","?","?"],"character_chosen":"IRONCLAD","items_purchased":["PreservedInsect","Heavy Blade","Twin Strike","Frozen Egg 2"],"campfire_rested":3,"item_purchase_floors":[14,14,20,30],"current_hp_per_floor":[80,80,80,80,80,80,80,80,80,80,80,80,80,80,80,54,80,74,70,70,54,39,63,63,80,80,80,77,73,73,73,73,58,80,73,73,73,73,53,77,54,0],"gold":96,"neow_bonus":"","is_prod":false,"is_daily":false,"chose_seed":false,"campfire_upgraded":4,"win_rate":0,"timestamp":1552213277,"path_taken":["M","?","$","?","?","R","?","?","T","?","$","?","?","$","R","BOSS","M","?","$","?","M","R","?","R","T","R","?","?","$","?","R","BOSS","M","$","?","$","M","R","E","E"],"build_version":"2019-01-23","purchased_purges":1,"victory":false,"max_hp_per_floor":[80,80,80,80,80,80,80,80,80,80,80,80,80,80,80,80,80,80,80,80,80,80,80,80,80,80,80,80,80,80,80,80,80,80,80,80,80,80,80,80,80,80],"card_choices":[{"not_picked":["Dual Wield","Wild Strike","Infernal Blade"],"picked":"SKIP","floor":1},{"not_picked":["Bloodletting","Disarm"],"picked":"Cleave","floor":2},{"not_picked":["Thunderclap","Body Slam","True Grit"],"picked":"SKIP","floor":5},{"not_picked":["Blood for Blood","Bloodletting","Anger"],"picked":"SKIP","floor":10},{"not_picked":["Rupture","Anger+1"],"picked":"Shrug It Off","floor":18},{"not_picked":["Warcry","Pummel"],"picked":"Armaments","floor":19},{"not_picked":["Wild Strike+1","Battle Trance"],"picked":"Shrug It Off+1","floor":22},{"not_picked":["Dropkick","Impervious+1"],"picked":"Shrug It Off+1","floor":28},{"not_picked":["Metallicize+1","Thunderclap","Warcry+1"],"picked":"SKIP","floor":29},{"not_picked":["Reaper","Immolate"],"picked":"Limit Break+1","floor":33},{"not_picked":["Wild Strike+1","Cleave+1"],"picked":"Shrug It Off+1","floor":35},{"not_picked":["Power Through+1","Second Wind+1","Bloodletting+1"],"picked":"SKIP","floor":39},{"not_picked":["Feed","Warcry+1","Carnage+1"],"picked":"SKIP","floor":41}],"player_experience":195450,"relics_obtained":[{"floor":21,"key":"Nilry\u0027s Codex"},{"floor":26,"key":"Toxic Egg 2"},{"floor":28,"key":"Champion Belt"},{"floor":28,"key":"Meat on the Bone"},{"floor":41,"key":"MawBank"}],"event_choices":[{"damage_healed":0,"gold_gain":0,"player_choice":"Ignored","damage_taken":0,"max_hp_gain":0,"max_hp_loss":0,"event_name":"NoteForYourself","floor":4,"gold_loss":0},{"damage_healed":0,"gold_gain":0,"player_choice":"Trade","damage_taken":0,"relics_obtained":["NlothsMask"],"max_hp_gain":0,"max_hp_loss":0,"event_name":"FaceTrader","floor":7,"gold_loss":0},{"damage_healed":0,"gold_gain":65,"player_choice":"Gained Gold","damage_taken":0,"max_hp_gain":0,"max_hp_loss":0,"event_name":"Golden Wing","floor":12,"gold_loss":0},{"damage_healed":0,"gold_gain":0,"player_choice":"Bought 0 Potions","damage_taken":0,"max_hp_gain":0,"max_hp_loss":0,"event_name":"The Woman in Blue","floor":13,"gold_loss":0},{"damage_healed":0,"gold_gain":0,"player_choice":"Obtained Book","damage_taken":16,"max_hp_gain":0,"max_hp_loss":0,"event_name":"Cursed Tome","floor":21,"gold_loss":0},{"damage_healed":0,"gold_gain":0,"player_choice":"Ignored","damage_taken":0,"max_hp_gain":0,"max_hp_loss":0,"event_name":"Vampires","floor":24,"gold_loss":0},{"damage_healed":0,"gold_gain":0,"player_choice":"Fight","damage_taken":0,"max_hp_gain":0,"max_hp_loss":0,"event_name":"Colosseum","floor":28,"gold_loss":0},{"damage_healed":0,"gold_gain":0,"player_choice":"Fought Nobs","damage_taken":0,"max_hp_gain":0,"max_hp_loss":0,"event_name":"Colosseum","floor":28,"gold_loss":0},{"damage_healed":0,"gold_gain":0,"player_choice":"Ignored","damage_taken":0,"max_hp_gain":0,"max_hp_loss":0,"event_name":"Beggar","floor":31,"gold_loss":0},{"damage_healed":0,"gold_gain":0,"player_choice":"Cursed","damage_taken":0,"max_hp_gain":0,"max_hp_loss":0,"event_name":"Wheel of Change","floor":37,"gold_loss":0,"cards_obtained":["Decay"]}],"is_beta":false,"boss_relics":[{"not_picked":["Coffee Dripper","Empty Cage"],"picked":"Sozu"},{"not_picked":["Astrolabe","Mark of Pain"],"picked":"Philosopher\u0027s Stone"}],"items_purged_floors":[38],"is_endless":true,"potions_floor_spawned":[5,16,19,22,29,35,39],"killed_by":"Giant Head","ascension_level":0}