{"gold_per_floor":[111,5,5,105,124,299,130,145,172,187,187,526,551,571,571,697,697,715,740,262,262],"floor_reached":21,"playtime":1269,"items_purged":["Doubt"],"score":224,"play_id":"a7925a64-279c-4588-9eaa-b7ef3bd5ddbb","local_time":"20190318123055","is_ascension_mode":true,"campfire_choices":[{"floor":11,"key":"REST"},{"floor":15,"key":"REST"}],"neow_cost":"NONE","seed_source_timestamp":1851629960498405,"circlet_count":0,"master_deck":["Strike_B","Strike_B","Strike_B","Strike_B","Defend_B","Defend_B","Defend_B","Defend_B","Zap","Dualcast","Double Energy","Defragment","Hologram","Injury","Darkness","Skim","Darkness","Gash","Doom and Gloom","Gash","Consume","Gash","Conserve Battery","Multi-Cast","Gash","Doom and Gloom"],"relics":["Cracked Core","Golden Idol","Centennial Puzzle","Old Coin","Busted Crown","Ice Cream"],"potions_floor_usage":[14,16],"damage_taken":[{"damage":4,"enemies":"Jaw Worm","floor":1,"turns":3},{"damage":4,"enemies":"Small Slimes","floor":5,"turns":3},{"damage":3,"enemies":"Cultist","floor":8,"turns":4},{"damage":11,"enemies":"2 Fungi Beasts","floor":10,"turns":3},{"damage":44,"enemies":"3 Sentries","floor":12,"turns":7},{"damage":11,"enemies":"3 Louse","floor":13,"turns":3},{"damage":24,"enemies":"Gremlin Gang","floor":14,"turns":4},{"damage":13,"enemies":"Slime Boss","floor":16,"turns":6},{"damage":17,"enemies":"Shell Parasite","floor":18,"turns":3},{"damage":29,"enemies":"Spheric Guardian","floor":19,"turns":5},{"damage":51,"enemies":"Shelled Parasite and Fungi","floor":21,"turns":5}],"seed_played":"-5563984523964972779","potions_obtained":[{"floor":8,"key":"Energy Potion"},{"floor":12,"key":"Weak Potion"},{"floor":14,"key":"Block Potion"}],"is_trial":false,"path_per_floor":["M","$","?","?","M","?","$","M","T","M","R","E","M","M","R","B",null,"M","M","$","M"],"character_chosen":"DEFECT","items_purchased":["Defragment","Hologram","Skim","Darkness","Gash","Ice Cream","Gash","Doom and Gloom"],"campfire_rested":2,"item_purchase_floors":[2,2,7,7,7,20,20,20],"current_hp_per_floor":[78,78,78,78,74,74,74,71,71,60,82,38,27,3,27,14,82,65,36,36,0],"gold":262,"neow_bonus":"TEN_PERCENT_HP_BONUS","is_prod":false,"is_daily":false,"chose_seed":false,"campfire_upgraded":0,"win_rate":0,"timestamp":1552923055,"path_taken":["M","$","?","?","?","?","$","M","T","M","R","E","M","M","R","BOSS","M","M","$","M"],"build_version":"2019-01-23","purchased_purges":1,"victory":false,"max_hp_per_floor":[82,82,82,82,82,82,82,82,82,82,82,82,82,82,82,82,82,82,82,82,82],"card_choices":[{"not_picked":["Streamline","Scrape"],"picked":"Double Energy","floor":1},{"not_picked":["Cold Snap","Undo"],"picked":"Darkness","floor":5},{"not_picked":["Compile Driver","Beam Cell"],"picked":"Doom and Gloom","floor":8},{"not_picked":["Cold Snap","Turbo"],"picked":"Gash","floor":10},{"not_picked":["Fission","Conserve Battery"],"picked":"Consume","floor":12},{"not_picked":["Genetic Algorithm","Ball Lightning"],"picked":"Gash","floor":13},{"not_picked":["Scrape","Steam"],"picked":"Conserve Battery","floor":14},{"not_picked":["Hyperbeam","All For One"],"picked":"Multi-Cast","floor":16},{"not_picked":["Rip and Tear+1"],"picked":"SKIP","floor":18},{"not_picked":["Rebound+1"],"picked":"SKIP","floor":19}],"player_experience":88713,"relics_obtained":[{"floor":9,"key":"Centennial Puzzle"},{"floor":12,"key":"Old Coin"}],"event_choices":[{"damage_healed":0,"gold_gain":0,"player_choice":"Take Wound","damage_taken":0,"relics_obtained":["Golden Idol"],"max_hp_gain":0,"max_hp_loss":0,"event_name":"Golden Idol","floor":3,"gold_loss":0,"cards_obtained":["Injury"]},{"damage_healed":0,"gold_gain":100,"player_choice":"Gold","damage_taken":0,"max_hp_gain":0,"max_hp_loss":0,"event_name":"Wheel of Change","floor":4,"gold_loss":0},{"damage_healed":0,"gold_gain":175,"player_choice":"AGREE","damage_taken":0,"max_hp_gain":0,"max_hp_loss":0,"event_name":"Liars Game","floor":6,"gold_loss":0,"cards_obtained":["Doubt"]}],"is_beta":false,"boss_relics":[{"not_picked":["Empty Cage","Lizard Tail"],"picked":"Busted Crown"}],"items_purged_floors":[20],"is_endless":false,"potions_floor_spawned":[8,12,14],"killed_by":"Shelled Parasite and Fungi","ascension_level":2}