{"path_per_floor":["M","?","$","M","M","R","M","R","T","M","?","?","?","?","R","B",null,"M","?","$","?","?","R"],"character_chosen":"DEFECT","items_purchased":["Thunder Strike","Bottled Tornado"],"gold_per_floor":[213,213,65,81,97,97,118,118,171,189,219,294,294,294,294,414,414,435,435,121,121,121,121,121],"floor_reached":24,"campfire_rested":0,"playtime":1004,"current_hp_per_floor":[70,70,70,69,64,64,51,51,51,50,59,48,53,53,53,1,80,27,27,27,27,27,27,4],"items_purged":["Injury"],"gold":121,"score":182,"play_id":"4947d752-6651-4e50-be97-0dca04b4b673","local_time":"20180429221623","is_prod":false,"is_daily":false,"chose_seed":false,"is_ascension_mode":false,"campfire_upgraded":4,"timestamp":1525058183,"path_taken":["M","?","$","?","M","R","M","R","T","M","?","?","?","?","R","BOSS","M","?","$","?","?","R","E"],"build_version":"2018-04-27v3","seed_source_timestamp":1193270006427517,"purchased_purges":1,"victory":false,"master_deck":["Strike_B","Strike_B","Strike_B","Strike_B","Defend_B","Defend_B","Defend_B","Zap+1","Dualcast","Impulse+1","Thunder Strike","Beam Cell+1","Barrage","Go for the Eyes","Leap","Creative AI+1","Auto Shields"],"max_hp_per_floor":[75,75,75,75,75,75,75,75,75,75,75,75,80,80,80,80,80,80,80,80,80,80,80,80],"relics":["Cracked Core","Golden Idol","Anchor","Odd Mushroom","Orichalcum","Inserter","Bottled Tornado"],"card_choices":[{"not_picked":["Barrage","Streamline"],"picked":"Impulse","floor":1.0},{"not_picked":["Hologram","Barrage"],"picked":"Beam Cell","floor":4.0},{"not_picked":["Streamline","Turbo"],"picked":"Barrage","floor":5.0},{"not_picked":["Gash","Cold Snap"],"picked":"Go for the Eyes","floor":7.0},{"not_picked":["Impulse","Recycle"],"picked":"Leap","floor":11.0},{"not_picked":["Reboot","Biased Cognition"],"picked":"Creative AI","floor":16.0},{"not_picked":["Sweeping Beam","Steam Power"],"picked":"Auto Shields","floor":18.0}],"player_experience":21342,"potions_floor_usage":[24,24],"damage_taken":[{"damage":5.0,"enemies":"Jaw Worm","floor":1.0,"turns":4.0},{"damage":1.0,"enemies":"Cultist","floor":4.0,"turns":4.0},{"damage":5.0,"enemies":"Small Slimes","floor":5.0,"turns":3.0},{"damage":13.0,"enemies":"3 Louse","floor":7.0,"turns":4.0},{"damage":1.0,"enemies":"Exordium Wildlife","floor":10.0,"turns":3.0},{"damage":3.0,"enemies":"The Mushroom Lair","floor":11.0,"turns":5.0},{"damage":52.0,"enemies":"Slime Boss","floor":16.0,"turns":13.0},{"damage":53.0,"enemies":"Spheric Guardian","floor":18.0,"turns":8.0},{"damage":23,"enemies":"Slavers","floor":24,"turns":4}],"event_choices":[{"event_name":"Golden Idol","player_choice":"Take Wound","floor":2.0,"damage_taken":0.0},{"event_name":"Mushrooms","player_choice":"Fought Mushrooms","floor":11.0,"damage_taken":0.0},{"event_name":"World of Goop","player_choice":"Gather Gold","floor":12.0,"damage_taken":0.0},{"event_name":"Big Fish","player_choice":"Donut","floor":13.0,"damage_taken":0.0},{"event_name":"Accursed Blacksmith","player_choice":"Rummage","floor":14.0,"damage_taken":0.0},{"event_name":"Ghosts","player_choice":"Ignored","floor":19.0,"damage_taken":0.0},{"event_name":"Purifier","player_choice":"One Purge","floor":21,"damage_taken":0},{"event_name":"Vampires","player_choice":"Ignored","floor":22,"damage_taken":0}],"boss_relics":[],"potions_floor_spawned":[5,10,11,16,18],"seed_played":"7058604620951214924","killed_by":"Slavers","ascension_level":0,"is_trial":false}