{"gold_per_floor":[112,112,125,141,156,156,172,172,199,219,233,408,423,49,49,145,145,161,161,12,25,25],"floor_reached":22,"playtime":1272,"items_purged":["Doubt"],"score":180,"play_id":"a88b724e-34b9-48e2-91e4-60739812d043","local_time":"20190306140252","is_ascension_mode":false,"campfire_choices":[{"data":"Thunder Strike","floor":6,"key":"SMITH"},{"floor":8,"key":"REST"},{"floor":15,"key":"REST"}],"neow_cost":"NONE","seed_source_timestamp":85132271046222,"circlet_count":0,"master_deck":["Strike_B","Strike_B","Strike_B+1","Strike_B+1","Defend_B","Defend_B","Defend_B","Defend_B","Zap","Dualcast","Loop","Heatsinks","Storm","Thunder Strike+1","Coolheaded","Leap","Ball Lightning","Capacitor","Lockon","Creative AI","Cold Snap","Pain","Cold Snap"],"relics":["Cracked Core","Oddly Smooth Stone","Vajra","Whetstone","Bronze Scales","Black Star","WarpedTongs","Lantern"],"potions_floor_usage":[10,16,16],"damage_taken":[{"damage":0,"enemies":"2 Louse","floor":1,"turns":2},{"damage":6,"enemies":"Cultist","floor":3,"turns":3},{"damage":7,"enemies":"Jaw Worm","floor":4,"turns":4},{"damage":1,"enemies":"2 Fungi Beasts","floor":5,"turns":5},{"damage":23,"enemies":"Gremlin Gang","floor":7,"turns":4},{"damage":12,"enemies":"Lots of Slimes","floor":10,"turns":3},{"damage":20,"enemies":"Large Slime","floor":11,"turns":8},{"damage":16,"enemies":"2 Fungi Beasts","floor":13,"turns":4},{"damage":15,"enemies":"The Guardian","floor":16,"turns":8},{"damage":31,"enemies":"Spheric Guardian","floor":18,"turns":6},{"damage":6,"enemies":"Chosen","floor":21,"turns":4},{"damage":44,"enemies":"3 Cultists","floor":22,"turns":4}],"seed_played":"-2620872722173995066","potions_obtained":[{"floor":1,"key":"EssenceOfSteel"},{"floor":3,"key":"Energy Potion"},{"floor":4,"key":"FocusPotion"},{"floor":10,"key":"Weak Potion"}],"is_trial":false,"path_per_floor":["?","M","?","?","M"],"character_chosen":"DEFECT","items_purchased":["Capacitor","Lockon","Bronze Scales","Lantern"],"campfire_rested":2,"item_purchase_floors":[14,14,14,20],"current_hp_per_floor":[75,75,69,62,61,61,38,60,60,48,28,28,12,12,34,19,75,44,44,44,38,0],"gold":25,"neow_bonus":"RANDOM_COMMON_RELIC","is_prod":false,"is_daily":false,"chose_seed":false,"campfire_upgraded":1,"win_rate":0.0,"timestamp":1551877372,"path_taken":["M","?","?","M","M","R","M","R","T","M","M","?","M","$","R","BOSS","M","?","$","?","M"],"build_version":"2019-01-23","purchased_purges":1,"victory":false,"max_hp_per_floor":[75,75,75,75,75,75,75,75,75,75,75,75,75,75,75,75,75,75,75,75,75,75],"card_choices":[{"not_picked":["Stack","White Noise"],"picked":"Loop","floor":1},{"not_picked":["Go for the Eyes","Coolheaded"],"picked":"Heatsinks","floor":3},{"not_picked":["Ball Lightning","Glacier"],"picked":"Storm","floor":4},{"not_picked":["Compile Driver","Beam Cell"],"picked":"Thunder Strike","floor":5},{"not_picked":["Rebound","Turbo"],"picked":"Coolheaded","floor":7},{"not_picked":["Compile Driver","Turbo","Consume"],"picked":"SKIP","floor":10},{"not_picked":["Stack","Rebound"],"picked":"Leap","floor":11},{"not_picked":["Turbo","Go for the Eyes"],"picked":"Ball Lightning","floor":13},{"not_picked":["All For One","Biased Cognition"],"picked":"Creative AI","floor":16},{"not_picked":["FTL","Turbo"],"picked":"Cold Snap","floor":18},{"not_picked":["Gash","Beam Cell"],"picked":"Cold Snap","floor":21}],"player_experience":150853,"relics_obtained":[{"floor":9,"key":"Whetstone"}],"event_choices":[{"damage_healed":0,"gold_gain":0,"player_choice":"Gave Potion","damage_taken":0,"relics_obtained":["Vajra"],"max_hp_gain":0,"max_hp_loss":0,"event_name":"WeMeetAgain","floor":2,"gold_loss":0},{"damage_healed":0,"gold_gain":175,"player_choice":"AGREE","damage_taken":0,"max_hp_gain":0,"max_hp_loss":0,"event_name":"Liars Game","floor":12,"gold_loss":0,"cards_obtained":["Doubt"]},{"damage_healed":0,"gold_gain":0,"player_choice":"Rummage","damage_taken":0,"relics_obtained":["WarpedTongs"],"max_hp_gain":0,"max_hp_loss":0,"event_name":"Accursed Blacksmith","floor":19,"gold_loss":0,"cards_obtained":["Pain"]}],"is_beta":false,"boss_relics":[{"not_picked":["Coffee Dripper","Velvet Choker"],"picked":"Black Star"}],"items_purged_floors":[14],"is_endless":false,"potions_floor_spawned":[1,3,4,10],"killed_by":"3 Cultists","ascension_level":0}