{"gold_per_floor":[114,114,124,124,144,144,158,158,158,188,188,212,41,52,52,52],"floor_reached":16,"playtime":449,"items_purged":[],"score":100,"play_id":"033473c1-b413-415f-832b-30a259640798","local_time":"20190317184341","is_ascension_mode":false,"campfire_choices":[{"data":"Genetic Algorithm","floor":6,"key":"SMITH"},{"floor":11,"key":"REST"},{"floor":15,"key":"REST"}],"neow_cost":"CURSE","seed_source_timestamp":238758706937593,"circlet_count":0,"master_deck":["Strike_B","Strike_B","Defend_B","Defend_B","Defend_B","Defend_B","Zap","Dualcast","Parasite","Echo Form","Conserve Battery","Genetic Algorithm+1","Chaos+1","Biased Cognition","Cold Snap","Self Repair"],"relics":["Cracked Core","CultistMask","Toxic Egg 2","Matryoshka","Omamori","Juzu Bracelet"],"potions_floor_usage":[10,10,10],"damage_taken":[{"damage":0,"enemies":"Small Slimes","floor":1,"turns":3},{"damage":0,"enemies":"Cultist","floor":3,"turns":4},{"damage":1,"enemies":"2 Louse","floor":5,"turns":2},{"damage":13,"enemies":"Blue Slaver","floor":7,"turns":4},{"damage":29,"enemies":"Gremlin Nob","floor":10,"turns":5},{"damage":6,"enemies":"3 Louse","floor":14,"turns":4},{"damage":70,"enemies":"Slime Boss","floor":16,"turns":12}],"seed_played":"-89290850773196952","potions_obtained":[{"floor":1,"key":"Poison Potion"},{"floor":5,"key":"Regen Potion"},{"floor":7,"key":"PowerPotion"}],"is_trial":false,"path_per_floor":["?","M","?","?","T"],"character_chosen":"DEFECT","items_purchased":["Biased Cognition","Cold Snap"],"campfire_rested":2,"item_purchase_floors":[13,13],"current_hp_per_floor":[75,75,75,68,67,67,54,54,54,30,52,52,52,46,68,0],"gold":52,"neow_bonus":"THREE_RARE_CARDS","is_prod":false,"is_daily":false,"chose_seed":false,"campfire_upgraded":1,"win_rate":0,"timestamp":1552844621,"path_taken":["M","?","?","?","M","R","M","?","T","E","R","?","$","M","R","BOSS"],"build_version":"2019-01-23","purchased_purges":0,"victory":false,"max_hp_per_floor":[75,75,75,75,75,75,75,75,75,75,75,75,75,75,75,75],"card_choices":[{"not_picked":["Multi-Cast","Buffer"],"picked":"Echo Form","floor":0},{"not_picked":["Cold Snap","Sweeping Beam"],"picked":"Conserve Battery","floor":1},{"not_picked":["Meteor Strike","Streamline","Beam Cell"],"picked":"SKIP","floor":3},{"not_picked":["Skim","Beam Cell"],"picked":"Genetic Algorithm","floor":5},{"not_picked":["Sweeping Beam","Scrape","Go for the Eyes"],"picked":"SKIP","floor":7},{"not_picked":["Cold Snap","Go for the Eyes"],"picked":"Chaos+1","floor":10},{"not_picked":["Hologram+1","Streamline"],"picked":"Self Repair","floor":14}],"player_experience":370834,"relics_obtained":[{"floor":9,"key":"Toxic Egg 2"},{"floor":10,"key":"Matryoshka"},{"floor":12,"key":"Omamori"},{"floor":12,"key":"Juzu Bracelet"}],"event_choices":[{"damage_healed":0,"gold_gain":0,"player_choice":"Trade","damage_taken":0,"relics_obtained":["CultistMask"],"max_hp_gain":0,"max_hp_loss":0,"event_name":"FaceTrader","floor":2,"gold_loss":0},{"cards_removed":["Strike_B"],"damage_healed":0,"gold_gain":0,"player_choice":"Card Removal","damage_taken":7,"max_hp_gain":0,"max_hp_loss":0,"event_name":"Golden Wing","floor":4,"gold_loss":0},{"cards_removed":["Strike_B"],"damage_healed":0,"gold_gain":0,"player_choice":"Forget","damage_taken":0,"max_hp_gain":0,"max_hp_loss":0,"event_name":"Living Wall","floor":8,"gold_loss":0}],"is_beta":false,"boss_relics":[],"items_purged_floors":[],"is_endless":false,"potions_floor_spawned":[1,5,7],"killed_by":"Slime Boss","ascension_level":0}