{"gold_per_floor":[111,36,36,36,36,36,63,74,74,106,117,127,27,46,46,142,142,158,178,189,189,203,233,249,249],"floor_reached":25,"playtime":2853,"items_purged":["Strike_G","Defend_G"],"score":314,"play_id":"8d8064a4-a660-4f55-bcb5-a174c266ba65","local_time":"20190309202300","is_ascension_mode":true,"campfire_choices":[{"data":"After Image","floor":6.0,"key":"SMITH"},{"data":"Venomology","floor":15.0,"key":"SMITH"}],"neow_cost":"NONE","seed_source_timestamp":251998683892558,"circlet_count":0,"master_deck":["Survivor","Neutralize","Well Laid Plans","After Image+1","Cloak And Dagger","Backflip","Venomology+1","Cloak And Dagger","Corpse Explosion","Endless Agony","Burst","Grand Finale","Dash","Deflect","Accuracy+1","Underhanded Strike","Backstab","Cloak And Dagger+1","Bouncing Flask"],"special_seed":0,"relics":["Ring of the Snake","NeowsBlessing","Gremlin Horn","Vajra","Art of War","Pandora\u0027s Box","Frozen Egg 2"],"potions_floor_usage":[25,25],"damage_taken":[{"damage":0.0,"enemies":"Cultist","floor":1.0,"turns":1.0},{"damage":0.0,"enemies":"Lagavulin","floor":7.0,"turns":2.0},{"damage":0.0,"enemies":"2 Louse","floor":8.0,"turns":2.0},{"damage":23.0,"enemies":"Gremlin Nob","floor":10.0,"turns":6.0},{"damage":0.0,"enemies":"Jaw Worm","floor":11.0,"turns":4.0},{"damage":0.0,"enemies":"Blue Slaver","floor":12.0,"turns":7.0},{"damage":0.0,"enemies":"Looter","floor":14.0,"turns":3.0},{"damage":29.0,"enemies":"Slime Boss","floor":16.0,"turns":19.0},{"damage":0.0,"enemies":"Shell Parasite","floor":18.0,"turns":6.0},{"damage":12.0,"enemies":"2 Thieves","floor":19.0,"turns":2.0},{"damage":0.0,"enemies":"Cultist and Chosen","floor":20.0,"turns":6.0},{"damage":7.0,"enemies":"Shelled Parasite and Fungi","floor":22.0,"turns":6.0},{"damage":33.0,"enemies":"Gremlin Leader","floor":23.0,"turns":6.0},{"damage":0,"enemies":"Chosen and Byrds","floor":24,"turns":6},{"damage":39,"enemies":"Book of Stabbing","floor":25,"turns":6}],"seed_played":"8291132600121301351","potions_obtained":[{"floor":1.0,"key":"Strength Potion"},{"floor":8.0,"key":"Block Potion"},{"floor":10.0,"key":"Dexterity Potion"},{"floor":19.0,"key":"SpeedPotion"},{"floor":24,"key":"Block Potion"}],"is_trial":false,"path_per_floor":["M","$","?","$","T","R","E","M","T","E","M","M","$","M","R","B",null,"M","M","M","?","M","E","M","E"],"character_chosen":"THE_SILENT","items_purchased":[],"campfire_rested":0,"item_purchase_floors":[],"current_hp_per_floor":[70,70,70,70,70,70,70,70,70,47,47,47,47,47,47,18,70,70,58,58,58,51,18,18,0],"gold":249,"neow_bonus":"THREE_ENEMY_KILL","is_prod":false,"is_daily":false,"chose_seed":false,"campfire_upgraded":2,"win_rate":0,"timestamp":1552191780,"path_taken":["M","$","?","$","?","R","E","M","T","E","M","M","$","M","R","BOSS","M","M","M","?","M","E","M","E"],"build_version":"2019-01-23","purchased_purges":2,"victory":false,"max_hp_per_floor":[70,70,70,70,70,70,70,70,70,70,70,70,70,70,70,70,70,70,70,70,70,70,70,70,70],"card_choices":[{"not_picked":["Underhanded Strike","Backstab"],"picked":"Well Laid Plans","floor":1.0},{"not_picked":["Endless Agony","Bane"],"picked":"Cloak And Dagger","floor":7.0},{"not_picked":["Calculated Gamble","Dagger Throw"],"picked":"Backflip","floor":8.0},{"not_picked":["Bane","Underhanded Strike","Riddle With Holes"],"picked":"SKIP","floor":10.0},{"not_picked":["Prepared","Skewer"],"picked":"Venomology","floor":11.0},{"not_picked":["Dagger Throw","Sucker Punch"],"picked":"Cloak And Dagger","floor":12.0},{"not_picked":["Dodge and Roll","PiercingWail","Poisoned Stab"],"picked":"SKIP","floor":14.0},{"not_picked":["Phantasmal Killer","Venomology"],"picked":"Corpse Explosion","floor":16.0},{"not_picked":["Underhanded Strike","Bane"],"picked":"Cloak And Dagger+1","floor":18.0},{"not_picked":["Acrobatics","Slice"],"picked":"Bouncing Flask","floor":19.0},{"not_picked":["Quick Slash","Escape Plan","Eviscerate"],"picked":"SKIP","floor":20.0},{"not_picked":["Blur","Finisher","Outmaneuver+1"],"picked":"SKIP","floor":22.0},{"not_picked":["Wraith Form v2","Blade Dance","Slice"],"picked":"SKIP","floor":23.0},{"not_picked":["Crippling Poison","Flying Knee","Cloak And Dagger"],"picked":"SKIP","floor":24}],"player_experience":92726,"relics_obtained":[{"floor":5.0,"key":"Gremlin Horn"},{"floor":7.0,"key":"Vajra"},{"floor":10.0,"key":"Art of War"},{"floor":23.0,"key":"Frozen Egg 2"}],"event_choices":[{"damage_healed":0.0,"max_hp_gain":0.0,"max_hp_loss":0.0,"gold_gain":0.0,"event_name":"Match and Keep!","player_choice":"1 cards matched","floor":3.0,"gold_loss":0.0,"damage_taken":0.0,"cards_obtained":["After Image"]},{"damage_healed":0.0,"max_hp_gain":0.0,"max_hp_loss":0.0,"gold_gain":0.0,"event_name":"Accursed Blacksmith","player_choice":"Forge","floor":21.0,"gold_loss":0.0,"damage_taken":0.0,"cards_upgraded":["Accuracy"]}],"is_beta":false,"boss_relics":[{"not_picked":["Tiny House","Coffee Dripper"],"picked":"Pandora\u0027s Box"}],"items_purged_floors":[2,13],"is_endless":false,"potions_floor_spawned":[1,8,10,12,19,24],"killed_by":"Book of Stabbing","ascension_level":2}