{"gold_per_floor":[115,134,194,205,217,217,248,264,264,315,346,346,346,346,346,346],"floor_reached":16,"playtime":1212,"items_purged":[],"score":110,"play_id":"1e539955-f61f-469b-afb3-db3ffb2405f7","local_time":"20180626214755","is_ascension_mode":false,"campfire_choices":[{"data":"Carnage","floor":6,"key":"SMITH"},{"floor":12,"key":"REST"},{"data":"Seeing Red","floor":15,"key":"SMITH"}],"neow_cost":"","seed_source_timestamp":18224512922185,"circlet_count":0,"master_deck":["Strike_R","Strike_R","Strike_R","Strike_R","Defend_R","Defend_R","Defend_R","Defend_R","Bash","Pummel","Carnage+1","Anger","Combust","Second Wind","Thunderclap","Seeing Red+1"],"relics":["Burning Blood","Regal Pillow","Ancient Tea Set","Lantern","Bag of Marbles"],"potions_floor_usage":[16,16,16],"damage_taken":[{"damage":12,"enemies":"2 Louse","floor":1,"turns":3},{"damage":9,"enemies":"Jaw Worm","floor":2,"turns":6},{"damage":0,"enemies":"Small Slimes","floor":4,"turns":3},{"damage":15,"enemies":"Looter","floor":5,"turns":3},{"damage":16,"enemies":"Gremlin Nob","floor":7,"turns":4},{"damage":14,"enemies":"Exordium Wildlife","floor":8,"turns":4},{"damage":19,"enemies":"3 Sentries","floor":11,"turns":6},{"damage":81,"enemies":"The Guardian","floor":16,"turns":8}],"seed_played":"-7967407998061941745","potions_obtained":[{"floor":1,"key":"EssenceOfSteel"},{"floor":4,"key":"SkillPotion"},{"floor":5,"key":"Strength Potion"},{"floor":7,"key":"Energy Potion"}],"is_trial":false,"path_per_floor":["M","M","?","M","M","R","E","M","T","T","E","R","?","?","R"],"character_chosen":"IRONCLAD","items_purchased":[],"campfire_rested":1,"item_purchase_floors":[],"current_hp_per_floor":[74,71,71,77,68,68,58,50,50,50,37,76,76,81,81,0],"gold":346,"neow_bonus":"","is_prod":false,"is_daily":false,"chose_seed":false,"campfire_upgraded":2,"win_rate":0.0,"timestamp":1530071275,"path_taken":["M","M","?","M","M","R","E","M","T","?","E","R","?","?","R","BOSS"],"build_version":"2018-06-21v2","purchased_purges":0,"victory":false,"max_hp_per_floor":[80,80,80,80,80,80,80,80,80,80,80,80,80,85,85,85],"card_choices":[{"not_picked":["Dual Wield","Headbutt"],"picked":"Pummel","floor":1},{"not_picked":["Sword Boomerang","Shrug It Off"],"picked":"Carnage","floor":2},{"not_picked":["Sword Boomerang","Flex"],"picked":"Anger","floor":4},{"not_picked":["Metallicize","Bloodletting"],"picked":"Combust","floor":5},{"not_picked":["True Grit","Fiend Fire"],"picked":"Second Wind","floor":7},{"not_picked":["Twin Strike","Armaments"],"picked":"Thunderclap","floor":8},{"not_picked":["Fiend Fire","Fire Breathing"],"picked":"Seeing Red","floor":11}],"player_experience":0,"relics_obtained":[{"floor":7,"key":"Regal Pillow"},{"floor":9,"key":"Ancient Tea Set"},{"floor":10,"key":"Lantern"},{"floor":11,"key":"Bag of Marbles"}],"event_choices":[{"event_name":"Golden Wing","player_choice":"Gained Gold","floor":3,"damage_taken":0},{"event_name":"Purifier","player_choice":"One Purge","floor":13,"damage_taken":0},{"event_name":"Big Fish","player_choice":"Donut","floor":14,"damage_taken":0}],"boss_relics":[],"items_purged_floors":[],"is_endless":false,"potions_floor_spawned":[1,4,5,7],"killed_by":"The Guardian","ascension_level":0}