{"gold_per_floor":[114,114,79,79,103,103,134,159,205,16,16,60,81,81,81,204,204,223,223,244,264,108,108,149,149,149,149,164,164],"floor_reached":29,"playtime":1524,"items_purged":["Strike_R"],"score":276,"play_id":"c1876436-8347-496f-9170-8a7cc1972c5c","local_time":"20190319213306","is_ascension_mode":false,"campfire_choices":[{"data":"Inflame","floor":6,"key":"SMITH"},{"data":"Bloodletting","floor":11,"key":"SMITH"},{"floor":15,"key":"REST"},{"data":"Limit Break","floor":23,"key":"SMITH"},{"floor":27,"key":"REST"}],"neow_cost":"NONE","seed_source_timestamp":396456004041600,"circlet_count":0,"master_deck":["Strike_R","Strike_R+1","Strike_R+1","Defend_R","Defend_R","Defend_R","Defend_R","Bash","Ghostly Armor+1","Inflame+1","Battle Trance","Bloodletting+1","Inflame","Cleave","Twin Strike","Limit Break+1","Thunderclap","Infernal Blade","Carnage","Dual Wield","Sword Boomerang","Flex+1","Fiend Fire","Cleave+1","Carnage+1","Dropkick","Reaper","Thunderclap"],"relics":["Burning Blood","NeowsBlessing","Golden Idol","PreservedInsect","Lantern","Boot","Whetstone","Orrery","Pantograph","Smiling Mask"],"potions_floor_usage":[8,16,16,25],"damage_taken":[{"damage":0,"enemies":"Small Slimes","floor":1,"turns":1},{"damage":0,"enemies":"2 Louse","floor":5,"turns":1},{"damage":0,"enemies":"3 Sentries","floor":7,"turns":2},{"damage":0,"enemies":"Jaw Worm","floor":8,"turns":4},{"damage":34,"enemies":"Gremlin Nob","floor":12,"turns":4},{"damage":10,"enemies":"Looter","floor":13,"turns":3},{"damage":27,"enemies":"Slime Boss","floor":16,"turns":8},{"damage":15,"enemies":"2 Thieves","floor":18,"turns":4},{"damage":0,"enemies":"Spheric Guardian","floor":20,"turns":3},{"damage":21,"enemies":"Snake Plant","floor":21,"turns":3},{"damage":34,"enemies":"Slavers","floor":24,"turns":3},{"damage":22,"enemies":"Colosseum Slavers","floor":25,"turns":3},{"damage":18,"enemies":"Colosseum Nobs","floor":25,"turns":3},{"damage":47,"enemies":"Snecko","floor":28,"turns":6},{"damage":17,"enemies":"3 Cultists","floor":29,"turns":3}],"seed_played":"1353351572837724940","potions_obtained":[{"floor":1,"key":"SmokeBomb"},{"floor":5,"key":"Weak Potion"},{"floor":12,"key":"Strength Potion"},{"floor":13,"key":"SteroidPotion"}],"is_trial":false,"path_per_floor":["M","?","?","?","M","R","E","M","T","$","R","E","M","?","R","B",null,"M","?","M","M","$","R","E","?","T","R","M","M"],"character_chosen":"IRONCLAD","items_purchased":["Inflame","Boot","Dropkick"],"campfire_rested":2,"item_purchase_floors":[10,10,22],"current_hp_per_floor":[80,60,80,80,80,80,80,80,80,80,80,52,48,48,72,51,80,71,71,77,62,62,62,34,16,16,40,9,0],"gold":164,"neow_bonus":"THREE_ENEMY_KILL","is_prod":false,"is_daily":false,"chose_seed":false,"campfire_upgraded":3,"win_rate":0.0,"timestamp":1553045586,"path_taken":["M","?","?","?","M","R","E","M","T","$","R","E","?","?","R","BOSS","M","?","?","M","?","R","E","?","T","R","M","M"],"build_version":"2019-01-23","purchased_purges":1,"victory":false,"max_hp_per_floor":[80,80,80,80,80,80,80,80,80,80,80,80,80,80,80,80,80,80,80,80,80,80,80,80,80,80,80,80,80],"card_choices":[{"not_picked":["Spot Weakness","Thunderclap"],"picked":"Ghostly Armor","floor":1},{"not_picked":["Blood for Blood","Sentinel"],"picked":"Inflame","floor":5},{"not_picked":["Twin Strike","Carnage"],"picked":"Battle Trance","floor":7},{"not_picked":["Carnage","Twin Strike"],"picked":"Bloodletting","floor":8},{"not_picked":["Twin Strike","Perfected Strike"],"picked":"Cleave","floor":12},{"not_picked":["Inflame","Sword Boomerang"],"picked":"Twin Strike","floor":13},{"not_picked":["Dark Embrace","Offering"],"picked":"Limit Break","floor":16},{"not_picked":["Body Slam","Sword Boomerang"],"picked":"Thunderclap","floor":17},{"not_picked":["True Grit","Clothesline"],"picked":"Infernal Blade","floor":17},{"not_picked":["Havoc","Body Slam"],"picked":"Carnage","floor":17},{"not_picked":["Second Wind","Headbutt"],"picked":"Dual Wield","floor":17},{"not_picked":["Fire Breathing","Evolve"],"picked":"Sword Boomerang","floor":17},{"not_picked":["Uppercut","Ghostly Armor+1"],"picked":"Flex+1","floor":18},{"not_picked":["Feel No Pain+1","Thunderclap"],"picked":"Cleave+1","floor":20},{"not_picked":["Body Slam","Sword Boomerang"],"picked":"Carnage+1","floor":21},{"not_picked":["Bludgeon","Anger"],"picked":"Reaper","floor":24},{"not_picked":["Clothesline","Dual Wield"],"picked":"Thunderclap","floor":28}],"player_experience":80545,"relics_obtained":[{"floor":7,"key":"PreservedInsect"},{"floor":9,"key":"Lantern"},{"floor":12,"key":"Whetstone"},{"floor":24,"key":"Pantograph"},{"floor":26,"key":"Smiling Mask"}],"event_choices":[{"damage_healed":0,"gold_gain":0,"player_choice":"Take Damage","damage_taken":20,"relics_obtained":["Golden Idol"],"max_hp_gain":0,"max_hp_loss":0,"event_name":"Golden Idol","floor":2,"gold_loss":0},{"damage_healed":20,"gold_gain":0,"player_choice":"Healed","damage_taken":0,"max_hp_gain":0,"max_hp_loss":0,"event_name":"The Cleric","floor":3,"gold_loss":35},{"damage_healed":0,"gold_gain":0,"player_choice":"Grow","damage_taken":0,"max_hp_gain":0,"max_hp_loss":0,"event_name":"Living Wall","floor":4,"gold_loss":0,"cards_upgraded":["Ghostly Armor"]},{"cards_removed":["Strike_R"],"damage_healed":0,"gold_gain":0,"player_choice":"Purged","damage_taken":0,"max_hp_gain":0,"max_hp_loss":0,"event_name":"Purifier","floor":14,"gold_loss":0},{"damage_healed":0,"gold_gain":0,"player_choice":"1 cards matched","damage_taken":0,"max_hp_gain":0,"max_hp_loss":0,"event_name":"Match and Keep!","floor":19,"gold_loss":0,"cards_obtained":["Fiend Fire"]},{"damage_healed":0,"gold_gain":0,"player_choice":"Fight","damage_taken":0,"max_hp_gain":0,"max_hp_loss":0,"event_name":"Colosseum","floor":25,"gold_loss":0},{"damage_healed":0,"gold_gain":0,"player_choice":"Fought Nobs","damage_taken":0,"max_hp_gain":0,"max_hp_loss":0,"event_name":"Colosseum","floor":25,"gold_loss":0}],"is_beta":false,"boss_relics":[{"not_picked":["Coffee Dripper","Busted Crown"],"picked":"Orrery"}],"items_purged_floors":[22],"is_endless":false,"potions_floor_spawned":[1,5,12,13,25,25],"killed_by":"3 Cultists","ascension_level":0}