{"gold_per_floor":[117,127,147,167,53,53,71,88,88,88,88,88,115,131,131,229,229,242,261,286,296,296,296,296,24,24,34,45,0,0,14,14,14],"floor_reached":33,"playtime":1342,"items_purged":["Strike_B"],"score":241,"play_id":"0d1506e3-9368-4036-9409-60c1f3946a6a","local_time":"20180807163952","is_ascension_mode":false,"campfire_choices":[{"data":"Zap","floor":6.0,"key":"SMITH"},{"data":"Dualcast","floor":10.0,"key":"SMITH"},{"data":"Chaos","floor":12.0,"key":"SMITH"},{"data":"Hologram","floor":15.0,"key":"SMITH"},{"data":"Rainbow","floor":23.0,"key":"SMITH"},{"floor":32.0,"key":"REST"}],"neow_cost":"NONE","seed_source_timestamp":0,"circlet_count":0,"master_deck":["Strike_B","Strike_B+1","Strike_B","Defend_B","Defend_B","Defend_B","Defend_B","Zap+1","Dualcast+1","Steam","Chill","Scrape+1","Rebound","Chaos+1","Cold Snap","Hologram+1","Rainbow+1","Double Energy","Chaos+1","Fusion","Panache","Cold Snap+1","Go for the Eyes","Redo"],"special_seed":0,"relics":["Busted Crown"],"potions_floor_usage":[33],"damage_taken":[{"damage":4.0,"enemies":"Cultist","floor":1.0,"turns":4.0},{"damage":0.0,"enemies":"2 Louse","floor":2.0,"turns":2.0},{"damage":0.0,"enemies":"Jaw Worm","floor":3.0,"turns":4.0},{"damage":0.0,"enemies":"3 Louse","floor":4.0,"turns":4.0},{"damage":0.0,"enemies":"Exordium Wildlife","floor":7.0,"turns":4.0},{"damage":0.0,"enemies":"Looter","floor":8.0,"turns":3.0},{"damage":3.0,"floor":13.0,"turns":5.0},{"damage":0.0,"enemies":"3 Louse","floor":14.0,"turns":4.0},{"damage":20.0,"enemies":"Slime Boss","floor":16.0,"turns":12.0},{"damage":5.0,"enemies":"3 Byrds","floor":18.0,"turns":5.0},{"damage":0.0,"enemies":"Chosen","floor":19.0,"turns":4.0},{"damage":22.0,"floor":20.0,"turns":6.0},{"damage":10.0,"enemies":"Centurion and Healer","floor":21.0,"turns":10.0},{"damage":16.0,"enemies":"Snecko","floor":27.0,"turns":4.0},{"damage":4.0,"enemies":"Cultist and Chosen","floor":28.0,"turns":7.0},{"damage":12.0,"enemies":"Snake Plant","floor":31.0,"turns":5.0},{"damage":46,"enemies":"Champ","floor":33,"turns":10}],"seed_played":"-8527002124196710396","potions_obtained":[{"floor":3.0,"key":"SteroidPotion"},{"floor":7.0,"key":"Dexterity Potion"},{"floor":8.0,"key":"Regen Potion"},{"floor":21.0,"key":"Ancient Potion"},{"floor":28.0,"key":"Poison Potion"}],"is_trial":false,"path_per_floor":["M","M","M","M","$","R","M","M","T","R","?","R","?","M","R","B",null,"M","M","?","M","?","R","?","$","T","M","M","$","$","M","R"],"character_chosen":"DEFECT","items_purchased":["Chaos","Fusion","Panache","Go for the Eyes"],"campfire_rested":1,"item_purchase_floors":[5,25,25,29],"current_hp_per_floor":[71,71,71,71,71,71,71,71,71,71,56,56,53,53,53,33,75,70,70,62,52,52,52,52,52,52,36,32,32,32,20,42,0],"gold":14,"neow_bonus":"BOSS_RELIC","is_prod":false,"is_daily":false,"chose_seed":false,"campfire_upgraded":5,"win_rate":0,"timestamp":1533681592,"path_taken":["M","M","M","?","$","R","M","M","T","R","?","R","?","M","R","BOSS","M","M","?","M","?","R","?","$","T","M","?","?","$","M","R","BOSS"],"build_version":"2018-08-02","purchased_purges":1,"victory":false,"max_hp_per_floor":[75,75,75,75,75,75,75,75,75,75,75,75,75,75,75,75,75,75,75,75,75,75,75,75,75,75,75,75,75,75,75,75,75],"card_choices":[{"not_picked":[],"picked":"Steam","floor":1.0},{"not_picked":[],"picked":"Chill","floor":2.0},{"not_picked":[],"picked":"Scrape","floor":3.0},{"not_picked":[],"picked":"Rebound","floor":4.0},{"not_picked":[],"picked":"Cold Snap","floor":7.0},{"not_picked":["Rebound"],"picked":"SKIP","floor":8.0},{"not_picked":[],"picked":"Hologram","floor":14.0},{"not_picked":[],"picked":"Rainbow","floor":16.0},{"not_picked":["Sweeping Beam"],"picked":"SKIP","floor":18.0},{"not_picked":[],"picked":"Double Energy","floor":19.0},{"not_picked":["Hologram"],"picked":"SKIP","floor":21.0},{"not_picked":["Double Energy"],"picked":"SKIP","floor":27.0},{"not_picked":[],"picked":"Cold Snap+1","floor":28.0},{"not_picked":[],"picked":"Redo","floor":31.0}],"player_experience":356844,"relics_obtained":[],"event_choices":[{"event_name":"Shining Light","player_choice":"Entered Light","floor":11.0,"damage_taken":0.0},{"event_name":"Mushrooms","player_choice":"Fought Mushrooms","floor":13.0,"damage_taken":0.0},{"event_name":"Masked Bandits","player_choice":"Fought over 261 gold","floor":20.0,"damage_taken":0.0},{"event_name":"Duplicator","player_choice":"One dupe","floor":22.0,"damage_taken":0.0},{"event_name":"Cursed Tome","player_choice":"Ignored","floor":24.0,"damage_taken":0.0}],"is_beta":false,"boss_relics":[{"not_picked":["Black Star","Lizard Tail","Ectoplasm"]}],"items_purged_floors":[5],"is_endless":false,"potions_floor_spawned":[3,7,8,16,18,21,27,28],"killed_by":"Champ","ascension_level":0}