{"gold_per_floor":[115,132,132,150,150,177,177,190,244,256,106,126,158,158,158,259,259,259,199,199,199,199,199,199,199,199,199,199,199,199,199,199,199],"floor_reached":33,"playtime":1875,"items_purged":["Strike_B"],"score":369,"play_id":"abebb6d8-faa2-425f-bdd2-e5a601c91156","local_time":"20190319171848","is_ascension_mode":true,"campfire_choices":[{"floor":7,"key":"REST"},{"floor":15,"key":"REST"},{"floor":23,"key":"REST"},{"floor":27,"key":"REST"},{"floor":30,"key":"REST"},{"data":"Creative AI","floor":32,"key":"SMITH"}],"neow_cost":"NONE","seed_source_timestamp":405022079103040,"circlet_count":0,"master_deck":["Defend_B","Defend_B","Defend_B","Defend_B","Zap","Dualcast","Cold Snap","Turbo","Static Discharge","Glacier","Capacitor+1","Coolheaded","Ball Lightning","Conserve Battery","Leap","Coolheaded","Creative AI+1","Chaos","Leap+1","Capacitor","Blizzard+1","Bite","Bite","Bite","Bite","Bite"],"relics":["Cracked Core","Juzu Bracelet","Ectoplasm","MawBank","Bag of Preparation","Dodecahedron"],"potions_floor_usage":[10,25,25,33,33,33,33,33],"damage_taken":[{"damage":0,"enemies":"Small Slimes","floor":1,"turns":3},{"damage":2,"enemies":"2 Louse","floor":2,"turns":3},{"damage":0,"enemies":"Cultist","floor":4,"turns":4},{"damage":29,"enemies":"Gremlin Nob","floor":6,"turns":4},{"damage":9,"enemies":"Looter","floor":8,"turns":3},{"damage":0,"enemies":"3 Louse","floor":10,"turns":3},{"damage":4,"enemies":"2 Fungi Beasts","floor":12,"turns":4},{"damage":16,"enemies":"3 Sentries","floor":13,"turns":10},{"damage":52,"enemies":"The Guardian","floor":16,"turns":19},{"damage":0,"enemies":"Chosen","floor":18,"turns":6},{"damage":14,"enemies":"2 Thieves","floor":19,"turns":4},{"damage":32,"enemies":"Shelled Parasite and Fungi","floor":20,"turns":12},{"damage":6,"enemies":"Centurion and Healer","floor":24,"turns":7},{"damage":26,"enemies":"Slavers","floor":25,"turns":5},{"damage":107,"enemies":"Champ","floor":33,"turns":18}],"seed_played":"4124561218343024580","potions_obtained":[{"floor":2,"key":"Weak Potion"},{"floor":8,"key":"Explosive Potion"},{"floor":10,"key":"LiquidBronze"},{"floor":12,"key":"Explosive Potion"},{"floor":31,"key":"Energy Potion"},{"floor":31,"key":"EntropicBrew"}],"is_trial":false,"path_per_floor":["?","?","M","?","?","?","T","?","?"],"character_chosen":"DEFECT","items_purchased":["Ball Lightning","Conserve Battery"],"campfire_rested":5,"item_purchase_floors":[11,11],"current_hp_per_floor":[75,73,73,73,73,44,66,57,57,59,59,57,43,43,65,15,60,62,50,20,20,20,42,38,14,14,36,36,36,58,58,58,0],"gold":199,"neow_bonus":"REMOVE_CARD","is_prod":false,"is_daily":false,"chose_seed":false,"campfire_upgraded":1,"win_rate":0,"timestamp":1553012328,"path_taken":["M","M","?","M","?","E","R","?","T","M","$","M","E","?","R","BOSS","M","M","M","?","?","R","M","E","T","R","?","?","R","?","R","BOSS"],"build_version":"2019-01-23","purchased_purges":1,"victory":false,"max_hp_per_floor":[75,75,75,75,75,75,75,75,75,75,75,75,75,75,75,75,75,75,75,75,75,75,75,75,75,75,75,75,75,75,75,75,75],"card_choices":[{"not_picked":["Steam","Gash"],"picked":"Cold Snap","floor":1},{"not_picked":["Gash","Sunder"],"picked":"Turbo","floor":2},{"not_picked":["Turbo","Conserve Battery"],"picked":"Static Discharge","floor":4},{"not_picked":["Reboot","Coolheaded"],"picked":"Glacier","floor":6},{"not_picked":["Coolheaded","Barrage"],"picked":"Capacitor","floor":8},{"not_picked":["Beam Cell","Leap"],"picked":"Coolheaded","floor":10},{"not_picked":["Buffer","Scrape"],"picked":"Leap","floor":12},{"not_picked":["Turbo","Streamline"],"picked":"Coolheaded","floor":13},{"not_picked":["Biased Cognition","Multi-Cast"],"picked":"Creative AI","floor":16},{"not_picked":["Hologram","Auto Shields"],"picked":"Chaos","floor":18},{"not_picked":["Genetic Algorithm","Hologram+1"],"picked":"Leap+1","floor":19},{"not_picked":["Scrape","Rebound"],"picked":"Capacitor","floor":20},{"not_picked":["Rebound","Chill"],"picked":"Blizzard+1","floor":24},{"not_picked":["Go for the Eyes","Double Energy","Machine Learning"],"picked":"SKIP","floor":25}],"player_experience":414732,"relics_obtained":[{"floor":9,"key":"Blood Vial"},{"floor":13,"key":"Juzu Bracelet"},{"floor":25,"key":"MawBank"},{"floor":26,"key":"Bag of Preparation"},{"floor":28,"key":"Dodecahedron"}],"event_choices":[{"damage_healed":0,"gold_gain":0,"player_choice":"Ignored","damage_taken":0,"max_hp_gain":0,"max_hp_loss":0,"event_name":"Golden Wing","floor":3,"gold_loss":0},{"damage_healed":0,"gold_gain":0,"player_choice":"Bought 0 Potions","damage_taken":0,"max_hp_gain":0,"max_hp_loss":0,"event_name":"The Woman in Blue","floor":5,"gold_loss":0},{"damage_healed":0,"gold_gain":0,"player_choice":"Grow","damage_taken":0,"max_hp_gain":0,"max_hp_loss":0,"event_name":"Living Wall","floor":14,"gold_loss":0,"cards_upgraded":["Capacitor"]},{"damage_healed":0,"gold_gain":0,"player_choice":"Ignored","damage_taken":0,"max_hp_gain":0,"max_hp_loss":0,"event_name":"Beggar","floor":21,"gold_loss":0},{"damage_healed":0,"gold_gain":99,"player_choice":"Stole From Cult","damage_taken":0,"max_hp_gain":0,"max_hp_loss":0,"event_name":"Nest","floor":22,"gold_loss":0},{"damage_healed":0,"gold_gain":0,"player_choice":"Became a vampire (Vial)","damage_taken":0,"max_hp_gain":0,"max_hp_loss":0,"event_name":"Vampires","floor":29,"relics_lost":["Blood Vial"],"gold_loss":0,"cards_obtained":["Bite","Bite","Bite","Bite","Bite"]},{"damage_healed":0,"gold_gain":0,"player_choice":"Got Potions","damage_taken":0,"max_hp_gain":0,"max_hp_loss":0,"event_name":"Lab","floor":31,"gold_loss":0}],"is_beta":false,"boss_relics":[{"not_picked":["Empty Cage","Sozu"],"picked":"Ectoplasm"}],"items_purged_floors":[11],"is_endless":false,"potions_floor_spawned":[2,8,10,12,16,18,19],"killed_by":"Champ","ascension_level":5}