{"gold_per_floor":[115,115,34,49,73,111,111,124,124,124,124,140,140,160,160,291,354,372,397,410,410],"floor_reached":21,"playtime":2257,"items_purged":[],"score":208,"play_id":"bf4e8903-d415-4e76-8106-e27dca77d349","local_time":"20190213002328","is_ascension_mode":false,"campfire_choices":[{"floor":7,"key":"REST"},{"floor":10,"key":"REST"},{"data":"Catalyst","floor":13,"key":"SMITH"},{"floor":15,"key":"REST"}],"neow_cost":"NONE","seed_source_timestamp":1141946413689900,"circlet_count":0,"master_deck":["Defend_G","Defend_G","Defend_G+1","Defend_G","Defend_G+1","Strike_G","Strike_G","Strike_G","Strike_G","Strike_G","Survivor+1","Neutralize","Prepared","Noxious Fumes","PiercingWail","Catalyst+1","Night Terror","Prepared"],"relics":["Ring of the Snake","Golden Idol","War Paint","Pear","Tiny House"],"potions_floor_usage":[14,16],"damage_taken":[{"damage":7,"enemies":"Cultist","floor":1,"turns":5},{"damage":0,"enemies":"Small Slimes","floor":4,"turns":5},{"damage":0,"enemies":"Jaw Worm","floor":5,"turns":5},{"damage":34,"enemies":"Lagavulin","floor":6,"turns":11},{"damage":18,"enemies":"Large Slime","floor":8,"turns":10},{"damage":0,"enemies":"2 Fungi Beasts","floor":12,"turns":5},{"damage":9,"enemies":"Exordium Thugs","floor":14,"turns":6},{"damage":32,"enemies":"The Guardian","floor":16,"turns":15},{"damage":17,"enemies":"Chosen","floor":18,"turns":8},{"damage":40,"enemies":"Spheric Guardian","floor":19,"turns":8},{"damage":30,"enemies":"Shelled Parasite and Fungi","floor":20,"turns":8},{"damage":11,"enemies":"Chosen and Byrds","floor":21,"turns":5}],"seed_played":"-3221299902344581002","potions_obtained":[{"floor":1,"key":"AttackPotion"},{"floor":5,"key":"Dexterity Potion"},{"floor":8,"key":"FearPotion"},{"floor":17,"key":"Weak Potion"},{"floor":18,"key":"Energy Potion"}],"is_trial":false,"path_per_floor":["M","?","$","M","M","E","R","M","T","R","?","M","R","M","R","B",null,"M","M","M","M"],"character_chosen":"THE_SILENT","items_purchased":["Noxious Fumes"],"campfire_rested":3,"item_purchase_floors":[3],"current_hp_per_floor":[70,51,51,51,51,17,40,22,32,58,63,63,63,54,81,49,97,80,40,10,0],"gold":410,"neow_bonus":"TEN_PERCENT_HP_BONUS","is_prod":false,"is_daily":false,"chose_seed":false,"campfire_upgraded":1,"win_rate":0.0,"timestamp":1550046208,"path_taken":["M","?","$","M","M","E","R","M","T","R","?","M","R","M","R","BOSS","M","M","M","M"],"build_version":"2019-01-23","purchased_purges":0,"victory":false,"max_hp_per_floor":[77,77,77,77,77,77,77,77,87,87,92,92,92,92,92,92,97,97,97,97,97],"card_choices":[{"not_picked":["Blur","Masterful Stab"],"picked":"Prepared","floor":1},{"not_picked":["Calculated Gamble","Backflip"],"picked":"PiercingWail","floor":4},{"not_picked":["Slice","Acrobatics","Deflect"],"picked":"SKIP","floor":5},{"not_picked":["Skewer","Venomology"],"picked":"Catalyst","floor":6},{"not_picked":["Backflip","Deflect","Backstab"],"picked":"SKIP","floor":8},{"not_picked":["Underhanded Strike","Flechettes","All Out Attack"],"picked":"SKIP","floor":12},{"not_picked":["Eviscerate","Acrobatics","Dagger Throw"],"picked":"SKIP","floor":14},{"not_picked":["Bullet Time","Die Die Die"],"picked":"Night Terror","floor":16},{"not_picked":["Riddle With Holes","Escape Plan"],"picked":"Prepared","floor":17},{"not_picked":["Underhanded Strike","Dagger Spray","Slice"],"picked":"SKIP","floor":18},{"not_picked":["Sucker Punch+1","Predator","Escape Plan"],"picked":"SKIP","floor":19},{"not_picked":["Cloak And Dagger+1","Poisoned Stab","Quick Slash"],"picked":"SKIP","floor":20}],"player_experience":33407,"relics_obtained":[{"floor":6,"key":"War Paint"},{"floor":9,"key":"Pear"}],"event_choices":[{"damage_healed":0,"gold_gain":0,"player_choice":"Take Damage","damage_taken":19,"relics_obtained":["Golden Idol"],"max_hp_gain":0,"max_hp_loss":0,"event_name":"Golden Idol","floor":2,"gold_loss":0},{"damage_healed":0,"gold_gain":0,"player_choice":"Donut","damage_taken":0,"max_hp_gain":5,"max_hp_loss":0,"event_name":"Big Fish","floor":11,"gold_loss":0}],"is_beta":false,"boss_relics":[{"not_picked":["Empty Cage","Coffee Dripper"],"picked":"Tiny House"}],"items_purged_floors":[],"is_endless":false,"potions_floor_spawned":[1,5,8,18],"killed_by":"Chosen and Byrds","ascension_level":0}