{"gold_per_floor":[115,115,128,128,128,161,176,101,175,188,88,98,98,132,132,132],"floor_reached":16,"playtime":823,"items_purged":["Regret","Defend_R"],"score":135,"play_id":"262ace57-8c74-4fca-ad2e-a8fd9252c4bb","local_time":"20190308140153","is_ascension_mode":false,"campfire_choices":[{"data":"Havoc","floor":13,"key":"SMITH"},{"floor":15,"key":"REST"}],"neow_cost":"NONE","seed_source_timestamp":1964632087828434,"circlet_count":0,"master_deck":["Strike_R","Strike_R","Strike_R","Strike_R","Defend_R","Defend_R","Defend_R","Bash","Flex","Ghostly Armor","Flex","Havoc+1","Havoc"],"relics":["Burning Blood","NeowsBlessing","Darkstone Periapt","Shuriken","Unceasing Top","Bag of Preparation"],"potions_floor_usage":[16,16],"damage_taken":[{"damage":0,"enemies":"Small Slimes","floor":1,"turns":1},{"damage":0,"enemies":"Jaw Worm","floor":3,"turns":1},{"damage":0,"enemies":"3 Sentries","floor":6,"turns":2},{"damage":4,"enemies":"2 Louse","floor":7,"turns":2},{"damage":10,"enemies":"Looter","floor":10,"turns":3},{"damage":19,"enemies":"3 Louse","floor":12,"turns":6},{"damage":46,"enemies":"Gremlin Nob","floor":14,"turns":5},{"damage":65,"enemies":"Hexaghost","floor":16,"turns":9}],"seed_played":"-2086090145890986567","potions_obtained":[{"floor":3,"key":"BloodPotion"},{"floor":6,"key":"Energy Potion"},{"floor":14,"key":"Explosive Potion"}],"is_trial":false,"path_per_floor":["M","?","M","?","T","E","M","$","T","M","$","M","R","E","R","B"],"character_chosen":"IRONCLAD","items_purchased":[],"campfire_rested":1,"item_purchase_floors":[],"current_hp_per_floor":[80,80,80,86,86,86,86,86,86,82,82,69,69,29,54,0],"gold":132,"neow_bonus":"THREE_ENEMY_KILL","is_prod":false,"is_daily":false,"chose_seed":false,"campfire_upgraded":1,"win_rate":0,"timestamp":1552021313,"path_taken":["M","?","M","?","?","E","M","$","T","M","$","M","R","E","R","BOSS"],"build_version":"2019-01-23","purchased_purges":2,"victory":false,"max_hp_per_floor":[80,80,80,86,86,86,86,86,86,86,86,86,86,86,86,86],"card_choices":[{"not_picked":["Clash","Seeing Red"],"picked":"Flex","floor":1},{"not_picked":["Cleave","Warcry"],"picked":"Ghostly Armor","floor":3},{"not_picked":["Rupture","Thunderclap","Sword Boomerang"],"picked":"SKIP","floor":6},{"not_picked":["Rupture","Thunderclap","Sword Boomerang"],"picked":"SKIP","floor":6},{"not_picked":["Clash","Fiend Fire"],"picked":"Flex","floor":7},{"not_picked":["Sentinel","Uppercut"],"picked":"Havoc","floor":10},{"not_picked":["Reckless Charge","Metallicize"],"picked":"Havoc","floor":12},{"not_picked":["Burning Pact","Bludgeon","Hemokinesis"],"picked":"SKIP","floor":14}],"player_experience":218868,"relics_obtained":[{"floor":5,"key":"Shuriken"},{"floor":6,"key":"Unceasing Top"},{"floor":14,"key":"Bag of Preparation"}],"event_choices":[{"cards_removed":["Strike_R"],"damage_healed":0,"gold_gain":0,"player_choice":"Forget","damage_taken":0,"max_hp_gain":0,"max_hp_loss":0,"event_name":"Living Wall","floor":2,"gold_loss":0},{"damage_healed":0,"gold_gain":0,"player_choice":"Box","damage_taken":0,"relics_obtained":["Darkstone Periapt"],"max_hp_gain":0,"max_hp_loss":0,"event_name":"Big Fish","floor":4,"gold_loss":0,"cards_obtained":["Regret"]}],"is_beta":false,"boss_relics":[],"items_purged_floors":[8,11],"is_endless":false,"potions_floor_spawned":[3,6,14],"killed_by":"Hexaghost","ascension_level":0}