{"gold_per_floor":[115,125,143,318,318,318,351,76,76,90,9,9,37,55,55,132,132,143,129,141,141],"floor_reached":21,"playtime":1699,"items_purged":["Strike_B"],"score":324,"play_id":"4bed5bac-1201-4d5c-8901-2edd89146854","local_time":"20190213201325","is_ascension_mode":true,"campfire_choices":[{"data":"Go for the Eyes","floor":6.0,"key":"SMITH"},{"data":"Zap","floor":12.0,"key":"SMITH"},{"floor":15.0,"key":"REST"}],"neow_cost":"NONE","seed_source_timestamp":932935391827113,"circlet_count":0,"master_deck":["AscendersBane","Strike_B","Strike_B","Strike_B","Defend_B","Defend_B","Defend_B","Defend_B","Zap+1","Dualcast","Go for the Eyes+1","Coolheaded","Ball Lightning","Rebound","Ball Lightning","Echo Form","Leap","Seek","Echo Form","Cold Snap+1","Cold Snap","Rebound+1"],"special_seed":0,"relics":["Cracked Core","Anchor","Spirit Poop","Bottled Lightning","Orichalcum","Calipers","The Courier","Inserter"],"potions_floor_usage":[16],"damage_taken":[{"damage":0.0,"enemies":"Small Slimes","floor":1.0,"turns":2.0},{"damage":0.0,"enemies":"2 Louse","floor":2.0,"turns":3.0},{"damage":0.0,"enemies":"Cultist","floor":3.0,"turns":3.0},{"damage":28.0,"enemies":"Lagavulin","floor":7.0,"turns":8.0},{"damage":2.0,"enemies":"Lots of Slimes","floor":10.0,"turns":4.0},{"damage":20.0,"enemies":"Gremlin Nob","floor":13.0,"turns":4.0},{"damage":0.0,"enemies":"Large Slime","floor":14.0,"turns":3.0},{"damage":30,"enemies":"Slime Boss","floor":16,"turns":9},{"damage":12,"enemies":"Shell Parasite","floor":18,"turns":5},{"damage":14,"enemies":"2 Thieves","floor":19,"turns":4},{"damage":13,"enemies":"Snecko","floor":20,"turns":6},{"damage":26,"enemies":"3 Cultists","floor":21,"turns":4}],"seed_played":"-3840037629979461803","potions_obtained":[{"floor":10.0,"key":"FocusPotion"},{"floor":13.0,"key":"Ancient Potion"}],"is_trial":false,"path_per_floor":["M","M","M","?","?","R","E","$","T","M","$","R","E","M","R","B",null,"M","M","M","M"],"character_chosen":"DEFECT","items_purchased":["Orichalcum","Rebound","Echo Form"],"campfire_rested":1,"item_purchase_floors":[8,8,11],"current_hp_per_floor":[64,64,64,64,64,64,36,36,36,34,34,34,14,14,35,5,55,43,29,16,0],"gold":141,"neow_bonus":"RANDOM_COMMON_RELIC","is_prod":false,"is_daily":false,"chose_seed":false,"campfire_upgraded":2,"win_rate":0,"timestamp":1550114005,"path_taken":["M","M","M","?","?","R","E","$","T","M","$","R","E","?","R","BOSS","M","M","M","M"],"build_version":"2019-01-23","purchased_purges":1,"victory":false,"max_hp_per_floor":[71,71,71,71,71,71,71,71,71,71,71,71,71,71,71,71,71,71,71,71,71],"card_choices":[{"not_picked":["Redo","Barrage"],"picked":"Go for the Eyes","floor":1.0},{"not_picked":["Blizzard","Sweeping Beam"],"picked":"Coolheaded","floor":2.0},{"not_picked":["Barrage","Gash","Heatsinks"],"picked":"SKIP","floor":3.0},{"not_picked":["Steam Power","Melter"],"picked":"Ball Lightning","floor":7.0},{"not_picked":["Scrape","Barrage"],"picked":"Ball Lightning","floor":10.0},{"not_picked":["Rip and Tear","Sweeping Beam"],"picked":"Leap","floor":13.0},{"not_picked":["Conserve Battery","White Noise"],"picked":"Seek","floor":14.0},{"not_picked":["Rainbow","Seek"],"picked":"Echo Form","floor":16},{"not_picked":["Go for the Eyes","Redo"],"picked":"Cold Snap+1","floor":18},{"not_picked":["Beam Cell","Static Discharge+1"],"picked":"Cold Snap","floor":19},{"not_picked":["Melter","Steam"],"picked":"Rebound+1","floor":20}],"player_experience":714650,"relics_obtained":[{"floor":7.0,"key":"Bottled Lightning"},{"floor":9.0,"key":"Calipers"},{"floor":13.0,"key":"The Courier"}],"event_choices":[{"damage_healed":0.0,"max_hp_gain":0.0,"max_hp_loss":0.0,"gold_gain":175.0,"event_name":"Liars Game","player_choice":"AGREE","floor":4.0,"gold_loss":0.0,"damage_taken":0.0,"cards_obtained":["Doubt"]},{"cards_removed":["Doubt"],"damage_healed":0.0,"max_hp_gain":0.0,"max_hp_loss":0.0,"gold_gain":0.0,"event_name":"Bonfire Elementals","player_choice":"Offered Curse","floor":5.0,"gold_loss":0.0,"damage_taken":0.0,"relics_obtained":["Spirit Poop"]}],"is_beta":false,"boss_relics":[{"not_picked":["Tiny House","Astrolabe"],"picked":"Inserter"}],"items_purged_floors":[8],"is_endless":false,"potions_floor_spawned":[10,13,14],"killed_by":"3 Cultists","ascension_level":14}