{"path_per_floor":["M","?","?","M","M","R","M","M","T","?","M","M","$","M","R"],"character_chosen":"IRONCLAD","items_purchased":["Shockwave","Searing Blow","Purity"],"gold_per_floor":[114,114,114,131,144,144,154,172,199,199,211,228,8,28,28],"floor_reached":16,"campfire_rested":0,"playtime":733,"current_hp_per_floor":[80,80,64,62,68,68,74,63,63,63,60,58,58,63,63],"items_purged":[],"gold":28,"play_id":"aa4fc3df-fe43-4a52-9990-e09d3d6f4a31","is_prod":false,"is_daily":false,"campfire_rituals":0,"campfire_upgraded":2,"is_hardmode":false,"path_taken":["M","?","?","M","M","R","?","M","T","?","M","M","?","M","R","BOSS"],"build_version":"2018-01-18-PROD4","purchased_purges":0,"victory":false,"master_deck":["Strike_R","Strike_R","Strike_R","Strike_R","Strike_R","Defend_R","Defend_R","Defend_R","Defend_R","Uppercut","Whirlwind","Blood for Blood","Reaper","Pommel Strike","Perfected Strike","Perfected Strike","Shockwave","Searing Blow","Purity","Shockwave"],"max_hp_per_floor":[80,80,80,80,80,80,80,80,80,80,80,80,80,80,80],"relics":["Burning Blood","Juzu Bracelet"],"campfire_meditates":0,"card_choices":[{"not_picked":["Infernal Blade","Corruption"],"picked":"Uppercut"},{"not_picked":["Armaments","Body Slam"],"picked":"Whirlwind"},{"not_picked":["Shrug It Off","Iron Wave"],"picked":"Blood for Blood"},{"not_picked":["Sword Boomerang","Burning Pact"],"picked":"Reaper"},{"not_picked":["Clash","Sword Boomerang"],"picked":"Pommel Strike"},{"not_picked":["Flex","Pommel Strike"],"picked":"Perfected Strike"},{"not_picked":["True Grit","Cleave"],"picked":"Perfected Strike"},{"not_picked":["Thunderclap","Body Slam"],"picked":"Shockwave"}],"player_experience":13500,"potions_floor_usage":[14,14],"damage_taken":[{"damage":6,"enemies":"2 Louse","floor":1,"turns":3},{"damage":8,"enemies":"Blue Slaver","floor":4,"turns":4},{"damage":0,"enemies":"Small Slimes","floor":5,"turns":3},{"damage":0,"enemies":"3 Louse","floor":7,"turns":1},{"damage":23,"enemies":"Lots of Slimes","floor":8,"turns":3},{"damage":17,"enemies":"Exordium Wildlife","floor":11,"turns":4},{"damage":8,"enemies":"Large Slime","floor":12,"turns":4},{"damage":1,"enemies":"Lots of Slimes","floor":14,"turns":2},{"damage":69,"enemies":"Hexaghost","floor":16,"turns":9}],"event_choices":[{"event_name":"Purifier","player_choice":"One Purge","floor":2,"damage_taken":0},{"event_name":"Shining Light","player_choice":"Entered Light","floor":3,"damage_taken":0},{"event_name":"Living Wall","player_choice":"Grow","floor":10,"damage_taken":0}],"boss_relics":[],"potions_floor_spawned":[1,4,8,12,14],"seed_played":"-6429502407273431771","killed_by":"Hexaghost","is_trial":false}