{"gold_per_floor":[117,117,134,147,162,187,262,262,262,272,286,38,64,81,81,159,159,178,193,193,212,232,232,260,260,283,310,330,330,330,12,12,89,89,99,99,99,109,119,119,138,138,138,138,149,177,177,228,228,228],"floor_reached":51,"playtime":2721,"items_purged":["Strike_G"],"score":1282,"play_id":"83baa3d4-42cc-40d1-ae1f-eeff2a27c455","local_time":"20190313170007","is_ascension_mode":true,"campfire_choices":[{"data":"Tools of the Trade","floor":8.0,"key":"SMITH"},{"data":"Sucker Punch","floor":15.0,"key":"SMITH"},{"data":"Dash","floor":23.0,"key":"SMITH"},{"floor":25.0,"key":"REST"},{"floor":32.0,"key":"REST"},{"data":"Phantasmal Killer","floor":40,"key":"SMITH"},{"data":"Infinite Blades","floor":42,"key":"SMITH"},{"data":"Catalyst","floor":44,"key":"SMITH"},{"data":"Predator","floor":47,"key":"SMITH"},{"data":"Acrobatics","floor":49,"key":"SMITH"}],"neow_cost":"NONE","seed_source_timestamp":1825660066194373,"circlet_count":0,"master_deck":["AscendersBane","Defend_G","Defend_G","Defend_G","Defend_G+1","Defend_G","Strike_G","Strike_G","Strike_G","Strike_G","Survivor+1","Neutralize","Deadly Poison","Poisoned Stab","Sucker Punch+1","Tools of the Trade+1","Dash","All Out Attack","Deadly Poison","Poisoned Stab","Dash+1","Corpse Explosion","Predator+1","Backflip+1","Flying Knee+1","Leg Sweep","Poisoned Stab+1","Malaise","Necronomicurse","Ghostly","Ghostly","Ghostly","Infinite Blades+1","Phantasmal Killer+1","Backflip+1","Catalyst+1","Acrobatics+1","Injury"],"special_seed":0,"relics":["Ring of the Snake","Anchor","Orichalcum","Ninja Scroll","War Paint","Question Card","Philosopher\u0027s Stone","Darkstone Periapt","Lantern","Pear","Necronomicon","Kunai","Cursed Key","The Courier","Bottled Tornado","Nunchaku"],"potions_floor_usage":[41,50],"damage_taken":[{"damage":2.0,"enemies":"2 Louse","floor":1.0,"turns":4.0},{"damage":0.0,"enemies":"Jaw Worm","floor":3.0,"turns":4.0},{"damage":0.0,"enemies":"Small Slimes","floor":4.0,"turns":3.0},{"damage":0.0,"enemies":"3 Louse","floor":5.0,"turns":4.0},{"damage":6.0,"enemies":"Gremlin Nob","floor":6.0,"turns":3.0},{"damage":5.0,"enemies":"Gremlin Gang","floor":10.0,"turns":6.0},{"damage":2.0,"enemies":"Lots of Slimes","floor":11.0,"turns":4.0},{"damage":21.0,"enemies":"Lagavulin","floor":13.0,"turns":4.0},{"damage":0.0,"enemies":"Exordium Wildlife","floor":14.0,"turns":2.0},{"damage":4.0,"enemies":"Hexaghost","floor":16.0,"turns":9.0},{"damage":1.0,"enemies":"3 Byrds","floor":18.0,"turns":2.0},{"damage":4.0,"enemies":"2 Thieves","floor":19.0,"turns":2.0},{"damage":9.0,"enemies":"Shelled Parasite and Fungi","floor":21.0,"turns":6.0},{"damage":0.0,"enemies":"Chosen and Byrds","floor":22.0,"turns":4.0},{"damage":28.0,"enemies":"Gremlin Leader","floor":24.0,"turns":6.0},{"damage":8.0,"enemies":"Book of Stabbing","floor":27.0,"turns":6.0},{"damage":7.0,"enemies":"Snake Plant","floor":28.0,"turns":4.0},{"damage":13.0,"enemies":"Champ","floor":33.0,"turns":13.0},{"damage":4.0,"enemies":"3 Darklings","floor":35.0,"turns":5.0},{"damage":0.0,"enemies":"Orb Walker","floor":38.0,"turns":3.0},{"damage":3.0,"enemies":"Jaw Worm Horde","floor":39.0,"turns":5.0},{"damage":0,"enemies":"Sphere and 2 Shapes","floor":41,"turns":6},{"damage":0,"enemies":"Maw","floor":45,"turns":7},{"damage":1,"enemies":"Giant Head","floor":46,"turns":7},{"damage":0,"enemies":"2 Orb Walkers","floor":48,"turns":4},{"damage":23,"enemies":"Donu and Deca","floor":50,"turns":7}],"seed_played":"3275339434714321351","potions_obtained":[{"floor":3.0,"key":"AttackPotion"},{"floor":4.0,"key":"GamblersBrew"},{"floor":10.0,"key":"GhostInAJar"},{"floor":11.0,"key":"Poison Potion"},{"floor":16.0,"key":"Energy Potion"},{"floor":18.0,"key":"LiquidBronze"},{"floor":24.0,"key":"SpeedPotion"},{"floor":33.0,"key":"SmokeBomb"},{"floor":35.0,"key":"SkillPotion"},{"floor":45,"key":"Energy Potion"}],"is_trial":false,"path_per_floor":["M","?","M","M","M","E","?","R","T","M","M","$","E","M","R","B",null,"M","M","?","M","M","R","E","R","T","E","M","?","?","$","R","B",null,"M","?","$","M","M","R","M","R","T","R","M","E","R","?","R","B",null],"character_chosen":"THE_SILENT","items_purchased":["War Paint","Deadly Poison","Kunai","Infinite Blades"],"campfire_rested":2,"item_purchase_floors":[12,12,31,31],"current_hp_per_floor":[57,62,62,62,62,56,45,45,45,40,38,38,17,17,17,13,57,56,52,52,43,43,43,15,36,36,38,31,16,16,16,28,15,36,32,32,32,32,29,29,29,29,35,35,35,34,34,34,34,11],"gold":228,"neow_bonus":"RANDOM_COMMON_RELIC","is_prod":false,"is_daily":false,"chose_seed":false,"campfire_upgraded":8,"win_rate":0,"timestamp":1552518007,"path_taken":["M","?","M","M","M","E","?","R","T","M","M","$","E","M","R","BOSS","M","M","?","M","M","R","E","R","T","E","M","?","?","$","R","BOSS","M","?","$","M","M","R","M","R","T","R","M","E","R","?","R","BOSS"],"build_version":"2019-01-23","purchased_purges":1,"victory":true,"max_hp_per_floor":[66,71,71,71,71,71,71,71,71,71,71,71,71,71,71,71,71,71,71,71,71,71,71,71,71,71,81,81,87,43,43,43,43,43,43,43,43,43,43,43,43,43,49,49,49,49,49,49,49,49],"card_choices":[{"not_picked":["Dagger Throw","Outmaneuver"],"picked":"Deadly Poison","floor":1.0},{"not_picked":["Blade Dance","Quick Slash"],"picked":"Poisoned Stab","floor":3.0},{"not_picked":["Riddle With Holes","Underhanded Strike"],"picked":"Sucker Punch","floor":4.0},{"not_picked":["Acrobatics","Outmaneuver","Finisher"],"picked":"SKIP","floor":5.0},{"not_picked":["Outmaneuver","Dagger Throw"],"picked":"Tools of the Trade","floor":6.0},{"not_picked":["Infinite Blades","Cloak And Dagger"],"picked":"Dash","floor":10.0},{"not_picked":["Flying Knee","Eviscerate"],"picked":"All Out Attack","floor":11.0},{"not_picked":["Caltrops","Dagger Throw"],"picked":"Poisoned Stab","floor":13.0},{"not_picked":["Slice","All Out Attack","Acrobatics"],"picked":"Dash","floor":14.0},{"not_picked":["Phantasmal Killer","Malaise","Die Die Die"],"picked":"Corpse Explosion","floor":16.0},{"not_picked":["Blade Dance","Flechettes","Concentrate","Deadly Poison"],"picked":"SKIP","floor":18.0},{"not_picked":["PiercingWail","Bouncing Flask","Infinite Blades+1"],"picked":"Predator","floor":19.0},{"not_picked":["Distraction","Poisoned Stab","Sucker Punch"],"picked":"Backflip+1","floor":21.0},{"not_picked":["Slice","Concentrate+1","Prepared"],"picked":"Flying Knee+1","floor":22.0},{"not_picked":["Underhanded Strike","Masterful Stab","Escape Plan"],"picked":"Leg Sweep","floor":24.0},{"not_picked":["Backflip","Acrobatics","Distraction"],"picked":"Poisoned Stab+1","floor":27.0},{"not_picked":["Accuracy","Poisoned Stab","Outmaneuver"],"picked":"Malaise","floor":28.0},{"not_picked":["Corpse Explosion","Night Terror","Malaise"],"picked":"Phantasmal Killer","floor":33.0},{"not_picked":["Crippling Poison","Dagger Throw","Skewer"],"picked":"Backflip+1","floor":35.0},{"not_picked":["PiercingWail","Bouncing Flask","Underhanded Strike"],"picked":"Catalyst","floor":38.0},{"not_picked":["Sucker Punch","Concentrate","Deflect"],"picked":"Acrobatics","floor":39.0},{"not_picked":["Dagger Spray","Outmaneuver","Slice","Flying Knee"],"picked":"SKIP","floor":41},{"not_picked":["Sucker Punch+1","Dagger Throw+1","Dodge and Roll","Bane"],"picked":"SKIP","floor":45},{"not_picked":["Quick Slash","PiercingWail","Dash","Concentrate"],"picked":"SKIP","floor":46}],"player_experience":795351,"relics_obtained":[{"floor":6.0,"key":"Orichalcum"},{"floor":9.0,"key":"Ninja Scroll"},{"floor":13.0,"key":"Question Card"},{"floor":24.0,"key":"Darkstone Periapt"},{"floor":26.0,"key":"Lantern"},{"floor":27.0,"key":"Pear"},{"floor":29.0,"key":"Necronomicon"},{"floor":43,"key":"The Courier"},{"floor":46,"key":"Bottled Tornado"},{"floor":48,"key":"Nunchaku"}],"event_choices":[{"damage_healed":0.0,"max_hp_gain":5.0,"max_hp_loss":0.0,"gold_gain":0.0,"event_name":"Big Fish","player_choice":"Donut","floor":2.0,"gold_loss":0.0,"damage_taken":0.0},{"damage_healed":0.0,"max_hp_gain":0.0,"max_hp_loss":0.0,"gold_gain":75.0,"event_name":"World of Goop","player_choice":"Gather Gold","floor":7.0,"gold_loss":0.0,"damage_taken":11.0},{"damage_healed":0.0,"max_hp_gain":0.0,"max_hp_loss":0.0,"gold_gain":0.0,"event_name":"Vampires","player_choice":"Ignored","floor":20.0,"gold_loss":0.0,"damage_taken":0.0},{"damage_healed":0.0,"max_hp_gain":0.0,"max_hp_loss":0.0,"gold_gain":0.0,"event_name":"Cursed Tome","player_choice":"Obtained Book","floor":29.0,"gold_loss":0.0,"damage_taken":21.0},{"damage_healed":0.0,"max_hp_gain":0.0,"max_hp_loss":44.0,"gold_gain":0.0,"event_name":"Ghosts","player_choice":"Became a Ghost","floor":30.0,"gold_loss":0.0,"damage_taken":0.0,"cards_obtained":["Ghostly","Ghostly","Ghostly"]},{"damage_healed":0.0,"max_hp_gain":0.0,"max_hp_loss":0.0,"gold_gain":0.0,"event_name":"Tomb of Lord Red Mask","player_choice":"Ignored","floor":36.0,"gold_loss":0.0,"damage_taken":0.0},{"damage_healed":0,"gold_gain":0,"player_choice":"Fight","damage_taken":0,"max_hp_gain":0,"max_hp_loss":0,"event_name":"Mysterious Sphere","floor":48,"gold_loss":0}],"is_beta":false,"boss_relics":[{"not_picked":["Ectoplasm","Runic Pyramid"],"picked":"Philosopher\u0027s Stone"},{"not_picked":["Fusion Hammer","White Beast Statue"],"picked":"Cursed Key"}],"items_purged_floors":[12],"is_endless":false,"potions_floor_spawned":[3,4,10,11,16,18,24,33,35,38,45,48],"ascension_level":15}