{"gold_per_floor":[118,118,132,142,156,156,169,199,223,223,210,236,236,255,255,356,356,376,301,314,11,11,11,26,42,90,116,132,132,162,193,193,295,295,307,307,318,243,259,286,299,299],"floor_reached":42,"playtime":1839,"items_purged":["Strike_B"],"score":741,"play_id":"62d66bcf-f969-4b97-8c57-2e32a3772654","local_time":"20181117014125","is_ascension_mode":true,"campfire_choices":[{"data":"Glacier","floor":6.0,"key":"SMITH"},{"data":"Rip and Tear","floor":10.0,"key":"SMITH"},{"data":"Conserve Battery","floor":13.0,"key":"SMITH"},{"data":"Zap","floor":15.0,"key":"SMITH"},{"data":"White Noise","floor":23.0,"key":"SMITH"},{"floor":29.0,"key":"REST"},{"floor":32.0,"key":"REST"}],"neow_cost":"NONE","seed_source_timestamp":480372822412165,"circlet_count":0,"master_deck":["AscendersBane","Zap+1","Dualcast","Amplify+1","Rip and Tear+1","Go for the Eyes","Self Repair","Glacier+1","Conserve Battery+1","Ball Lightning","Cold Snap","Rip and Tear","Reboot","Chaos+1","Leap","White Noise+1","Glacier+1","Ball Lightning+1","Sunder","Streamline","Beam Cell+1","Fusion","Buffer","Sunder","Sweeping Beam","Leap","BootSequence","Coolheaded","Force Field","Cold Snap+1","Madness","Madness","Cold Snap+1","Storm","Glacier"],"special_seed":0,"relics":["Cracked Core","Strawberry","Bronze Scales","Lantern","Velvet Choker","War Paint","PreservedInsect","Oddly Smooth Stone","Orichalcum","Red Mask","Pandora\u0027s Box","Thread and Needle"],"potions_floor_usage":[39,42],"damage_taken":[{"damage":2.0,"enemies":"Jaw Worm","floor":1.0,"turns":3.0},{"damage":6.0,"enemies":"Cultist","floor":3.0,"turns":3.0},{"damage":14.0,"enemies":"Small Slimes","floor":4.0,"turns":3.0},{"damage":0.0,"enemies":"2 Fungi Beasts","floor":5.0,"turns":2.0},{"damage":5.0,"enemies":"Red Slaver","floor":7.0,"turns":3.0},{"damage":21.0,"enemies":"Gremlin Nob","floor":8.0,"turns":6.0},{"damage":9.0,"enemies":"Exordium Thugs","floor":11.0,"turns":5.0},{"damage":2.0,"enemies":"3 Sentries","floor":12.0,"turns":7.0},{"damage":0.0,"enemies":"Large Slime","floor":14.0,"turns":4.0},{"damage":56.0,"enemies":"Slime Boss","floor":16.0,"turns":12.0},{"damage":10.0,"enemies":"Shell Parasite","floor":18.0,"turns":5.0},{"damage":0.0,"enemies":"Chosen","floor":20.0,"turns":3.0},{"damage":0.0,"enemies":"Snake Plant","floor":24.0,"turns":3.0},{"damage":41.0,"enemies":"3 Cultists","floor":25.0,"turns":5.0},{"damage":9.0,"enemies":"Snecko","floor":28.0,"turns":6.0},{"damage":14.0,"enemies":"Book of Stabbing","floor":30.0,"turns":5.0},{"damage":6.0,"enemies":"Masked Bandits","floor":31.0,"turns":4.0},{"damage":32.0,"enemies":"Champ","floor":33.0,"turns":13.0},{"damage":0,"enemies":"3 Shapes","floor":35,"turns":3},{"damage":12,"enemies":"Orb Walker","floor":37,"turns":5},{"damage":12,"enemies":"Sphere and 2 Shapes","floor":39,"turns":4},{"damage":8,"enemies":"Nemesis","floor":40,"turns":7},{"damage":18,"enemies":"Spire Growth","floor":41,"turns":5},{"damage":99,"enemies":"Giant Head","floor":42,"turns":8}],"seed_played":"-3346525398951970585","potions_obtained":[{"floor":2.0,"key":"Fire Potion"},{"floor":2.0,"key":"Swift Potion"},{"floor":2.0,"key":"EssenceOfSteel"},{"floor":8.0,"key":"SkillPotion"},{"floor":11.0,"key":"SpeedPotion"},{"floor":12.0,"key":"Energy Potion"},{"floor":14.0,"key":"EssenceOfSteel"},{"floor":28.0,"key":"Energy Potion"},{"floor":35,"key":"Energy Potion"},{"floor":39,"key":"LiquidBronze"},{"floor":41,"key":"Energy Potion"}],"is_trial":false,"path_per_floor":["M","?","M","M","M","R","M","E","T","R","M","E","R","M","R","B",null,"M","?","M","$","?","R","M","M","T","T","M","R","E","?","R","B",null,"M","?","M","$","M","E","M","E"],"character_chosen":"DEFECT","items_purchased":["War Paint","White Noise","Storm"],"campfire_rested":2,"item_purchase_floors":[21,21,38],"current_hp_per_floor":[66,66,60,46,53,53,62,55,55,55,53,65,65,72,72,23,67,64,64,64,64,64,64,64,30,30,30,28,52,45,46,70,45,73,73,63,65,65,67,73,62,0],"gold":299,"neow_bonus":"ONE_RANDOM_RARE_CARD","is_prod":false,"is_daily":false,"chose_seed":false,"campfire_upgraded":5,"win_rate":0,"timestamp":1542444085,"path_taken":["M","?","M","M","M","R","?","E","T","R","M","E","R","M","R","BOSS","M","?","M","$","?","R","M","?","T","?","M","R","E","?","R","BOSS","M","?","M","$","M","E","M","E"],"build_version":"2018-11-15","purchased_purges":1,"victory":false,"max_hp_per_floor":[75,75,75,75,75,75,75,82,82,82,82,82,82,82,82,82,82,82,82,82,82,82,82,82,82,82,82,82,82,82,82,82,82,82,82,82,82,82,82,82,82,82],"card_choices":[{"not_picked":["Barrage","Melter"],"picked":"Rip and Tear","floor":1.0},{"not_picked":["Leap","Gash"],"picked":"Go for the Eyes","floor":3.0},{"not_picked":["Sweeping Beam","Leap"],"picked":"Self Repair","floor":4.0},{"not_picked":["Turbo","Redo"],"picked":"Glacier","floor":5.0},{"not_picked":["Chaos","Biased Cognition"],"picked":"Conserve Battery","floor":7.0},{"not_picked":["Reprogram","Electrodynamics"],"picked":"Ball Lightning","floor":8.0},{"not_picked":["Auto Shields","Go for the Eyes"],"picked":"Cold Snap","floor":11.0},{"not_picked":["Recycle","Heatsinks","Redo"],"picked":"SKIP","floor":12.0},{"not_picked":["Turbo","Gash"],"picked":"Rip and Tear","floor":14.0},{"not_picked":["Seek","Rainbow"],"picked":"Reboot","floor":16.0},{"not_picked":["Rebound","Compile Driver"],"picked":"Chaos+1","floor":18.0},{"not_picked":["Stack","Barrage"],"picked":"Leap","floor":20.0},{"not_picked":["Gash+1","Barrage"],"picked":"Ball Lightning+1","floor":24.0},{"not_picked":["Beam Cell","Compile Driver"],"picked":"Sunder","floor":25.0},{"not_picked":["Steam","Capacitor"],"picked":"Streamline","floor":28.0},{"not_picked":["Skim","Melter"],"picked":"Beam Cell+1","floor":30.0},{"not_picked":["Streamline","Stack"],"picked":"Fusion","floor":31.0},{"not_picked":["Fission","Multi-Cast"],"picked":"Buffer","floor":33.0},{"not_picked":["Hello World","Consume+1"],"picked":"Cold Snap+1","floor":35},{"not_picked":["Rebound","Go for the Eyes+1"],"picked":"Cold Snap+1","floor":37},{"not_picked":["FTL+1","Steam Power"],"picked":"Glacier","floor":39},{"not_picked":["Scrape","Ball Lightning","Reinforced Body+1"],"picked":"SKIP","floor":40},{"not_picked":["Redo","Double Energy+1","Doom and Gloom+1"],"picked":"SKIP","floor":41}],"player_experience":616335,"relics_obtained":[{"floor":8.0,"key":"Strawberry"},{"floor":9.0,"key":"Bronze Scales"},{"floor":12.0,"key":"Lantern"},{"floor":26.0,"key":"PreservedInsect"},{"floor":27.0,"key":"Oddly Smooth Stone"},{"floor":30.0,"key":"Orichalcum"},{"floor":31.0,"key":"Red Mask"},{"floor":40,"key":"Thread and Needle"}],"event_choices":[{"damage_healed":0.0,"max_hp_gain":0.0,"max_hp_loss":0.0,"gold_gain":0.0,"event_name":"Lab","player_choice":"Got Potions","floor":2.0,"gold_loss":0.0,"damage_taken":0.0},{"cards_removed":["Strike_B"],"damage_healed":0.0,"max_hp_gain":0.0,"max_hp_loss":0.0,"gold_gain":0.0,"event_name":"Beggar","player_choice":"Gave Gold","floor":19.0,"gold_loss":75.0,"damage_taken":0.0},{"damage_healed":0.0,"max_hp_gain":0.0,"max_hp_loss":0.0,"gold_gain":0.0,"event_name":"Duplicator","player_choice":"Copied","floor":22.0,"gold_loss":0.0,"damage_taken":0.0,"cards_obtained":["Glacier"]},{"damage_healed":0.0,"max_hp_gain":0.0,"max_hp_loss":0.0,"gold_gain":0.0,"event_name":"Masked Bandits","player_choice":"Fought Bandits","floor":31.0,"gold_loss":0.0,"damage_taken":0.0},{"damage_healed":0,"gold_gain":0,"player_choice":"Embrace Madness","damage_taken":10,"max_hp_gain":0,"max_hp_loss":0,"event_name":"Winding Halls","floor":36,"gold_loss":0,"cards_obtained":["Madness","Madness"]}],"is_beta":false,"boss_relics":[{"not_picked":["Black Star","Tiny House"],"picked":"Velvet Choker"},{"not_picked":["Busted Crown","Nuclear Battery"],"picked":"Pandora\u0027s Box"}],"items_purged_floors":[21],"is_endless":false,"potions_floor_spawned":[3,4,8,11,12,14,18,24,28,35,39,41],"killed_by":"Giant Head","ascension_level":11}