{"gold_per_floor":[118,118,131,145,163,163,15,15,15,29,29,42,42,57,57,180,243,258,276,276,294,315,315],"floor_reached":23,"playtime":702,"items_purged":[],"score":306,"play_id":"34213a53-0d73-461b-96eb-8e562ffbee9c","local_time":"20180825014307","is_ascension_mode":true,"campfire_choices":[{"data":"Zap","floor":6,"key":"SMITH"},{"floor":8,"key":"REST"},{"floor":13,"key":"REST"},{"data":"Darkness","floor":15,"key":"SMITH"}],"neow_cost":"PERCENT_DAMAGE","seed_source_timestamp":485288742862749,"circlet_count":0,"master_deck":["Strike_B+1","Strike_B","Strike_B","Strike_B+1","Defend_B","Defend_B","Defend_B","Defend_B","Zap+1","Dualcast+1","AscendersBane","Cold Snap","Sweeping Beam","Go for the Eyes","Darkness+1","Creative AI","Ball Lightning","Redo","All For One","Cold Snap","Gash+1","Leap+1","Ghostly","Ghostly","Ghostly","Ghostly","Ghostly","Conserve Battery+1","Rip and Tear+1"],"relics":["Cracked Core","Unceasing Top","Pen Nib","Bottled Lightning","Golden Idol","Tiny House"],"potions_floor_usage":[22,22],"damage_taken":[{"damage":1,"enemies":"2 Louse","floor":1,"turns":3},{"damage":7,"enemies":"Jaw Worm","floor":3,"turns":2},{"damage":3,"enemies":"Small Slimes","floor":4,"turns":2},{"damage":12,"enemies":"3 Louse","floor":5,"turns":3},{"damage":1,"enemies":"2 Fungi Beasts","floor":10,"turns":3},{"damage":7,"enemies":"Red Slaver","floor":12,"turns":3},{"damage":9,"enemies":"Looter","floor":14,"turns":3},{"damage":16,"enemies":"Slime Boss","floor":16,"turns":7},{"damage":7,"enemies":"Chosen","floor":18,"turns":4},{"damage":17,"enemies":"3 Byrds","floor":19,"turns":4},{"damage":12,"enemies":"Centurion and Healer","floor":21,"turns":6},{"damage":24,"enemies":"Snake Plant","floor":22,"turns":4},{"damage":36,"enemies":"Gremlin Leader","floor":23,"turns":5}],"seed_played":"-788404943109896701","potions_obtained":[{"floor":4,"key":"FairyPotion"},{"floor":5,"key":"Regen Potion"},{"floor":14,"key":"Explosive Potion"},{"floor":17,"key":"Energy Potion"}],"is_trial":false,"path_per_floor":["M","?","M","M","M","R","$","R","T","M","?","M","R","M","R","B",null,"M","M","?","M","M"],"character_chosen":"DEFECT","items_purchased":["Pen Nib"],"campfire_rested":2,"item_purchase_floors":[7],"current_hp_per_floor":[49,34,27,24,12,12,12,34,34,33,33,26,46,37,37,21,62,55,38,37,25,13,0],"gold":315,"neow_bonus":"ONE_RARE_RELIC","is_prod":false,"is_daily":false,"chose_seed":false,"campfire_upgraded":2,"win_rate":0,"timestamp":1535182987,"path_taken":["M","?","?","M","M","R","$","R","T","M","?","M","R","M","R","BOSS","M","M","?","M","M","E"],"build_version":"2018-08-23v2","purchased_purges":0,"victory":false,"max_hp_per_floor":[75,75,75,75,75,75,75,75,75,75,69,69,69,69,69,69,74,74,74,37,37,37,37],"card_choices":[{"not_picked":["Undo","Barrage"],"picked":"Cold Snap","floor":1},{"not_picked":["Aggregate","Sweeping Beam","Barrage"],"picked":"SKIP","floor":3},{"not_picked":["Aggregate","Barrage"],"picked":"Sweeping Beam","floor":3},{"not_picked":["Lockon","Compile Driver"],"picked":"Go for the Eyes","floor":4},{"not_picked":["Go for the Eyes","Rebound"],"picked":"Darkness","floor":5},{"not_picked":["Steam","Hologram"],"picked":"Creative AI","floor":10},{"not_picked":["FTL","Doom and Gloom"],"picked":"Ball Lightning","floor":12},{"not_picked":["Turbo","Rebound"],"picked":"Redo","floor":14},{"not_picked":["Creative AI","Biased Cognition"],"picked":"All For One","floor":16},{"not_picked":["Ball Lightning","Stack"],"picked":"Cold Snap","floor":17},{"not_picked":["Conserve Battery+1","Chaos"],"picked":"Gash+1","floor":18},{"not_picked":["Biased Cognition","Beam Cell+1"],"picked":"Leap+1","floor":19},{"not_picked":["Rebound","Barrage+1"],"picked":"Conserve Battery+1","floor":21},{"not_picked":["Turbo+1","FTL"],"picked":"Rip and Tear+1","floor":22}],"player_experience":426718,"relics_obtained":[{"floor":9,"key":"Bottled Lightning"}],"event_choices":[{"event_name":"Shining Light","player_choice":"Entered Light","floor":2,"damage_taken":0},{"event_name":"Golden Idol","player_choice":"Lose Max HP","floor":11,"damage_taken":0},{"event_name":"Ghosts","player_choice":"Became a Ghost","floor":20,"damage_taken":0}],"is_beta":false,"boss_relics":[{"not_picked":["Calling Bell","Philosopher\u0027s Stone"],"picked":"Tiny House"}],"items_purged_floors":[],"is_endless":false,"potions_floor_spawned":[4,5,14],"killed_by":"Gremlin Leader","ascension_level":10}