{"gold_per_floor":[117,117,130,141,65,65,81,116,142,158,158,170,204,215,215,315,315,326,342,342,14,14,14,44,56,56,75,75,85,11,11,11,116,116,130,54,54,69,69,69,69],"floor_reached":41,"playtime":2216,"items_purged":[],"score":448,"play_id":"1949ac12-bfea-42f6-b249-ea187c6c86a5","local_time":"20180701165844","is_ascension_mode":false,"campfire_choices":[{"data":"Noxious Fumes","floor":6,"key":"SMITH"},{"data":"Envenom","floor":11,"key":"SMITH"},{"floor":15,"key":"REST"},{"data":"Bouncing Flask","floor":23,"key":"SMITH"},{"floor":28,"key":"REST"},{"floor":32,"key":"REST"},{"data":"Wraith Form v2","floor":40,"key":"SMITH"}],"neow_cost":"NONE","seed_source_timestamp":431823649780145,"circlet_count":0,"master_deck":["Defend_G","Defend_G","Defend_G","Defend_G","Defend_G+1","Strike_G+1","Strike_G+1","Survivor","Neutralize+1","Bouncing Flask","Bouncing Flask+1","Deadly Poison+1","Noxious Fumes+1","Sucker Punch","Bane","Blur","Envenom+1","Slice","Leg Sweep","Backflip","Backflip","Venomology","PiercingWail+1","Flying Knee","Crippling Poison","Noxious Fumes","Outmaneuver","Sucker Punch","Escape Plan","Poisoned Stab","Wraith Form v2+1","Terror","Bouncing Flask","PiercingWail","Doppelganger","Catalyst","Madness","Madness"],"relics":["Ring of the Snake","War Paint","Bag of Preparation","Anchor","Black Star","Whetstone","Regal Pillow","Pen Nib","Blood Vial","Dream Catcher","Empty Cage"],"potions_floor_usage":[24,29,38,38,38],"damage_taken":[{"damage":0,"enemies":"Jaw Worm","floor":1,"turns":6},{"damage":1,"enemies":"Small Slimes","floor":3,"turns":3},{"damage":0,"enemies":"Cultist","floor":4,"turns":3},{"damage":8,"enemies":"3 Louse","floor":7,"turns":3},{"damage":15,"enemies":"3 Sentries","floor":8,"turns":7},{"damage":11,"enemies":"Blue Slaver","floor":10,"turns":4},{"damage":4,"enemies":"Looter","floor":12,"turns":3},{"damage":10,"enemies":"Gremlin Nob","floor":13,"turns":4},{"damage":1,"enemies":"2 Fungi Beasts","floor":14,"turns":3},{"damage":4,"enemies":"The Guardian","floor":16,"turns":7},{"damage":2,"enemies":"Spheric Guardian","floor":18,"turns":3},{"damage":8,"enemies":"Chosen","floor":19,"turns":5},{"damage":15,"enemies":"Gremlin Leader","floor":24,"turns":11},{"damage":13,"enemies":"Centurion and Healer","floor":25,"turns":6},{"damage":17,"enemies":"Snake Plant","floor":27,"turns":5},{"damage":25,"enemies":"Snecko","floor":29,"turns":6},{"damage":66,"enemies":"Automaton","floor":33,"turns":11},{"damage":11,"enemies":"Orb Walker","floor":35,"turns":4},{"damage":12,"enemies":"3 Darklings","floor":38,"turns":7},{"damage":48,"enemies":"Sphere and 2 Shapes","floor":41,"turns":5}],"seed_played":"48871839889530739","potions_obtained":[{"floor":1,"key":"PowerPotion"},{"floor":4,"key":"PowerPotion"},{"floor":8,"key":"Block Potion"},{"floor":10,"key":"GamblersBrew"},{"floor":13,"key":"GhostInAJar"},{"floor":24,"key":"AttackPotion"},{"floor":38,"key":"SpeedPotion"}],"is_trial":false,"path_per_floor":["M","?","M","M","$","R","M","E","T","M","R","M","E","M","R","B",null,"M","M","?","$","?","R","E","M","T","M","R","M","$","T","R","B",null,"M","$","?","M","?","R"],"character_chosen":"THE_SILENT","items_purchased":["Sucker Punch","Bane","Whetstone","Noxious Fumes","Outmaneuver","Sucker Punch","Bouncing Flask","Catalyst"],"campfire_rested":3,"item_purchase_floors":[5,5,21,21,21,21,30,36],"current_hp_per_floor":[70,70,69,69,69,69,61,46,46,35,35,31,21,20,41,37,70,68,60,60,60,60,60,45,32,32,17,53,30,30,30,66,2,70,59,59,59,49,40,40,0],"gold":69,"neow_bonus":"UPGRADE_CARD","is_prod":false,"is_daily":false,"chose_seed":false,"campfire_upgraded":4,"win_rate":0.0,"timestamp":1530485924,"path_taken":["M","?","M","M","$","R","M","E","T","M","R","?","E","M","R","BOSS","M","M","?","$","?","R","E","M","T","M","R","M","$","?","R","BOSS","M","$","?","M","?","R","?"],"build_version":"2018-06-28","purchased_purges":0,"victory":false,"max_hp_per_floor":[70,70,70,70,70,70,70,70,70,70,70,70,70,70,70,70,70,70,70,70,70,70,70,70,70,70,70,70,70,70,70,70,70,70,70,70,70,70,70,70,70],"card_choices":[{"not_picked":["Catalyst","Choke"],"picked":"Bouncing Flask","floor":1},{"not_picked":["All Out Attack","Slice"],"picked":"Deadly Poison","floor":3},{"not_picked":["Prepared","Underhanded Strike"],"picked":"Noxious Fumes","floor":4},{"not_picked":["Heel Hook","Dagger Spray"],"picked":"Blur","floor":7},{"not_picked":["Dagger Throw","Predator"],"picked":"Envenom","floor":8},{"not_picked":["Cloak And Dagger","Heel Hook"],"picked":"Slice","floor":10},{"not_picked":["Well Laid Plans","Dash"],"picked":"Leg Sweep","floor":12},{"not_picked":["Reflex","Underhanded Strike"],"picked":"Backflip","floor":13},{"not_picked":["Slice","Deadly Poison"],"picked":"Backflip","floor":14},{"not_picked":["Unload","Glass Knife"],"picked":"Venomology","floor":16},{"not_picked":["Backstab","Deadly Poison"],"picked":"PiercingWail+1","floor":18},{"not_picked":["Blade Dance","Acrobatics+1"],"picked":"Flying Knee","floor":19},{"not_picked":["Dagger Throw","Skewer"],"picked":"Escape Plan","floor":24},{"not_picked":["Caltrops","Deflect"],"picked":"Poisoned Stab","floor":25},{"not_picked":["Prepared","Choke"],"picked":"Wraith Form v2","floor":27},{"not_picked":["Backstab","Infinite Blades+1"],"picked":"Terror","floor":29},{"not_picked":["Bane","Bouncing Flask"],"picked":"PiercingWail","floor":32},{"not_picked":["After Image","A Thousand Cuts"],"picked":"Doppelganger","floor":33},{"not_picked":["Acrobatics","Flechettes","Quick Slash+1"],"picked":"SKIP","floor":35},{"not_picked":["Sucker Punch","Dagger Throw","Masterful Stab+1"],"picked":"SKIP","floor":38}],"player_experience":95279,"relics_obtained":[{"floor":8,"key":"War Paint"},{"floor":9,"key":"Bag of Preparation"},{"floor":13,"key":"Anchor"},{"floor":24,"key":"Regal Pillow"},{"floor":24,"key":"Pen Nib"},{"floor":26,"key":"Blood Vial"},{"floor":31,"key":"Dream Catcher"}],"event_choices":[{"event_name":"Living Wall","player_choice":"Change","floor":2,"damage_taken":0},{"event_name":"The Library","player_choice":"Read","floor":20,"damage_taken":0},{"event_name":"Beggar","player_choice":"Ignored","floor":22,"damage_taken":0},{"event_name":"The Woman in Blue","player_choice":"Bought 0 Potions","floor":37,"damage_taken":0},{"event_name":"Winding Halls","player_choice":"Embrace Madness","floor":39,"damage_taken":0}],"boss_relics":[{"not_picked":["Orrery","Coffee Dripper"],"picked":"Black Star"},{"not_picked":["Lizard Tail","Runic Dome"],"picked":"Empty Cage"}],"items_purged_floors":[],"is_endless":false,"potions_floor_spawned":[1,4,8,10,13,14,19,24,29,38],"killed_by":"Sphere and 2 Shapes","ascension_level":0}