{"gold_per_floor":[117,117,292,312,312,355,373,448,517,517,517,517],"floor_reached":12,"playtime":502,"items_purged":[],"score":76,"play_id":"bd46a178-4d54-4edd-9bcf-628a38ad617e","local_time":"20181126225735","is_ascension_mode":false,"campfire_choices":[{"floor":10.0,"key":"REST"}],"neow_cost":"NONE","seed_source_timestamp":307683229035,"circlet_count":0,"master_deck":["Defend_G","Defend_G","Defend_G","Defend_G","Defend_G","Strike_G","Strike_G+1","Strike_G+1","Strike_G","Strike_G","Survivor","Neutralize","Leg Sweep","Poisoned Stab","Doubt","Backflip","Backflip","Dash","Well Laid Plans","Regret"],"special_seed":0,"relics":["Ring of the Snake","Golden Idol","Dream Catcher","Paper Crane"],"potions_floor_usage":[12],"damage_taken":[{"damage":0.0,"enemies":"2 Louse","floor":1.0,"turns":4.0},{"damage":0.0,"enemies":"Small Slimes","floor":4.0,"turns":6.0},{"damage":19.0,"enemies":"Lagavulin","floor":6.0,"turns":9.0},{"damage":0.0,"enemies":"Cultist","floor":7.0,"turns":5.0},{"damage":33,"enemies":"Gremlin Nob","floor":12,"turns":7}],"seed_played":"8756551767679345642","potions_obtained":[{"floor":4.0,"key":"AttackPotion"},{"floor":6.0,"key":"EssenceOfSteel"}],"is_trial":false,"path_per_floor":["M","?","?","M","?","E","M","?","T","R","?","E"],"character_chosen":"THE_SILENT","items_purchased":[],"campfire_rested":1,"item_purchase_floors":[],"current_hp_per_floor":[70,53,53,53,39,20,20,9,9,30,30,0],"gold":517,"neow_bonus":"THREE_CARDS","is_prod":false,"is_daily":false,"chose_seed":false,"campfire_upgraded":0,"win_rate":0,"timestamp":1543301855,"path_taken":["M","?","?","M","?","E","M","?","T","R","?","E"],"build_version":"2018-11-15","purchased_purges":0,"victory":false,"max_hp_per_floor":[70,70,70,70,70,70,70,70,70,70,70,70],"card_choices":[{"not_picked":["Poisoned Stab","Underhanded Strike"],"picked":"Leg Sweep","floor":0.0},{"not_picked":["Underhanded Strike","Prepared"],"picked":"Poisoned Stab","floor":1.0},{"not_picked":["Underhanded Strike","Deadly Poison"],"picked":"Backflip","floor":4.0},{"not_picked":["Accuracy","Prepared"],"picked":"Backflip","floor":6.0},{"not_picked":["Quick Slash","Dagger Throw"],"picked":"Dash","floor":7.0},{"not_picked":["Slice","Flying Knee"],"picked":"Well Laid Plans","floor":10.0}],"player_experience":619376,"relics_obtained":[{"floor":6.0,"key":"Dream Catcher"}],"event_choices":[{"damage_healed":0.0,"max_hp_gain":0.0,"max_hp_loss":0.0,"gold_gain":0.0,"event_name":"Golden Idol","player_choice":"Take Damage","floor":2.0,"gold_loss":0.0,"damage_taken":17.0,"relics_obtained":["Golden Idol"]},{"damage_healed":0.0,"max_hp_gain":0.0,"max_hp_loss":0.0,"gold_gain":175.0,"event_name":"Liars Game","player_choice":"AGREE","floor":3.0,"gold_loss":0.0,"damage_taken":0.0,"cards_obtained":["Doubt"]},{"damage_healed":0.0,"max_hp_gain":0.0,"max_hp_loss":0.0,"gold_gain":0.0,"event_name":"Shining Light","player_choice":"Entered Light","floor":5.0,"gold_loss":0.0,"damage_taken":14.0,"cards_upgraded":["Strike_G","Strike_G"]},{"damage_healed":0.0,"max_hp_gain":0.0,"max_hp_loss":0.0,"gold_gain":75.0,"event_name":"World of Goop","player_choice":"Gather Gold","floor":8.0,"gold_loss":0.0,"damage_taken":11.0},{"damage_healed":0.0,"max_hp_gain":0.0,"max_hp_loss":0.0,"gold_gain":0.0,"event_name":"Big Fish","player_choice":"Box","floor":11.0,"gold_loss":0.0,"damage_taken":0.0,"relics_obtained":["Paper Crane"],"cards_obtained":["Regret"]}],"is_beta":false,"boss_relics":[],"items_purged_floors":[],"is_endless":false,"potions_floor_spawned":[4,6],"killed_by":"Gremlin Nob","ascension_level":0}