{"gold_per_floor":[19,19,36,54,54,89,108,108,181,193,193,218,218,234,234,339,339,350,367,367,367,384,384,399,429,429,429,528,528,528,528],"floor_reached":31,"playtime":1038,"items_purged":[],"score":370,"play_id":"54f5c69f-0e63-4432-8300-e40aff744ade","local_time":"20190317102955","is_ascension_mode":true,"campfire_choices":[{"floor":8,"key":"REST"},{"data":"Rupture","floor":13,"key":"SMITH"},{"data":"Flex","floor":15,"key":"SMITH"},{"floor":23,"key":"REST"},{"floor":27,"key":"REST"},{"data":"Demon Form","floor":29,"key":"SMITH"}],"neow_cost":"NO_GOLD","seed_source_timestamp":208540611534567,"circlet_count":0,"master_deck":["Strike_R","Strike_R","Strike_R+1","Strike_R","Defend_R","Defend_R","Defend_R","Defend_R","Bash+1","Twin Strike","Rupture+1","Flex+1","Clash","Blood for Blood","Clash","Twin Strike","Shrug It Off","Demon Form+1","Clash","Thunderclap","Ghostly","Ghostly","Ghostly","Ghostly","Ghostly","Decay","Thunderclap+1","Carnage","Flex"],"relics":["Burning Blood","Ginger","Du-Vu Doll","The Courier","Smiling Mask","Runic Cube","Strawberry","Paper Frog"],"potions_floor_usage":[16,19,25,31,31],"damage_taken":[{"damage":6,"enemies":"Cultist","floor":1,"turns":3},{"damage":7,"enemies":"Jaw Worm","floor":3,"turns":3},{"damage":0,"enemies":"Small Slimes","floor":4,"turns":2},{"damage":35,"enemies":"3 Sentries","floor":6,"turns":10},{"damage":7,"enemies":"Exordium Wildlife","floor":7,"turns":3},{"damage":2,"enemies":"Looter","floor":10,"turns":3},{"damage":23,"enemies":"Gremlin Nob","floor":12,"turns":4},{"damage":7,"enemies":"Lots of Slimes","floor":14,"turns":3},{"damage":38,"enemies":"Hexaghost","floor":16,"turns":7},{"damage":15,"enemies":"3 Byrds","floor":18,"turns":4},{"damage":11,"enemies":"Spheric Guardian","floor":19,"turns":3},{"damage":33,"enemies":"Chosen and Byrds","floor":22,"turns":7},{"damage":13,"enemies":"3 Cultists","floor":24,"turns":6},{"damage":8,"enemies":"Book of Stabbing","floor":25,"turns":6},{"damage":39,"enemies":"Sentry and Sphere","floor":31,"turns":7}],"seed_played":"7672259255097763145","potions_obtained":[{"floor":1,"key":"BloodPotion"},{"floor":4,"key":"Dexterity Potion"},{"floor":7,"key":"GamblersBrew"},{"floor":12,"key":"Fire Potion"},{"floor":18,"key":"Explosive Potion"},{"floor":22,"key":"Strength Potion"},{"floor":24,"key":"Block Potion"}],"is_trial":false,"path_per_floor":["?","?","?","M","?","?","M","?","?"],"character_chosen":"IRONCLAD","items_purchased":[],"campfire_rested":3,"item_purchase_floors":[],"current_hp_per_floor":[72,72,71,77,61,32,31,55,55,59,80,63,63,62,62,30,68,59,54,40,40,13,25,18,23,23,37,37,37,30,0],"gold":528,"neow_bonus":"ONE_RARE_RELIC","is_prod":false,"is_daily":false,"chose_seed":false,"campfire_upgraded":3,"win_rate":0,"timestamp":1552814995,"path_taken":["M","?","M","M","?","E","M","R","T","M","?","E","R","?","R","BOSS","M","M","?","?","?","R","M","E","T","R","?","R","?","M"],"build_version":"2019-01-23","purchased_purges":0,"victory":false,"max_hp_per_floor":[80,80,80,80,80,80,80,80,80,80,80,80,80,80,80,80,80,80,80,40,40,40,40,40,47,47,47,47,47,52,52],"card_choices":[{"not_picked":["Warcry","Infernal Blade"],"picked":"Twin Strike","floor":1},{"not_picked":["True Grit","Battle Trance"],"picked":"Flex","floor":3},{"not_picked":["Dual Wield","Shrug It Off"],"picked":"Clash","floor":4},{"not_picked":["True Grit","Dark Embrace"],"picked":"Blood for Blood","floor":6},{"not_picked":["Seeing Red","Twin Strike"],"picked":"Clash","floor":7},{"not_picked":["Sword Boomerang","Searing Blow"],"picked":"Twin Strike","floor":10},{"not_picked":["True Grit","Entrench","Shockwave"],"picked":"SKIP","floor":12},{"not_picked":["Uppercut","Wild Strike"],"picked":"Shrug It Off","floor":14},{"not_picked":["Fiend Fire","Double Tap"],"picked":"Demon Form","floor":16},{"not_picked":["Burning Pact","Shrug It Off+1"],"picked":"Clash","floor":18},{"not_picked":["Sever Soul","Armaments"],"picked":"Thunderclap","floor":19},{"not_picked":["Shrug It Off","Double Tap"],"picked":"Thunderclap+1","floor":22},{"not_picked":["Hemokinesis","Iron Wave"],"picked":"Carnage","floor":24},{"not_picked":["True Grit","Shockwave"],"picked":"Flex","floor":25}],"player_experience":354998,"relics_obtained":[{"floor":6,"key":"Du-Vu Doll"},{"floor":9,"key":"The Courier"},{"floor":12,"key":"Smiling Mask"},{"floor":25,"key":"Strawberry"},{"floor":26,"key":"Paper Frog"}],"event_choices":[{"damage_healed":0,"gold_gain":0,"cards_transformed":["Strike_R"],"player_choice":"Change","damage_taken":0,"max_hp_gain":0,"max_hp_loss":0,"event_name":"Living Wall","floor":2,"gold_loss":0,"cards_obtained":["Rupture"]},{"damage_healed":0,"gold_gain":0,"player_choice":"Entered Light","damage_taken":16,"max_hp_gain":0,"max_hp_loss":0,"event_name":"Shining Light","floor":5,"gold_loss":0,"cards_upgraded":["Strike_R","Bash"]},{"damage_healed":26,"gold_gain":0,"player_choice":"Banana","damage_taken":0,"max_hp_gain":0,"max_hp_loss":0,"event_name":"Big Fish","floor":11,"gold_loss":0},{"damage_healed":0,"gold_gain":0,"player_choice":"Became a Ghost","damage_taken":0,"max_hp_gain":0,"max_hp_loss":40,"event_name":"Ghosts","floor":20,"gold_loss":0,"cards_obtained":["Ghostly","Ghostly","Ghostly","Ghostly","Ghostly"]},{"damage_healed":0,"gold_gain":0,"player_choice":"Cursed","damage_taken":0,"max_hp_gain":0,"max_hp_loss":0,"event_name":"Wheel of Change","floor":21,"gold_loss":0,"cards_obtained":["Decay"]},{"damage_healed":0,"gold_gain":99,"player_choice":"Stole From Cult","damage_taken":0,"max_hp_gain":0,"max_hp_loss":0,"event_name":"Nest","floor":28,"gold_loss":0},{"damage_healed":0,"gold_gain":0,"player_choice":"Shed Blood","damage_taken":12,"max_hp_gain":5,"max_hp_loss":0,"event_name":"Forgotten Altar","floor":30,"gold_loss":0}],"is_beta":false,"boss_relics":[{"not_picked":["Mark of Pain","Busted Crown"],"picked":"Runic Cube"}],"items_purged_floors":[],"is_endless":false,"potions_floor_spawned":[1,4,7,12,18,22,24],"killed_by":"Sentry and Sphere","ascension_level":6}