{"gold_per_floor":[109,184,203,303,317,379,379,397,397,409,432,454,466,494,506,518],"floor_reached":16,"playtime":707,"items_purged":[],"score":161,"play_id":"715c510e-be51-4071-88aa-9d71f0e1bbcf","local_time":"20181118221844","is_ascension_mode":true,"campfire_choices":[{"data":"Armaments","floor":7.0,"key":"SMITH"},{"data":"True Grit","floor":10.0,"key":"SMITH"},{"data":"Whirlwind","floor":13,"key":"SMITH"},{"data":"Body Slam","floor":15,"key":"SMITH"}],"neow_cost":"NONE","seed_source_timestamp":642071006144683,"circlet_count":0,"master_deck":["AscendersBane","Strike_R","Strike_R","Strike_R","Strike_R","Strike_R","Defend_R","Defend_R","Defend_R","Defend_R","Bash","Whirlwind+1","True Grit+1","Armaments+1","Uppercut","Shrug It Off","True Grit","Shockwave","Body Slam+1"],"special_seed":0,"relics":["Burning Blood","Tiny Chest","MawBank"],"potions_floor_usage":[16,16],"damage_taken":[{"damage":7.0,"enemies":"2 Louse","floor":1.0,"turns":3.0},{"damage":12.0,"enemies":"Small Slimes","floor":3.0,"turns":4.0},{"damage":0.0,"enemies":"Cultist","floor":5.0,"turns":4.0},{"damage":10.0,"enemies":"3 Sentries","floor":6.0,"turns":4.0},{"damage":4.0,"enemies":"Blue Slaver","floor":8.0,"turns":4.0},{"damage":31,"enemies":"Gremlin Gang","floor":11,"turns":7},{"damage":4,"enemies":"Red Slaver","floor":12,"turns":7},{"damage":1,"enemies":"Exordium Thugs","floor":14,"turns":8},{"damage":54,"enemies":"Hexaghost","floor":16,"turns":14}],"seed_played":"8588252340623825079","potions_obtained":[{"floor":1.0,"key":"EntropicBrew"},{"floor":8.0,"key":"SneckoOil"},{"floor":12,"key":"Swift Potion"}],"is_trial":false,"path_per_floor":["M","?","M","?","M","E","R","M","T","R","M","M","R","M","R","B"],"character_chosen":"IRONCLAD","items_purchased":[],"campfire_rested":0,"item_purchase_floors":[],"current_hp_per_floor":[79,68,62,62,68,64,64,66,66,66,41,43,43,48,48,0],"gold":518,"neow_bonus":"TEN_PERCENT_HP_BONUS","is_prod":false,"is_daily":false,"chose_seed":false,"campfire_upgraded":4,"win_rate":0,"timestamp":1542604724,"path_taken":["M","?","M","?","M","E","R","M","T","R","M","M","R","M","R","BOSS"],"build_version":"2018-11-15","purchased_purges":0,"victory":false,"max_hp_per_floor":[88,88,88,88,88,88,88,88,88,88,88,88,88,88,88,88],"card_choices":[{"not_picked":["Battle Trance","Shockwave"],"picked":"Whirlwind","floor":1.0},{"not_picked":["Heavy Blade","Warcry"],"picked":"True Grit","floor":3.0},{"not_picked":["Body Slam","Clothesline"],"picked":"Armaments","floor":5.0},{"not_picked":["Pommel Strike","Sword Boomerang"],"picked":"Uppercut","floor":6.0},{"not_picked":["Intimidate","Feel No Pain"],"picked":"Shrug It Off","floor":8.0},{"not_picked":["Shrug It Off","Wild Strike"],"picked":"True Grit","floor":11},{"not_picked":["Armaments","Warcry"],"picked":"Shockwave","floor":12},{"not_picked":["Rampage","Infernal Blade"],"picked":"Body Slam","floor":14}],"player_experience":620779,"relics_obtained":[{"floor":6.0,"key":"Tiny Chest"},{"floor":9.0,"key":"MawBank"}],"event_choices":[{"damage_healed":0.0,"max_hp_gain":0.0,"max_hp_loss":0.0,"gold_gain":75.0,"event_name":"World of Goop","player_choice":"Gather Gold","floor":2.0,"gold_loss":0.0,"damage_taken":11.0},{"damage_healed":0.0,"max_hp_gain":0.0,"max_hp_loss":0.0,"gold_gain":100.0,"event_name":"Golden Shrine","player_choice":"Pray","floor":4.0,"gold_loss":0.0,"damage_taken":0.0}],"is_beta":false,"boss_relics":[],"items_purged_floors":[],"is_endless":false,"potions_floor_spawned":[1,8,12],"killed_by":"Hexaghost","ascension_level":11}