{"gold_per_floor":[110,110,123,198,215,215,240,256,281,281,292,292,306,306,306,405,405],"floor_reached":17,"playtime":762,"items_purged":[],"score":251,"play_id":"a63a5dfd-1780-4ae5-a556-ef392b1337c1","local_time":"20181209165459","is_ascension_mode":true,"campfire_choices":[{"data":"Neutralize","floor":6.0,"key":"SMITH"},{"data":"Venomology","floor":10,"key":"SMITH"},{"data":"Survivor","floor":12,"key":"SMITH"},{"floor":15,"key":"REST"}],"neow_cost":"NONE","seed_source_timestamp":13138099915780,"circlet_count":0,"master_deck":["AscendersBane","Survivor+1","Neutralize+1","Dagger Throw","Backflip","Dagger Throw","Venomology+1","Sucker Punch","Quick Slash","Poisoned Stab","Sucker Punch","Escape Plan","Predator","Noxious Fumes","Caltrops","Dagger Spray","Deflect","Flying Knee","Catalyst"],"special_seed":0,"relics":["Ring of the Snake","Orichalcum","Art of War","PreservedInsect","Pandora\u0027s Box"],"potions_floor_usage":[8,11,13,16,16,16],"damage_taken":[{"damage":2.0,"enemies":"Jaw Worm","floor":1.0,"turns":6.0},{"damage":4.0,"enemies":"Small Slimes","floor":3.0,"turns":3.0},{"damage":0.0,"enemies":"2 Louse","floor":5.0,"turns":2.0},{"damage":26,"enemies":"3 Sentries","floor":7,"turns":9},{"damage":2,"enemies":"Large Slime","floor":8,"turns":8},{"damage":0,"enemies":"2 Fungi Beasts","floor":11,"turns":4},{"damage":0,"enemies":"Looter","floor":13,"turns":3},{"damage":27,"enemies":"Hexaghost","floor":16,"turns":16}],"seed_played":"-5890818566901447398","potions_obtained":[{"floor":1.0,"key":"SkillPotion"},{"floor":5.0,"key":"Energy Potion"},{"floor":11,"key":"Fire Potion"}],"is_trial":false,"path_per_floor":["M","?","M","?","M","R","E","M","T","R","M","R","M","?","R","B",null],"character_chosen":"THE_SILENT","items_purchased":[],"campfire_rested":1,"item_purchase_floors":[],"current_hp_per_floor":[61,66,62,51,51,51,25,23,23,23,23,23,23,8,30,3,3],"gold":405,"neow_bonus":"RANDOM_COMMON_RELIC","is_prod":false,"is_daily":false,"chose_seed":false,"campfire_upgraded":3,"win_rate":0,"timestamp":1544403299,"path_taken":["M","?","M","?","M","R","E","M","T","R","M","R","M","?","R","BOSS"],"build_version":"2018-12-06","purchased_purges":0,"victory":false,"max_hp_per_floor":[70,75,75,75,75,75,75,75,75,75,75,75,75,75,75,75,75],"card_choices":[{"not_picked":["Tactician","Riddle With Holes"],"picked":"Dagger Throw","floor":1.0},{"not_picked":["Quick Slash","Outmaneuver"],"picked":"Backflip","floor":3.0},{"not_picked":["Bouncing Flask","PiercingWail"],"picked":"Dagger Throw","floor":5.0},{"not_picked":["Heel Hook","Slice"],"picked":"Venomology","floor":7},{"not_picked":["Blade Dance","Distraction"],"picked":"Sucker Punch","floor":8},{"not_picked":["Finisher","Outmaneuver"],"picked":"Quick Slash","floor":11},{"not_picked":["Wraith Form v2","Outmaneuver","Flechettes"],"picked":"SKIP","floor":13}],"player_experience":635045,"relics_obtained":[{"floor":7,"key":"Art of War"},{"floor":9,"key":"PreservedInsect"}],"event_choices":[{"damage_healed":0.0,"max_hp_gain":5.0,"max_hp_loss":0.0,"gold_gain":0.0,"event_name":"Big Fish","player_choice":"Donut","floor":2.0,"gold_loss":0.0,"damage_taken":0.0},{"damage_healed":0.0,"max_hp_gain":0.0,"max_hp_loss":0.0,"gold_gain":75.0,"event_name":"World of Goop","player_choice":"Gather Gold","floor":4.0,"gold_loss":0.0,"damage_taken":11.0},{"damage_healed":0,"gold_gain":0,"player_choice":"Entered Light","damage_taken":15,"max_hp_gain":0,"max_hp_loss":0,"event_name":"Shining Light","floor":14,"gold_loss":0,"cards_upgraded":["Strike_G","Defend_G"]}],"is_beta":false,"boss_relics":[{"not_picked":["Runic Dome","Sozu"],"picked":"Pandora\u0027s Box"}],"items_purged_floors":[],"is_endless":false,"potions_floor_spawned":[1,5,11,13],"ascension_level":12}