{"gold_per_floor":[114,27,46,59,74,109,109,124,124,163,179,149],"floor_reached":12,"playtime":500,"items_purged":[],"score":92,"play_id":"2ba0b6dc-a5ff-4839-899f-a6ffa75f9ac0","local_time":"20180903005537","is_ascension_mode":false,"campfire_choices":[],"neow_cost":"NONE","seed_source_timestamp":1260172171098194,"circlet_count":0,"master_deck":["Strike_R","Strike_R","Strike_R","Strike_R","Strike_R","Defend_R+1","Defend_R","Defend_R","Defend_R","Bash","Demon Form","Rage","Evolve","Shrug It Off","Wild Strike","Clothesline","Armaments+1","Flex","Limit Break"],"relics":["Burning Blood","War Paint","Golden Idol","Smiling Mask","Gremlin Horn"],"potions_floor_usage":[10,10],"damage_taken":[{"damage":0,"enemies":"Small Slimes","floor":1,"turns":3},{"damage":0,"enemies":"2 Louse","floor":3,"turns":3},{"damage":3,"enemies":"Cultist","floor":4,"turns":4},{"damage":4,"enemies":"Looter","floor":5,"turns":4},{"damage":27,"enemies":"3 Sentries","floor":6,"turns":10},{"damage":16,"enemies":"Large Slime","floor":8,"turns":7},{"damage":21,"enemies":"Lagavulin","floor":10,"turns":8},{"damage":8,"enemies":"3 Louse","floor":11,"turns":4},{"damage":12,"enemies":"Looter","floor":12,"turns":2}],"seed_played":"7196652588769766144","potions_obtained":[{"floor":4,"key":"EssenceOfSteel"},{"floor":5,"key":"SpeedPotion"},{"floor":6,"key":"PowerPotion"},{"floor":11,"key":"Dexterity Potion"}],"is_trial":false,"path_per_floor":["M","$","M","M","M","E","?","M","T","E","M"],"character_chosen":"IRONCLAD","items_purchased":["Evolve","Shrug It Off"],"campfire_rested":0,"item_purchase_floors":[2,2],"current_hp_per_floor":[80,80,80,80,80,59,39,29,29,14,12,0],"gold":149,"neow_bonus":"ONE_RANDOM_RARE_CARD","is_prod":false,"is_daily":false,"chose_seed":false,"campfire_upgraded":0,"win_rate":0,"timestamp":1535957737,"path_taken":["M","$","M","M","M","E","?","M","T","E","?","M"],"build_version":"2018-08-30","purchased_purges":0,"victory":false,"max_hp_per_floor":[80,80,80,80,80,80,80,80,80,80,80,80],"card_choices":[{"not_picked":["Clothesline","Flex"],"picked":"Rage","floor":1},{"not_picked":["Dropkick","Dual Wield"],"picked":"Wild Strike","floor":3},{"not_picked":["Evolve","Combust"],"picked":"Clothesline","floor":4},{"not_picked":["Headbutt","Anger"],"picked":"Armaments","floor":5},{"not_picked":["Pommel Strike","Cleave"],"picked":"Flex","floor":6},{"not_picked":["Headbutt","Perfected Strike"],"picked":"Limit Break","floor":8},{"not_picked":["Rupture","True Grit","Exhume"],"picked":"SKIP","floor":10},{"not_picked":["Twin Strike","Ghostly Armor","Anger"],"picked":"SKIP","floor":11}],"player_experience":453007,"relics_obtained":[{"floor":6,"key":"War Paint"},{"floor":9,"key":"Smiling Mask"},{"floor":10,"key":"Gremlin Horn"}],"event_choices":[{"event_name":"Golden Idol","player_choice":"Take Damage","floor":7,"damage_taken":0}],"is_beta":false,"boss_relics":[],"items_purged_floors":[],"is_endless":false,"potions_floor_spawned":[4,5,6,11],"killed_by":"Looter","ascension_level":0}