{"gold_per_floor":[112,112,112,128,140,169,185,185,211,223,242,242,214,232,232,331,331,344,344,355,185,200,200,226,226,226,325,325],"floor_reached":28,"playtime":1132,"items_purged":[],"score":276,"play_id":"06904bd9-2454-4a22-ba32-0d2e8c8df0f8","local_time":"20180727143235","is_ascension_mode":true,"campfire_choices":[{"data":"Blood for Blood","floor":8,"key":"SMITH"},{"floor":15,"key":"REST"},{"data":"Seeing Red","floor":23,"key":"SMITH"},{"data":"Whirlwind","floor":25,"key":"SMITH"}],"neow_cost":"","seed_source_timestamp":1087040757117299,"circlet_count":0,"master_deck":["Bash","Iron Wave","Blood for Blood+1","Seeing Red+1","Seeing Red","Shockwave","Ghostly Armor","Immolate","Shrug It Off","Carnage","Feed","Cleave","Sword Boomerang","Uppercut","True Grit","Seeing Red","Whirlwind+1","Reckless Charge","Clothesline","Flex","Feed","True Grit","Flash of Steel","Disarm","Thunderclap"],"relics":["Burning Blood","Juzu Bracelet","Dream Catcher","Pandora\u0027s Box","Oddly Smooth Stone","Self Forming Clay"],"potions_floor_usage":[14,16,16,24,28],"damage_taken":[{"damage":5,"enemies":"2 Louse","floor":1,"turns":3},{"damage":7,"enemies":"Jaw Worm","floor":4,"turns":4},{"damage":3,"enemies":"Cultist","floor":5,"turns":4},{"damage":46,"enemies":"Lagavulin","floor":6,"turns":8},{"damage":11,"enemies":"3 Louse","floor":7,"turns":4},{"damage":6,"enemies":"Blue Slaver","floor":10,"turns":3},{"damage":6,"enemies":"Looter","floor":11,"turns":3},{"damage":10,"enemies":"Exordium Thugs","floor":14,"turns":3},{"damage":31,"enemies":"Slime Boss","floor":16,"turns":10},{"damage":6,"enemies":"3 Byrds","floor":18,"turns":4},{"damage":17,"enemies":"Shell Parasite","floor":20,"turns":6},{"damage":52,"enemies":"Sentry and Sphere","floor":22,"turns":8},{"damage":8,"enemies":"Gremlin Leader","floor":24,"turns":8},{"damage":34,"enemies":"Slavers","floor":28,"turns":1}],"seed_played":"-6410149089960219721","potions_obtained":[{"floor":6,"key":"EssenceOfSteel"},{"floor":7,"key":"PowerPotion"},{"floor":14,"key":"Ancient Potion"},{"floor":22,"key":"Explosive Potion"},{"floor":24,"key":"SneckoOil"}],"is_trial":false,"path_per_floor":["M","?","?","M","M","E","M","R","T","M","M","?","?","M","R","B",null,"M","?","M","$","M","R","E","R","T","?"],"character_chosen":"IRONCLAD","items_purchased":["Flash of Steel","Disarm"],"campfire_rested":1,"item_purchase_floors":[21,21],"current_hp_per_floor":[80,73,57,56,59,19,14,14,14,14,14,14,14,10,34,9,80,83,83,72,72,29,29,30,30,30,30,0],"gold":325,"neow_bonus":"","is_prod":false,"is_daily":false,"chose_seed":false,"campfire_upgraded":3,"win_rate":0,"timestamp":1532723555,"path_taken":["M","?","?","M","M","E","M","R","T","M","M","?","?","M","R","BOSS","M","?","M","$","M","R","E","R","T","?","E"],"build_version":"2018-07-26","purchased_purges":0,"victory":false,"max_hp_per_floor":[80,80,80,80,80,80,80,80,80,80,80,80,80,80,80,80,80,83,83,83,83,86,86,89,89,89,89,89],"card_choices":[{"not_picked":["Clothesline","Twin Strike"],"picked":"Iron Wave","floor":1},{"not_picked":["Perfected Strike","Pommel Strike"],"picked":"Blood for Blood","floor":4},{"not_picked":["Heavy Blade","Spot Weakness"],"picked":"Seeing Red","floor":5},{"not_picked":["Uppercut","Havoc"],"picked":"Seeing Red","floor":6},{"not_picked":["Sever Soul","True Grit"],"picked":"Shockwave","floor":7},{"not_picked":["Shockwave","Intimidate"],"picked":"Ghostly Armor","floor":10},{"not_picked":["Iron Wave","Reckless Charge"],"picked":"Immolate","floor":11},{"not_picked":["Feel No Pain","Sword Boomerang"],"picked":"Shrug It Off","floor":14},{"not_picked":["Warcry","Intimidate"],"picked":"Carnage","floor":15},{"not_picked":["Bludgeon","Offering"],"picked":"Feed","floor":16},{"not_picked":["Disarm","Headbutt+1"],"picked":"Flex","floor":18},{"not_picked":["Clothesline+1","Headbutt+1"],"picked":"True Grit","floor":20},{"not_picked":["Corruption","Wild Strike","Iron Wave"],"picked":"SKIP","floor":22},{"not_picked":["Twin Strike+1","Blood for Blood"],"picked":"Thunderclap","floor":24}],"player_experience":280783,"relics_obtained":[{"floor":6,"key":"Juzu Bracelet"},{"floor":9,"key":"Dream Catcher"},{"floor":24,"key":"Oddly Smooth Stone"},{"floor":26,"key":"Self Forming Clay"}],"event_choices":[{"event_name":"Golden Wing","player_choice":"Card Removal","floor":2,"damage_taken":0},{"event_name":"Shining Light","player_choice":"Entered Light","floor":3,"damage_taken":0},{"event_name":"Scrap Ooze","player_choice":"unsuccessful","floor":12,"damage_taken":0},{"event_name":"World of Goop","player_choice":"Left","floor":13,"damage_taken":0},{"event_name":"Duplicator","player_choice":"One dupe","floor":19,"damage_taken":0},{"event_name":"Nest","player_choice":"Stole From Cult","floor":27,"damage_taken":0}],"is_beta":false,"boss_relics":[{"not_picked":["Busted Crown","Empty Cage"],"picked":"Pandora\u0027s Box"}],"items_purged_floors":[],"is_endless":false,"potions_floor_spawned":[6,7,14,22,24],"killed_by":"Slavers","ascension_level":3}