{"gold_per_floor":[144,144,219,219,12,12,24,43,43,98,46,64,11,55,55,160,160,179,179,179,179,32,32,32,58,58,70,70,101,16,40,52,162,174,196,208,27,41,0,0],"floor_reached":40,"playtime":2286,"items_purged":[],"score":495,"play_id":"d6e331e8-4292-427c-b553-da044c4745cc","local_time":"20190131134622","daily_mods":["Shiny","Colorless Cards","Elite Swarm"],"is_ascension_mode":false,"campfire_choices":[{"floor":6,"key":"REST"},{"data":"Apotheosis","floor":15,"key":"SMITH"},{"floor":23,"key":"REST"},{"data":"Flex","floor":28,"key":"SMITH"},{"floor":32,"key":"REST"}],"neow_cost":"","seed_source_timestamp":0,"circlet_count":0,"master_deck":["Double Tap","Demon Form","Bludgeon","Feed","Limit Break","Barricade","Fiend Fire","Dark Embrace","Berserk","Impervious","Juggernaut","Brutality","Reaper","Exhume","Offering","Immolate","Thinking Ahead","Metamorphosis","Master of Strategy","Magnetism","Chrysalis","Transmutation","HandOfGreed","Mayhem","Apotheosis+1","Secret Weapon","Panache","Violence","Secret Technique","The Bomb","Sadistic Nature","Twin Strike","Thunderclap+1","Inflame","Dramatic Entrance+1","Hemokinesis+1","Iron Wave+1","Feed+1","Flex+1","Anger+1","Cleave+1","Flex","Double Tap","Pommel Strike+1","Thunderclap+1","Writhe","Fiend Fire+1","Clash+1","Bludgeon+1","Wild Strike+1","Flex","Fiend Fire+1","Thunderclap+1","Uppercut+1","Sever Soul+1"],"relics":["Burning Blood","Molten Egg 2","Vajra","Sundial","Bottled Lightning","Eternal Feather","Nilry\u0027s Codex","Juzu Bracelet","Dream Catcher","Letter Opener","Frozen Egg 2","Ice Cream","MawBank","Runic Cube","Toxic Egg 2","PreservedInsect","Red Mask"],"potions_floor_usage":[29,33,33],"damage_taken":[{"damage":0,"enemies":"Cultist","floor":1,"turns":2},{"damage":18,"enemies":"Jaw Worm","floor":7,"turns":3},{"damage":0,"enemies":"Small Slimes","floor":8,"turns":2},{"damage":18,"enemies":"3 Sentries","floor":10,"turns":4},{"damage":0,"enemies":"Exordium Wildlife","floor":12,"turns":2},{"damage":10,"enemies":"Looter","floor":14,"turns":2},{"damage":31,"enemies":"Hexaghost","floor":16,"turns":4},{"damage":10,"enemies":"Chosen","floor":18,"turns":3},{"damage":27,"enemies":"Slavers","floor":25,"turns":2},{"damage":20,"enemies":"2 Thieves","floor":27,"turns":2},{"damage":59,"enemies":"Gremlin Leader","floor":29,"turns":4},{"damage":22,"enemies":"Centurion and Healer","floor":31,"turns":2},{"damage":69,"enemies":"Collector","floor":33,"turns":6},{"damage":13,"enemies":"Orb Walker","floor":35,"turns":3},{"damage":19,"enemies":"3 Shapes","floor":38,"turns":2},{"damage":120,"enemies":"Nemesis","floor":40,"turns":5}],"seed_played":"-7987197798673680593","potions_obtained":[{"floor":7,"key":"GamblersBrew"},{"floor":12,"key":"Regen Potion"},{"floor":14,"key":"Dexterity Potion"},{"floor":25,"key":"Fruit Juice"},{"floor":35,"key":"Ancient Potion"}],"is_trial":true,"path_per_floor":["?","?","T","M","$","?","?","?","?","?","$","?"],"character_chosen":"IRONCLAD","items_purchased":["Thunderclap+1","Inflame","Dramatic Entrance+1","Flex","Cleave+1","Juzu Bracelet","PreservedInsect","Uppercut+1"],"campfire_rested":3,"item_purchase_floors":[5,5,5,11,13,22,37,37],"current_hp_per_floor":[80,55,44,44,44,68,56,72,72,64,64,74,74,70,70,45,88,88,72,72,72,72,92,92,71,71,57,84,36,36,20,79,30,97,90,90,90,77,77,0],"gold":0,"neow_bonus":"","is_prod":false,"is_daily":false,"chose_seed":false,"campfire_upgraded":2,"win_rate":0,"timestamp":1548938782,"path_taken":["M","?","?","?","$","R","M","?","T","E","?","M","$","M","R","BOSS","M","?","$","?","$","R","?","E","T","M","R","E","?","M","R","BOSS","M","?","?","M","?","E"],"build_version":"2019-01-23","purchased_purges":0,"victory":false,"max_hp_per_floor":[80,80,80,80,80,80,80,80,80,84,84,88,88,88,88,88,88,92,92,92,92,92,92,92,92,92,92,92,97,97,97,97,97,97,97,97,97,97,97,97],"card_choices":[{"not_picked":["Body Slam","Clash"],"picked":"Twin Strike","floor":1},{"not_picked":["Rage","Warcry"],"picked":"Hemokinesis+1","floor":7},{"not_picked":["Rage","True Grit"],"picked":"Iron Wave+1","floor":8},{"not_picked":["Violence","Immolate+1"],"picked":"Feed+1","floor":10},{"not_picked":["Trip","Clash+1"],"picked":"Anger+1","floor":12},{"not_picked":["Havoc","Purity"],"picked":"Flex","floor":14},{"not_picked":["Secret Weapon","Fiend Fire+1"],"picked":"Double Tap","floor":16},{"not_picked":["Armaments","Warcry+1"],"picked":"Pommel Strike+1","floor":18},{"not_picked":["The Bomb","Feed+1"],"picked":"Fiend Fire+1","floor":25},{"not_picked":["Thunderclap+1","Rupture+1"],"picked":"Clash+1","floor":27},{"not_picked":["Brutality+1","Transmutation"],"picked":"Bludgeon+1","floor":29},{"not_picked":["Thunderclap+1","Second Wind"],"picked":"Wild Strike+1","floor":31},{"not_picked":["Shrug It Off","Heavy Blade+1"],"picked":"Flex","floor":32},{"not_picked":["Brutality+1","Sadistic Nature+1"],"picked":"Fiend Fire+1","floor":33},{"not_picked":["Armaments","Headbutt+1"],"picked":"Thunderclap+1","floor":35},{"not_picked":["Cleave+1","Pommel Strike+1"],"picked":"Sever Soul+1","floor":38}],"player_experience":56981,"relics_obtained":[{"floor":4,"key":"Vajra"},{"floor":9,"key":"Sundial"},{"floor":10,"key":"Bottled Lightning"},{"floor":19,"key":"Nilry\u0027s Codex"},{"floor":25,"key":"Letter Opener"},{"floor":26,"key":"Frozen Egg 2"},{"floor":29,"key":"Ice Cream"}],"event_choices":[{"damage_healed":0,"gold_gain":0,"player_choice":"Success","damage_taken":25,"relics_obtained":["Molten Egg 2"],"max_hp_gain":0,"max_hp_loss":0,"event_name":"Scrap Ooze","floor":2,"gold_loss":0},{"damage_healed":0,"gold_gain":75,"player_choice":"Gather Gold","damage_taken":11,"max_hp_gain":0,"max_hp_loss":0,"event_name":"World of Goop","floor":3,"gold_loss":0},{"damage_healed":0,"gold_gain":0,"player_choice":"Obtained Book","damage_taken":16,"max_hp_gain":0,"max_hp_loss":0,"event_name":"Cursed Tome","floor":19,"gold_loss":0},{"damage_healed":0,"gold_gain":0,"player_choice":"Read","damage_taken":0,"max_hp_gain":0,"max_hp_loss":0,"event_name":"The Library","floor":21,"gold_loss":0,"cards_obtained":["Thunderclap"]},{"damage_healed":0,"gold_gain":0,"player_choice":"Opened","damage_taken":0,"relics_obtained":["Dream Catcher"],"max_hp_gain":0,"max_hp_loss":0,"event_name":"The Mausoleum","floor":24,"gold_loss":0,"cards_obtained":["Writhe"]},{"damage_healed":0,"gold_gain":0,"player_choice":"Obtained Relic","damage_taken":0,"relics_obtained":["MawBank"],"max_hp_gain":0,"max_hp_loss":0,"event_name":"Addict","floor":30,"gold_loss":85},{"damage_healed":0,"gold_gain":0,"player_choice":"Gave Potion","damage_taken":0,"relics_obtained":["Toxic Egg 2"],"max_hp_gain":0,"max_hp_loss":0,"event_name":"WeMeetAgain","floor":36,"gold_loss":0},{"damage_healed":0,"gold_gain":0,"player_choice":"Paid","damage_taken":0,"relics_obtained":["Red Mask"],"max_hp_gain":0,"max_hp_loss":0,"event_name":"Tomb of Lord Red Mask","floor":39,"gold_loss":41}],"is_beta":false,"boss_relics":[{"not_picked":["White Beast Statue","Sozu"],"picked":"Eternal Feather"},{"not_picked":["Empty Cage","Runic Dome"],"picked":"Runic Cube"}],"items_purged_floors":[],"is_endless":false,"potions_floor_spawned":[7,12,14,25,27,35],"killed_by":"Nemesis","ascension_level":0}