{"gold_per_floor":[112,126,126,126,32,65,65,85,85,85,105,58,78,78],"floor_reached":14,"playtime":363,"items_purged":[],"score":123,"play_id":"e9ad240a-9277-461d-8d6a-ec94e0fcea12","local_time":"20190319183728","is_ascension_mode":true,"campfire_choices":[{"data":"Defragment","floor":7,"key":"SMITH"}],"neow_cost":"NONE","seed_source_timestamp":29396874789446,"circlet_count":0,"master_deck":["Strike_B","Strike_B","Strike_B","Strike_B","Defend_B","Defend_B","Defend_B","Defend_B","Zap","Dualcast","Reinforced Body","Streamline+1","Defragment+1","Cold Snap","Glacier","Defragment","Conserve Battery","Auto Shields"],"relics":["Cracked Core","Ancient Tea Set","Girya","Omamori","Dodecahedron","Odd Mushroom"],"potions_floor_usage":[11],"damage_taken":[{"damage":0,"enemies":"Cultist","floor":1,"turns":3},{"damage":8,"enemies":"Small Slimes","floor":2,"turns":3},{"damage":21,"enemies":"Gremlin Nob","floor":6,"turns":4},{"damage":0,"enemies":"2 Louse","floor":8,"turns":2},{"damage":10,"enemies":"The Mushroom Lair","floor":11,"turns":4},{"damage":9,"enemies":"Looter","floor":13,"turns":4},{"damage":0,"enemies":"2 Fungi Beasts","floor":14,"turns":1}],"seed_played":"-2595640120740519103","potions_obtained":[{"floor":1,"key":"Ancient Potion"},{"floor":8,"key":"Fire Potion"},{"floor":11,"key":"FearPotion"}],"is_trial":false,"path_per_floor":["M","M","?","?","$","E","R","M","T","$","?","$","M","M"],"character_chosen":"DEFECT","items_purchased":["Defragment","Cold Snap","Conserve Battery"],"campfire_rested":0,"item_purchase_floors":[5,5,12],"current_hp_per_floor":[68,60,48,48,48,27,27,27,27,27,17,17,8,8],"gold":78,"neow_bonus":"RANDOM_COMMON_RELIC","is_prod":false,"is_daily":false,"chose_seed":false,"campfire_upgraded":1,"win_rate":0,"timestamp":1553038648,"path_taken":["M","?","?","?","$","E","R","M","T","$","?","$","M","M"],"build_version":"2019-01-23","purchased_purges":0,"victory":false,"max_hp_per_floor":[75,75,75,75,75,75,75,75,75,75,75,75,75,75],"card_choices":[{"not_picked":["Recycle","Static Discharge"],"picked":"Reinforced Body","floor":1},{"not_picked":["Rip and Tear","Lockon"],"picked":"Streamline","floor":2},{"not_picked":["Blizzard","White Noise"],"picked":"Glacier","floor":6},{"not_picked":["Force Field","Aggregate"],"picked":"Defragment","floor":8},{"not_picked":["Gash","Cold Snap"],"picked":"Auto Shields","floor":13}],"player_experience":570314,"relics_obtained":[{"floor":6,"key":"Omamori"},{"floor":9,"key":"Dodecahedron"},{"floor":11,"key":"Odd Mushroom"}],"event_choices":[{"damage_healed":0,"gold_gain":0,"player_choice":"Success","damage_taken":12,"relics_obtained":["Girya"],"max_hp_gain":0,"max_hp_loss":0,"event_name":"Scrap Ooze","floor":3,"gold_loss":0},{"damage_healed":0,"gold_gain":0,"player_choice":"Grow","damage_taken":0,"max_hp_gain":0,"max_hp_loss":0,"event_name":"Living Wall","floor":4,"gold_loss":0,"cards_upgraded":["Streamline"]},{"damage_healed":0,"gold_gain":0,"player_choice":"Fought Mushrooms","damage_taken":0,"max_hp_gain":0,"max_hp_loss":0,"event_name":"Mushrooms","floor":11,"gold_loss":0}],"is_beta":false,"boss_relics":[],"items_purged_floors":[],"is_endless":false,"potions_floor_spawned":[1,8,11],"killed_by":"2 Fungi Beasts","ascension_level":8}