{"gold_per_floor":[113,130,55,55,66,66,80,112,137,167,177,205,205,205,205,304,304,318,13,25,25,25,25,57,57,84,84,84,133,8,21,21,122,122,132,132,142,142,156,191,191,211,211,211,86,106,106,106,106,106],"floor_reached":51,"playtime":1814,"items_purged":["Strike_R","Strike_R","Doubt"],"score":832,"play_id":"78a39edd-ac58-4e57-9dd2-e2e192b0df21","local_time":"20180918204938","is_ascension_mode":true,"campfire_choices":[{"data":"Inflame","floor":6,"key":"SMITH"},{"data":"True Grit","floor":13,"key":"SMITH"},{"data":"Heavy Blade","floor":15,"key":"SMITH"},{"data":"Limit Break","floor":23,"key":"SMITH"},{"data":"Warcry","floor":25,"key":"SMITH"},{"data":"Inflame","floor":27,"key":"SMITH"},{"data":"Warcry","floor":32,"key":"SMITH"},{"data":"Madness","floor":41,"key":"SMITH"},{"data":"Madness","floor":47,"key":"SMITH"},{"data":"Bash","floor":49,"key":"SMITH"}],"neow_cost":"NONE","seed_source_timestamp":288158836393893,"circlet_count":0,"master_deck":["Strike_R","Strike_R+1","Strike_R","Defend_R","Defend_R","Defend_R","Bash+1","Heavy Blade+1","Headbutt","Inflame+1","Ghostly Armor","Inflame+1","True Grit+1","Limit Break+1","Headbutt+1","Cleave+1","Warcry+1","Warcry+1","Heavy Blade+1","Madness+1","Madness+1","Pommel Strike+1"],"relics":["Burning Blood","Orichalcum","Anchor","PreservedInsect","Red Skull","Mummified Hand","Velvet Choker","Vajra","Oddly Smooth Stone","Paper Frog","StoneCalendar","Boot","Whetstone","Cursed Key","Letter Opener","Pantograph"],"potions_floor_usage":[50,50],"damage_taken":[{"damage":6,"enemies":"Jaw Worm","floor":1,"turns":2},{"damage":0,"enemies":"Cultist","floor":2,"turns":3},{"damage":3,"enemies":"2 Louse","floor":5,"turns":3},{"damage":5,"enemies":"Blue Slaver","floor":7,"turns":3},{"damage":14,"enemies":"3 Sentries","floor":8,"turns":7},{"damage":0,"enemies":"Gremlin Nob","floor":10,"turns":3},{"damage":0,"enemies":"3 Louse","floor":11,"turns":3},{"damage":19,"enemies":"Lagavulin","floor":12,"turns":6},{"damage":28,"enemies":"The Guardian","floor":16,"turns":8},{"damage":15,"enemies":"2 Thieves","floor":18,"turns":4},{"damage":1,"enemies":"Chosen","floor":20,"turns":4},{"damage":20,"enemies":"Slavers","floor":24,"turns":5},{"damage":0,"enemies":"Snake Plant","floor":31,"turns":2},{"damage":24,"enemies":"Champ","floor":33,"turns":4},{"damage":0,"enemies":"Orb Walker","floor":35,"turns":1},{"damage":4,"enemies":"3 Darklings","floor":37,"turns":4},{"damage":10,"enemies":"Reptomancer","floor":39,"turns":4},{"damage":14,"enemies":"2 Orb Walkers","floor":40,"turns":3},{"damage":10,"enemies":"Maw","floor":42,"turns":5},{"damage":0,"enemies":"Spire Growth","floor":46,"turns":2},{"damage":40,"enemies":"Donu and Deca","floor":50,"turns":4}],"seed_played":"-4855306475021062740","potions_obtained":[{"floor":5,"key":"SteroidPotion"},{"floor":8,"key":"Regen Potion"},{"floor":12,"key":"SkillPotion"},{"floor":16,"key":"Dexterity Potion"},{"floor":22,"key":"FairyPotion"},{"floor":42,"key":"GamblersBrew"}],"is_trial":false,"path_per_floor":["M","M","$","?","M","R","M","E","T","E","M","E","R","?","R","B",null,"M","$","M","?","?","R","E","R","T","R","?","T","$","M","R","B",null,"M","?","M","?","M","E","R","M","T","T","$","M","R","T","R","B"],"character_chosen":"IRONCLAD","items_purchased":["Vajra","Oddly Smooth Stone","Warcry"],"campfire_rested":0,"item_purchase_floors":[19,19,30],"current_hp_per_floor":[80,80,80,80,80,80,80,72,72,78,80,67,67,67,67,45,80,71,71,76,76,76,76,62,62,62,62,62,62,62,68,68,50,80,80,80,80,70,66,58,58,54,54,54,54,60,60,60,60,46],"gold":106,"neow_bonus":"RANDOM_COMMON_RELIC","is_prod":false,"is_daily":false,"chose_seed":false,"campfire_upgraded":10,"win_rate":1,"timestamp":1537296578,"path_taken":["M","M","$","?","M","R","M","E","T","E","M","E","R","?","R","BOSS","M","$","M","?","?","R","E","R","T","R","?","?","$","M","R","BOSS","M","?","M","?","M","E","R","M","T","?","$","M","R","?","R","BOSS"],"build_version":"2018-09-17","purchased_purges":3,"victory":true,"max_hp_per_floor":[80,80,80,80,80,80,80,80,80,80,80,80,80,80,80,80,80,80,80,80,80,80,80,80,80,80,80,80,80,80,80,80,80,80,80,80,80,80,80,80,80,80,80,80,80,80,80,80,80,80],"card_choices":[{"not_picked":["Anger","Entrench"],"picked":"Heavy Blade","floor":1},{"not_picked":["Power Through","Infernal Blade"],"picked":"Headbutt","floor":2},{"not_picked":["True Grit","Shrug It Off"],"picked":"Inflame","floor":5},{"not_picked":["Dropkick","Rage"],"picked":"Ghostly Armor","floor":7},{"not_picked":["Burning Pact","Armaments"],"picked":"Inflame","floor":8},{"not_picked":["Headbutt","Intimidate"],"picked":"True Grit","floor":10},{"not_picked":["Clothesline","Pummel","True Grit"],"picked":"SKIP","floor":11},{"not_picked":["Carnage","Headbutt","Anger"],"picked":"SKIP","floor":12},{"not_picked":["Berserk","Bludgeon"],"picked":"Limit Break","floor":16},{"not_picked":["Body Slam","Second Wind"],"picked":"Headbutt","floor":18},{"not_picked":["Anger","Twin Strike+1"],"picked":"Cleave+1","floor":20},{"not_picked":["Entrench","Rupture"],"picked":"Warcry","floor":24},{"not_picked":["Carnage+1","Anger","Cleave+1"],"picked":"SKIP","floor":31},{"not_picked":["Twin Strike+1","Armaments+1","Body Slam"],"picked":"SKIP","floor":35},{"not_picked":["Pommel Strike","Headbutt+1"],"picked":"Heavy Blade+1","floor":37},{"not_picked":["Headbutt+1","Demon Form","Clash+1"],"picked":"SKIP","floor":39},{"not_picked":["Dual Wield+1","Iron Wave","Combust+1"],"picked":"SKIP","floor":40},{"not_picked":["Second Wind","Combust"],"picked":"Pommel Strike+1","floor":42},{"not_picked":["Combust","Shockwave","Bloodletting+1"],"picked":"SKIP","floor":46}],"player_experience":14443,"relics_obtained":[{"floor":8,"key":"Anchor"},{"floor":9,"key":"PreservedInsect"},{"floor":10,"key":"Red Skull"},{"floor":12,"key":"Mummified Hand"},{"floor":24,"key":"StoneCalendar"},{"floor":26,"key":"Boot"},{"floor":29,"key":"Whetstone"},{"floor":40,"key":"Letter Opener"},{"floor":44,"key":"Pantograph"}],"event_choices":[{"event_name":"The Woman in Blue","player_choice":"Bought 0 Potions","floor":4,"damage_taken":0},{"event_name":"Dead Adventurer","player_choice":"Searched \u00270\u0027 times","floor":14,"damage_taken":0},{"event_name":"The Mausoleum","player_choice":"Yes","floor":21,"damage_taken":0},{"event_name":"The Lab","player_choice":"Got Potions","floor":22,"damage_taken":0},{"event_name":"Falling","player_choice":"Removed Skill","floor":36,"damage_taken":0},{"event_name":"Winding Halls","player_choice":"Embrace Madness","floor":38,"damage_taken":0}],"is_beta":true,"boss_relics":[{"not_picked":["Mark of Pain","Astrolabe"],"picked":"Velvet Choker"},{"not_picked":["Empty Cage","Coffee Dripper"],"picked":"Cursed Key"}],"items_purged_floors":[3,30,45],"is_endless":false,"potions_floor_spawned":[5,8,12,16,18,31,33,42],"ascension_level":2}