{"gold_per_floor":[112,126,126,144,158,158,175,30,54,54,71,83,101,113,113,215,215,228,34,49,67,83,83,95,95,95,111,123,123,136,165,165,264,264,276,23,33,49,1048,1078,1078],"floor_reached":41,"playtime":3359,"items_purged":["Defend_B"],"score":470,"play_id":"933dc499-a239-471f-8e06-9935e7dadd21","local_time":"20190311180059","is_ascension_mode":false,"campfire_choices":[{"floor":6.0,"key":"REST"},{"data":"Defragment","floor":10.0,"key":"SMITH"},{"floor":15.0,"key":"REST"},{"floor":23.0,"key":"REST"},{"data":"Blizzard","floor":25.0,"key":"SMITH"},{"floor":32.0,"key":"REST"}],"neow_cost":"NONE","seed_source_timestamp":0,"circlet_count":0,"master_deck":["Strike_B","Strike_B","Strike_B","Defend_B","Defend_B","Defend_B","Zap","Dualcast","Blizzard+1","Double Energy","Reinforced Body","Ball Lightning+1","Echo Form","Defragment+1","Chill","Chill","Blizzard+1","Coolheaded","Core Surge","Darkness+1","Skim","Cold Snap","Darkness+1","Injury","Glacier","Turbo","Shame","Capacitor","Cold Snap+1","Rainbow","Blizzard+1","Coolheaded","Normality","Normality"],"special_seed":0,"relics":["Cracked Core","Whetstone","Cursed Key","Bronze Scales","Emotion Chip","Shuriken","Lantern","Lizard Tail","Pantograph","PreservedInsect"],"potions_floor_usage":[40],"damage_taken":[{"damage":1.0,"enemies":"Cultist","floor":1.0,"turns":3.0},{"damage":0.0,"enemies":"2 Louse","floor":2.0,"turns":2.0},{"damage":5.0,"enemies":"Small Slimes","floor":4.0,"turns":4.0},{"damage":25.0,"enemies":"Exordium Wildlife","floor":5.0,"turns":5.0},{"damage":9.0,"enemies":"Blue Slaver","floor":7.0,"turns":4.0},{"damage":21.0,"enemies":"Exordium Thugs","floor":11.0,"turns":5.0},{"damage":0.0,"enemies":"Exordium Wildlife","floor":12.0,"turns":3.0},{"damage":2.0,"enemies":"3 Louse","floor":13.0,"turns":4.0},{"damage":10.0,"enemies":"Gremlin Gang","floor":14.0,"turns":5.0},{"damage":12.0,"enemies":"Slime Boss","floor":16.0,"turns":10.0},{"damage":4.0,"enemies":"Shell Parasite","floor":18.0,"turns":6.0},{"damage":2.0,"enemies":"Spheric Guardian","floor":20.0,"turns":4.0},{"damage":4.0,"enemies":"Centurion and Healer","floor":21.0,"turns":5.0},{"damage":6.0,"enemies":"Snake Plant","floor":22.0,"turns":3.0},{"damage":2.0,"enemies":"Cultist and Chosen","floor":24.0,"turns":6.0},{"damage":16.0,"enemies":"Sentry and Sphere","floor":27.0,"turns":4.0},{"damage":7.0,"enemies":"Snake Plant","floor":28.0,"turns":4.0},{"damage":15.0,"enemies":"Snecko","floor":30.0,"turns":6.0},{"damage":6.0,"enemies":"Slavers","floor":31.0,"turns":5.0},{"damage":21.0,"enemies":"Collector","floor":33.0,"turns":10.0},{"damage":16,"enemies":"3 Darklings","floor":35,"turns":6},{"damage":12,"enemies":"3 Shapes","floor":37,"turns":5},{"damage":9,"enemies":"Maw","floor":38,"turns":9},{"damage":84,"enemies":"Reptomancer","floor":40,"turns":6},{"damage":12,"enemies":"3 Darklings","floor":41,"turns":2}],"seed_played":"-5495522630071985882","potions_obtained":[{"floor":4.0,"key":"AttackPotion"},{"floor":5.0,"key":"PowerPotion"},{"floor":7.0,"key":"Energy Potion"},{"floor":12.0,"key":"Explosive Potion"},{"floor":18.0,"key":"GamblersBrew"},{"floor":20.0,"key":"Ancient Potion"},{"floor":22.0,"key":"AttackPotion"},{"floor":33.0,"key":"Dexterity Potion"},{"floor":35,"key":"SteroidPotion"},{"floor":37,"key":"Dexterity Potion"},{"floor":38,"key":"Energy Potion"}],"is_trial":false,"path_per_floor":["M","M","?","M","M","R","M","$","T","R","M","M","M","M","R","B",null,"M","$","M","M","M","R","M","R","T","M","M","T","M","E","R","B",null,"M","$","M","M","?","E","M"],"character_chosen":"DEFECT","items_purchased":["Defragment","Skim","Bronze Scales","Pantograph"],"campfire_rested":4,"item_purchase_floors":[8,19,19,36],"current_hp_per_floor":[81,81,81,76,51,75,66,66,66,66,45,45,43,33,57,45,82,78,78,76,72,66,82,80,80,80,64,57,57,42,36,60,39,82,66,66,54,45,45,9,0],"gold":1078,"neow_bonus":"TEN_PERCENT_HP_BONUS","is_prod":false,"is_daily":false,"chose_seed":false,"campfire_upgraded":2,"win_rate":0,"timestamp":1552338059,"path_taken":["M","?","?","M","M","R","M","$","T","R","?","M","M","M","R","BOSS","M","$","M","M","M","R","?","R","T","M","M","?","M","E","R","BOSS","M","$","M","M","?","E","M"],"build_version":"2019-01-23","purchased_purges":1,"victory":false,"max_hp_per_floor":[82,82,82,82,82,82,82,82,82,82,82,82,82,82,82,82,82,82,82,82,82,82,82,82,82,82,82,82,82,82,82,82,82,82,82,82,82,82,82,82,82],"card_choices":[{"not_picked":["Cold Snap","Steam"],"picked":"Blizzard","floor":1.0},{"not_picked":["FTL","Gash"],"picked":"Double Energy","floor":2.0},{"not_picked":["Steam","Storm"],"picked":"Ball Lightning","floor":4.0},{"not_picked":["Turbo","Rebound"],"picked":"Echo Form","floor":5.0},{"not_picked":["Heatsinks","Gash","Rebound"],"picked":"SKIP","floor":7.0},{"not_picked":["Streamline","Stack"],"picked":"Chill","floor":11.0},{"not_picked":["Steam","Compile Driver"],"picked":"Chill","floor":12.0},{"not_picked":["Steam","Beam Cell"],"picked":"Blizzard","floor":13.0},{"not_picked":["Sweeping Beam","Go for the Eyes"],"picked":"Coolheaded","floor":14.0},{"not_picked":["Seek","Machine Learning"],"picked":"Core Surge","floor":16.0},{"not_picked":["Redo","Turbo"],"picked":"Darkness+1","floor":18.0},{"not_picked":["Leap","Streamline"],"picked":"Cold Snap","floor":20.0},{"not_picked":["Ball Lightning","Defragment"],"picked":"Darkness+1","floor":21.0},{"not_picked":["Barrage","Hologram+1","Reprogram"],"picked":"SKIP","floor":22.0},{"not_picked":["Storm","Recycle","Reprogram"],"picked":"SKIP","floor":24.0},{"not_picked":["Heatsinks","White Noise+1"],"picked":"Glacier","floor":27.0},{"not_picked":["Go for the Eyes","Beam Cell"],"picked":"Turbo","floor":28.0},{"not_picked":["Gash","Beam Cell"],"picked":"Capacitor","floor":30.0},{"not_picked":["Darkness","Rebound"],"picked":"Cold Snap+1","floor":31.0},{"not_picked":["Hyperbeam","Seek"],"picked":"Rainbow","floor":33.0},{"not_picked":["White Noise+1","Redo","Go for the Eyes"],"picked":"SKIP","floor":35},{"not_picked":["Beam Cell","Reinforced Body+1"],"picked":"Blizzard+1","floor":37},{"not_picked":["Sunder+1","Ball Lightning"],"picked":"Coolheaded","floor":38},{"not_picked":["Storm","Go for the Eyes","Streamline"],"picked":"SKIP","floor":40}],"player_experience":78453,"relics_obtained":[{"floor":9.0,"key":"Whetstone"},{"floor":26.0,"key":"Emotion Chip"},{"floor":29.0,"key":"Shuriken"},{"floor":31.0,"key":"Lantern"},{"floor":40,"key":"PreservedInsect"}],"event_choices":[{"damage_healed":0.0,"max_hp_gain":0.0,"max_hp_loss":0.0,"gold_gain":0.0,"cards_transformed":["Strike_B"],"event_name":"Transmorgrifier","player_choice":"Transformed","floor":3.0,"gold_loss":0.0,"damage_taken":0.0,"cards_obtained":["Reinforced Body"]},{"damage_healed":0,"gold_gain":999,"player_choice":"Gold","damage_taken":0,"max_hp_gain":0,"max_hp_loss":0,"event_name":"MindBloom","floor":39,"gold_loss":0,"cards_obtained":["Normality","Normality"]}],"is_beta":false,"boss_relics":[{"not_picked":["White Beast Statue","Philosopher\u0027s Stone"],"picked":"Cursed Key"},{"not_picked":["Black Star","Tiny House"],"picked":"Lizard Tail"}],"items_purged_floors":[8],"is_endless":false,"potions_floor_spawned":[4,5,7,11,12,18,20,22,30,33,35,37,38],"killed_by":"3 Darklings","ascension_level":0}