{"gold_per_floor":[119,133,34,44,63,63,63,89,115,140,152,184,230,242,254,366,378,408,420,442,20,33,58,23,42,113,113],"floor_reached":27,"playtime":945,"items_purged":[],"score":361,"play_id":"e103b5a2-b11c-4dc2-b171-3d8e66c175a9","local_time":"20181006120603","is_ascension_mode":true,"campfire_choices":[{"data":"Armaments","floor":6,"key":"SMITH"},{"data":"Flex","floor":11,"key":"SMITH"},{"data":"Spot Weakness","floor":15,"key":"SMITH"}],"neow_cost":"NONE","seed_source_timestamp":0,"circlet_count":0,"master_deck":["Strike_R","Strike_R","Strike_R","Strike_R","Strike_R","Defend_R+1","Defend_R+1","Defend_R+1","Defend_R","Bash+1","Rage","Disarm+1","Twin Strike","Armaments+1","Reaper","Inflame+1","Sword Boomerang","Flex+1","Heavy Blade","Spot Weakness+1","Offering","Twin Strike+1","Thunderclap","Shrug It Off","Dropkick","Dropkick","Shockwave","Heavy Blade"],"special_seed":0,"relics":["Burning Blood","War Paint","Art of War","MawBank","Bottled Flame","Black Star","Ice Cream","Bag of Marbles","Blood Vial","Bottled Tornado"],"potions_floor_usage":[13,23,25,25,25],"damage_taken":[{"damage":0.0,"enemies":"Small Slimes","floor":1.0,"turns":3.0},{"damage":0.0,"enemies":"Cultist","floor":2.0,"turns":4.0},{"damage":2,"enemies":"2 Louse","floor":4,"turns":4},{"damage":2,"enemies":"Red Slaver","floor":5,"turns":4},{"damage":29,"enemies":"Lagavulin","floor":8,"turns":7},{"damage":33,"enemies":"3 Sentries","floor":10,"turns":7},{"damage":16,"enemies":"3 Louse","floor":12,"turns":4},{"damage":0,"enemies":"Gremlin Nob","floor":13,"turns":2},{"damage":24,"enemies":"Slime Boss","floor":16,"turns":6},{"damage":16,"enemies":"3 Byrds","floor":18,"turns":5},{"damage":16,"enemies":"Spheric Guardian","floor":20,"turns":4},{"damage":24,"enemies":"Centurion and Healer","floor":22,"turns":8},{"damage":40,"enemies":"Gremlin Leader","floor":23,"turns":6},{"damage":41,"enemies":"Sentry and Sphere","floor":25,"turns":5},{"damage":18,"enemies":"Snake Plant","floor":27,"turns":2}],"seed_played":"-3568921558487982694","potions_obtained":[{"floor":8,"key":"Strength Potion"},{"floor":10,"key":"Regen Potion"},{"floor":12,"key":"BloodPotion"},{"floor":13,"key":"Poison Potion"},{"floor":18,"key":"Regen Potion"},{"floor":23,"key":"PowerPotion"}],"is_trial":false,"path_per_floor":["M","M","$","M","M","R","?","E","T","E","R","M","E","?","R","B",null,"M","?","M","$","M","E","$","M","T"],"character_chosen":"IRONCLAD","items_purchased":["Twin Strike","Armaments","Ice Cream","Shrug It Off","Dropkick","Shockwave"],"campfire_rested":0,"item_purchase_floors":[3,3,21,21,21,24],"current_hp_per_floor":[78,80,80,80,80,80,80,67,67,53,53,52,63,47,47,43,71,73,73,63,63,56,22,22,11,11,0],"gold":113,"neow_bonus":"UPGRADE_CARD","is_prod":false,"is_daily":false,"chose_seed":false,"campfire_upgraded":3,"win_rate":0,"timestamp":1538849163,"path_taken":["M","M","$","M","M","R","?","E","T","E","R","?","E","?","R","BOSS","M","?","M","$","M","E","$","M","T","?"],"build_version":"2018-10-04v2","purchased_purges":0,"victory":false,"max_hp_per_floor":[80,80,80,80,80,80,80,80,80,80,80,80,80,80,80,80,80,80,80,80,80,80,80,80,80,80,80],"card_choices":[{"not_picked":["Pommel Strike","Sever Soul"],"picked":"Rage","floor":1.0},{"not_picked":["Pommel Strike","Anger"],"picked":"Disarm","floor":2},{"not_picked":["Thunderclap","Intimidate"],"picked":"Reaper","floor":4},{"not_picked":["Blood for Blood","Wild Strike"],"picked":"Inflame","floor":5},{"not_picked":["Twin Strike","Rage"],"picked":"Sword Boomerang","floor":8},{"not_picked":["Headbutt","Cleave"],"picked":"Flex","floor":10},{"not_picked":["Body Slam","Wild Strike"],"picked":"Heavy Blade","floor":12},{"not_picked":["Ghostly Armor","Dropkick"],"picked":"Spot Weakness","floor":13},{"not_picked":["Exhume","Dark Embrace"],"picked":"Offering","floor":16},{"not_picked":["Heavy Blade","Pommel Strike"],"picked":"Twin Strike+1","floor":18},{"not_picked":["Flex","Cleave+1"],"picked":"Thunderclap","floor":20},{"not_picked":["Wild Strike+1","Blood for Blood","Power Through"],"picked":"SKIP","floor":22},{"not_picked":["Shrug It Off","Power Through+1"],"picked":"Dropkick","floor":23},{"not_picked":["Rupture","Flex"],"picked":"Heavy Blade","floor":25}],"player_experience":497112,"relics_obtained":[{"floor":8,"key":"War Paint"},{"floor":9,"key":"Art of War"},{"floor":10,"key":"MawBank"},{"floor":13,"key":"Bottled Flame"},{"floor":23,"key":"Bag of Marbles"},{"floor":23,"key":"Blood Vial"},{"floor":26,"key":"Bottled Tornado"}],"event_choices":[{"event_name":"Accursed Blacksmith","player_choice":"Forge","floor":7,"damage_taken":0},{"event_name":"Shining Light","player_choice":"Entered Light","floor":14,"damage_taken":0},{"event_name":"Ghosts","player_choice":"Ignored","floor":19,"damage_taken":0}],"is_beta":false,"boss_relics":[{"not_picked":["White Beast Statue","Lizard Tail"],"picked":"Black Star"}],"items_purged_floors":[],"is_endless":false,"potions_floor_spawned":[8,10,12,13,18,22,23],"killed_by":"Snake Plant","ascension_level":6}