{"gold_per_floor":[111,122,122,135,149,149,165,184,184,219,219,239,60,73,73,177,177,189,189,288,96,96,124,124,142,142,142,43,43],"floor_reached":29,"playtime":1256,"items_purged":["Pain"],"score":295,"play_id":"ff4e313c-5c76-46a2-b3f9-fdde0e239aeb","local_time":"20190305143300","is_ascension_mode":false,"campfire_choices":[{"data":"Perfected Strike","floor":6,"key":"SMITH"},{"floor":15,"key":"REST"},{"floor":24,"key":"REST"}],"neow_cost":"NONE","seed_source_timestamp":1706849414725703,"circlet_count":0,"master_deck":["Strike_R+1","Strike_R+1","Defend_R+1","Defend_R+1","Defend_R+1","Defend_R+1","Bash","Perfected Strike+1","Dropkick","Perfected Strike","Twin Strike","Shrug It Off","Shrug It Off","Flex","Pommel Strike","Impervious","Dropkick","Battle Trance","Twin Strike","Body Slam","Flex","Armaments","Metallicize","Seeing Red","Body Slam","Offering","Dropkick+1","Spot Weakness+1","Evolve+1","Rampage","Flex+1","Armaments","Perfected Strike","Armaments"],"relics":["Orrery","StoneCalendar","WarpedTongs","Astrolabe","Chemical X","Du-Vu Doll","Champion Belt"],"potions_floor_usage":[10,16,25,29],"damage_taken":[{"damage":0,"enemies":"Small Slimes","floor":1,"turns":3},{"damage":0,"enemies":"Cultist","floor":2,"turns":2},{"damage":3,"enemies":"Jaw Worm","floor":4,"turns":2},{"damage":16,"enemies":"Exordium Thugs","floor":5,"turns":4},{"damage":8,"enemies":"Red Slaver","floor":7,"turns":3},{"damage":6,"enemies":"3 Louse","floor":8,"turns":2},{"damage":16,"enemies":"Gremlin Nob","floor":10,"turns":3},{"damage":8,"enemies":"Looter","floor":12,"turns":2},{"damage":0,"enemies":"2 Fungi Beasts","floor":14,"turns":3},{"damage":0,"enemies":"Slime Boss","floor":16,"turns":5},{"damage":12,"enemies":"Chosen","floor":18,"turns":3},{"damage":78,"enemies":"Gremlin Leader","floor":23,"turns":5},{"damage":18,"enemies":"3 Byrds","floor":25,"turns":5},{"damage":6,"enemies":"Centurion and Healer","floor":29,"turns":1}],"seed_played":"-8738945412180288521","potions_obtained":[{"floor":1,"key":"AttackPotion"},{"floor":8,"key":"Fire Potion"},{"floor":10,"key":"FairyPotion"},{"floor":14,"key":"SpeedPotion"},{"floor":23,"key":"Explosive Potion"},{"floor":25,"key":"FearPotion"}],"is_trial":false,"path_per_floor":["M","M","?","M","M","R","M","M","T","E","?","M","$","M","R","B",null,"M","?","?","$","?","E","R","M","T","?","$","M"],"character_chosen":"IRONCLAD","items_purchased":["Metallicize","Seeing Red","Chemical X","Perfected Strike","Armaments"],"campfire_rested":2,"item_purchase_floors":[13,13,21,28,28],"current_hp_per_floor":[80,80,80,77,61,61,53,47,47,31,31,23,23,23,47,47,80,68,68,68,68,68,8,32,14,14,5,5,0],"gold":43,"neow_bonus":"BOSS_RELIC","is_prod":false,"is_daily":false,"chose_seed":false,"campfire_upgraded":1,"win_rate":0,"timestamp":1551763980,"path_taken":["M","M","?","?","M","R","M","M","T","E","?","?","?","M","R","BOSS","M","?","?","$","?","E","R","M","T","?","$","M"],"build_version":"2019-01-23","purchased_purges":1,"victory":false,"max_hp_per_floor":[80,80,80,80,80,80,80,80,80,80,80,80,80,80,80,80,80,80,80,80,80,80,80,80,80,80,80,80,80],"card_choices":[{"not_picked":["Inflame","Havoc"],"picked":"Perfected Strike","floor":0},{"not_picked":["Disarm","Headbutt"],"picked":"Dropkick","floor":0},{"not_picked":["Bloodletting","Flex"],"picked":"Perfected Strike","floor":0},{"not_picked":["Flex","Clash"],"picked":"Twin Strike","floor":0},{"not_picked":["Uppercut","Wild Strike"],"picked":"Shrug It Off","floor":0},{"not_picked":["Exhume","Combust"],"picked":"Shrug It Off","floor":1},{"not_picked":["Flame Barrier","Clothesline"],"picked":"Flex","floor":2},{"not_picked":["Flex","Searing Blow"],"picked":"Dropkick","floor":4},{"not_picked":["Rage","Body Slam"],"picked":"Battle Trance","floor":5},{"not_picked":["Havoc","Reckless Charge"],"picked":"Twin Strike","floor":7},{"not_picked":["Warcry","Sever Soul"],"picked":"Body Slam","floor":8},{"not_picked":["Fire Breathing","Sword Boomerang"],"picked":"Flex","floor":10},{"not_picked":["Shockwave","Heavy Blade"],"picked":"Armaments","floor":12},{"not_picked":["Dropkick","Sword Boomerang"],"picked":"Body Slam","floor":14},{"not_picked":["Brutality","Feed"],"picked":"Offering","floor":16},{"not_picked":["Fire Breathing","Intimidate"],"picked":"Rampage","floor":18},{"not_picked":["Anger+1","Searing Blow+1"],"picked":"Flex+1","floor":23},{"not_picked":["Wild Strike","Flame Barrier"],"picked":"Armaments","floor":25}],"player_experience":74946,"relics_obtained":[{"floor":10,"key":"StoneCalendar"},{"floor":23,"key":"Du-Vu Doll"},{"floor":26,"key":"Champion Belt"}],"event_choices":[{"damage_healed":0,"gold_gain":0,"player_choice":"2 cards matched","damage_taken":0,"max_hp_gain":0,"max_hp_loss":0,"event_name":"Match and Keep!","floor":3,"gold_loss":0,"cards_obtained":["Pommel Strike","Impervious"]},{"damage_healed":0,"gold_gain":0,"player_choice":"Rummage","damage_taken":0,"relics_obtained":["WarpedTongs"],"max_hp_gain":0,"max_hp_loss":0,"event_name":"Accursed Blacksmith","floor":11,"gold_loss":0,"cards_obtained":["Pain"]},{"damage_healed":0,"gold_gain":0,"player_choice":"Simplicity","damage_taken":0,"max_hp_gain":0,"max_hp_loss":0,"event_name":"Back to Basics","floor":19,"gold_loss":0,"cards_upgraded":["Strike_R","Strike_R","Defend_R","Defend_R","Defend_R","Defend_R"]},{"damage_healed":0,"gold_gain":99,"player_choice":"Stole From Cult","damage_taken":0,"max_hp_gain":0,"max_hp_loss":0,"event_name":"Nest","floor":20,"gold_loss":0},{"damage_healed":0,"gold_gain":0,"player_choice":"Ignored","damage_taken":0,"max_hp_gain":0,"max_hp_loss":0,"event_name":"Vampires","floor":22,"gold_loss":0},{"damage_healed":0,"gold_gain":0,"player_choice":"Stopped","damage_taken":9,"max_hp_gain":0,"max_hp_loss":0,"event_name":"Cursed Tome","floor":27,"gold_loss":0}],"is_beta":false,"boss_relics":[{"not_picked":["Runic Cube","Runic Dome"],"picked":"Astrolabe"}],"items_purged_floors":[13],"is_endless":false,"potions_floor_spawned":[1,8,10,14,23,25],"killed_by":"Centurion and Healer","ascension_level":0}