{"gold_per_floor":[119,119,93,45,57,57,87,87,111,111,146,157,157,174,174,272,272,289,289,308,79,79,109,208,234,234,245,245,259,292,303,303,408,408,427,437,23,23,23],"floor_reached":39,"playtime":1390,"items_purged":[],"score":536,"play_id":"df060682-c43f-456d-bf6f-1b539b045e2f","local_time":"20180812235715","is_ascension_mode":true,"campfire_choices":[{"data":"Searing Blow+1","floor":6.0,"key":"SMITH"},{"data":"Armaments","floor":8.0,"key":"SMITH"},{"data":"Searing Blow+2","floor":13.0,"key":"SMITH"},{"data":"Searing Blow+3","floor":15.0,"key":"SMITH"},{"data":"Searing Blow+4","floor":28.0,"key":"SMITH"},{"data":"Berserk","floor":32.0,"key":"SMITH"}],"neow_cost":"NONE","seed_source_timestamp":2502755516652531,"circlet_count":0,"master_deck":["Strike_R","Strike_R","Strike_R","Defend_R","Defend_R","Defend_R","Bash","Searing Blow+5","Armaments+1","Thunderclap","Pommel Strike","Armaments","Feed","Necronomicurse","Clash","Offering+1","Trip+1","Spot Weakness+1","Whirlwind+1","Berserk+1","Demon Form","Armaments+1","Madness"],"special_seed":0,"relics":["Burning Blood","Orichalcum","StoneCalendar","Bronze Scales","Boot","Empty Cage","Necronomicon","Blood Vial","Mummified Hand","Smiling Mask","Centennial Puzzle","Coffee Dripper","War Paint","Strawberry"],"potions_floor_usage":[39],"damage_taken":[{"damage":9.0,"enemies":"Small Slimes","floor":1.0,"turns":4.0},{"damage":9.0,"enemies":"Jaw Worm","floor":5.0,"turns":3.0},{"damage":20.0,"enemies":"Gremlin Nob","floor":7.0,"turns":4.0},{"damage":21.0,"enemies":"Lagavulin","floor":11.0,"turns":6.0},{"damage":0.0,"enemies":"2 Louse","floor":12.0,"turns":3.0},{"damage":6.0,"enemies":"Exordium Thugs","floor":14.0,"turns":3.0},{"damage":28.0,"enemies":"Hexaghost","floor":16.0,"turns":7.0},{"damage":6.0,"enemies":"2 Thieves","floor":18.0,"turns":3.0},{"damage":6.0,"enemies":"Spheric Guardian","floor":20.0,"turns":3.0},{"damage":18.0,"enemies":"Book of Stabbing","floor":23.0,"turns":2.0},{"damage":19.0,"enemies":"Gremlin Leader","floor":25.0,"turns":4.0},{"damage":13.0,"enemies":"Snecko","floor":27.0,"turns":3.0},{"damage":0.0,"enemies":"Cultist and Chosen","floor":29.0,"turns":3.0},{"damage":15.0,"enemies":"Slavers","floor":30.0,"turns":2.0},{"damage":0.0,"enemies":"Snake Plant","floor":31.0,"turns":1.0},{"damage":29.0,"enemies":"Champ","floor":33.0,"turns":5.0},{"damage":36.0,"enemies":"Flame Bruiser 1 Orb","floor":35.0,"turns":3.0},{"damage":24.0,"enemies":"3 Shapes","floor":36.0,"turns":7.0},{"damage":65,"enemies":"Time Eater","floor":39,"turns":3}],"seed_played":"-5114085852484223833","potions_obtained":[{"floor":12.0,"key":"Ancient Potion"},{"floor":23.0,"key":"Ancient Potion"},{"floor":25.0,"key":"Weak Potion"},{"floor":29.0,"key":"AttackPotion"},{"floor":30.0,"key":"AttackPotion"}],"is_trial":false,"path_per_floor":["M","?","$","$","M","R","E","R","T","?","E","M","R","M","R","B",null,"M","?","M","$","?","E","?","E","T","M","R","M","E","M","R","B",null,"M","M","$","?"],"character_chosen":"IRONCLAD","items_purchased":["Armaments","Thunderclap","Offering","Trip","War Paint","Madness","Strawberry"],"campfire_rested":0,"item_purchase_floors":[3,4,21,21,37,37,37],"current_hp_per_floor":[77,77,77,77,74,74,60,60,60,60,45,51,51,51,51,29,80,80,64,64,64,64,52,52,41,41,36,36,44,37,45,45,24,80,50,38,45,45,0],"gold":23,"neow_bonus":"RANDOM_COMMON_RELIC","is_prod":false,"is_daily":false,"chose_seed":false,"campfire_upgraded":6,"win_rate":0,"timestamp":1534139835,"path_taken":["M","?","?","$","?","R","E","R","T","?","E","M","R","M","R","BOSS","M","?","M","$","?","E","?","E","T","M","R","M","E","M","R","BOSS","M","M","$","?","BOSS"],"build_version":"2018-08-09","purchased_purges":0,"victory":false,"max_hp_per_floor":[80,80,80,80,80,80,80,80,80,80,80,80,80,80,80,80,80,80,80,80,80,80,80,80,80,80,80,80,80,80,80,80,80,80,80,84,91,91,91],"card_choices":[{"not_picked":["True Grit","Second Wind"],"picked":"Searing Blow","floor":1.0},{"not_picked":["Sever Soul","Combust"],"picked":"Pommel Strike","floor":5.0},{"not_picked":["Wild Strike","Headbutt","Blood for Blood"],"picked":"SKIP","floor":7.0},{"not_picked":["Sever Soul","Corruption"],"picked":"Armaments","floor":11.0},{"not_picked":["Body Slam","Cleave","Havoc"],"picked":"SKIP","floor":12.0},{"not_picked":["Blood for Blood","Heavy Blade","Anger"],"picked":"SKIP","floor":14.0},{"not_picked":["Barricade","Double Tap"],"picked":"Feed","floor":16.0},{"not_picked":["Headbutt","Pommel Strike","Searing Blow"],"picked":"SKIP","floor":18.0},{"not_picked":["Pummel","Evolve+1"],"picked":"Clash","floor":20.0},{"not_picked":["Flex+1","Cleave"],"picked":"Spot Weakness+1","floor":23.0},{"not_picked":["Entrench","Anger","Spot Weakness"],"picked":"SKIP","floor":25.0},{"not_picked":["Fire Breathing","Flex+1"],"picked":"Whirlwind+1","floor":27.0},{"not_picked":["Flex+1","Thunderclap+1","Hemokinesis"],"picked":"SKIP","floor":29.0},{"not_picked":["Flex+1","Thunderclap+1","Hemokinesis"],"picked":"SKIP","floor":29.0},{"not_picked":["Pommel Strike+1","Searing Blow"],"picked":"Berserk","floor":30.0},{"not_picked":["Armaments","Anger","Entrench"],"picked":"SKIP","floor":31.0},{"not_picked":["Feed","Bludgeon"],"picked":"Demon Form","floor":33.0},{"not_picked":["Clash+1","Rupture","Cleave"],"picked":"SKIP","floor":35.0},{"not_picked":["Sword Boomerang+1","Clash"],"picked":"Armaments+1","floor":36.0}],"player_experience":377500,"relics_obtained":[{"floor":7.0,"key":"StoneCalendar"},{"floor":9.0,"key":"Bronze Scales"},{"floor":11.0,"key":"Boot"},{"floor":19.0,"key":"Necronomicon"},{"floor":23.0,"key":"Blood Vial"},{"floor":25.0,"key":"Mummified Hand"},{"floor":26.0,"key":"Smiling Mask"},{"floor":30.0,"key":"Centennial Puzzle"}],"event_choices":[{"event_name":"Living Wall","player_choice":"Grow","floor":2.0,"damage_taken":0.0},{"event_name":"Purifier","player_choice":"One Purge","floor":10.0,"damage_taken":0.0},{"event_name":"Cursed Tome","player_choice":"Obtained Book","floor":19.0,"damage_taken":0.0},{"event_name":"Vampires","player_choice":"Ignored","floor":22.0,"damage_taken":0.0},{"event_name":"Nest","player_choice":"Stole From Cult","floor":24.0,"damage_taken":0.0},{"event_name":"SecretPortal","player_choice":"Took Portal.","floor":38.0,"damage_taken":0.0}],"is_beta":false,"boss_relics":[{"not_picked":["Astrolabe","Eternal Feather"],"picked":"Empty Cage"},{"not_picked":["Philosopher\u0027s Stone","Calling Bell"],"picked":"Coffee Dripper"}],"items_purged_floors":[],"is_endless":false,"potions_floor_spawned":[12,23,25,27,29,30],"killed_by":"Time Eater","ascension_level":4}