{"gold_per_floor":[213,233,2,22,36,62,62,87,87,87,87,98,6,18,18,18],"floor_reached":16,"playtime":550,"items_purged":[],"score":203,"play_id":"aadeed3c-12b8-4c25-9030-8a6d71df6f9e","local_time":"20181009142346","is_ascension_mode":true,"campfire_choices":[{"floor":7.0,"key":"REST"},{"floor":11.0,"key":"REST"},{"data":"Double Energy","floor":15,"key":"SMITH"}],"neow_cost":"NONE","seed_source_timestamp":487165719640943,"circlet_count":0,"master_deck":["Defend_G+1","Defend_G","Defend_G+1","Defend_G","Defend_G","Strike_G","Strike_G","Strike_G","Strike_G","Strike_G","Survivor","Neutralize","Blade Dance","Dagger Spray","Blade Dance","Noxious Fumes","Dagger Throw","Anger","Trip","Cleave","Bandage Up","Double Energy+1"],"special_seed":0,"relics":["Ring of the Snake","PrismaticShard","Pen Nib","Letter Opener","Pocketwatch"],"potions_floor_usage":[16],"damage_taken":[{"damage":0.0,"enemies":"Cultist","floor":1.0,"turns":4.0},{"damage":1.0,"enemies":"Small Slimes","floor":2.0,"turns":4.0},{"damage":1.0,"enemies":"2 Louse","floor":4.0,"turns":3.0},{"damage":11.0,"enemies":"2 Fungi Beasts","floor":5.0,"turns":4.0},{"damage":27.0,"enemies":"Lagavulin","floor":6.0,"turns":7.0},{"damage":20.0,"enemies":"Gremlin Nob","floor":8.0,"turns":4.0},{"damage":3.0,"enemies":"Looter","floor":12.0,"turns":2.0},{"damage":0.0,"enemies":"Exordium Thugs","floor":14.0,"turns":3.0}],"seed_played":"-7885861738754553429","potions_obtained":[{"floor":2.0,"key":"LiquidBronze"},{"floor":4.0,"key":"FearPotion"},{"floor":12.0,"key":"LiquidBronze"}],"is_trial":false,"path_per_floor":["M","M","$","M","M","E","R","E","T","?","R","M","$","M","R"],"character_chosen":"THE_SILENT","items_purchased":["PrismaticShard","Blade Dance","Bandage Up"],"campfire_rested":2,"item_purchase_floors":[3,3,13],"current_hp_per_floor":[70,69,69,68,57,30,51,31,31,17,38,35,35,39,39,0],"gold":18,"neow_bonus":"HUNDRED_GOLD","is_prod":false,"is_daily":false,"chose_seed":false,"campfire_upgraded":1,"win_rate":0,"timestamp":1539116626,"path_taken":["M","M","$","M","M","E","R","E","T","?","R","M","$","M","R","BOSS"],"build_version":"2018-10-04v2","purchased_purges":0,"victory":false,"max_hp_per_floor":[70,70,70,70,70,70,70,70,70,70,70,70,70,70,70,70],"card_choices":[{"not_picked":["Backflip","Dodge and Roll"],"picked":"Blade Dance","floor":1.0},{"not_picked":["Underhanded Strike","Concentrate"],"picked":"Dagger Spray","floor":2.0},{"not_picked":["Wild Strike","Outmaneuver"],"picked":"Noxious Fumes","floor":4.0},{"not_picked":["Storm","Prepared"],"picked":"Dagger Throw","floor":5.0},{"not_picked":["Heavy Blade","Darkness"],"picked":"Anger","floor":6.0},{"not_picked":["Body Slam","Finesse"],"picked":"Trip","floor":8.0},{"not_picked":["Bane","Trip"],"picked":"Cleave","floor":12.0},{"not_picked":["Thunderclap","Blade Dance"],"picked":"Double Energy","floor":14}],"player_experience":510354,"relics_obtained":[{"floor":6.0,"key":"Pen Nib"},{"floor":8.0,"key":"Letter Opener"},{"floor":9.0,"key":"Pocketwatch"}],"event_choices":[{"event_name":"Shining Light","player_choice":"Entered Light","floor":10.0,"damage_taken":0.0}],"is_beta":false,"boss_relics":[],"items_purged_floors":[],"is_endless":false,"potions_floor_spawned":[2,4,12],"killed_by":"The Guardian","ascension_level":5}