{"gold_per_floor":[110,125,125,139,151,179,192,209,209,209,209,242,297,397,397,528,528,547,472,493,512,532,532,571,571,653,653,673,673,689,708,708,708],"floor_reached":33,"playtime":1084,"items_purged":[],"score":356,"play_id":"b10d08d0-e05d-4917-9be9-a3cc948380cf","local_time":"20180903004651","is_ascension_mode":false,"campfire_choices":[{"data":"Footwork","floor":11,"key":"SMITH"},{"data":"Terror","floor":15,"key":"SMITH"},{"data":"Storm of Steel","floor":23,"key":"SMITH"},{"data":"Backflip","floor":29,"key":"SMITH"},{"data":"Cloak And Dagger","floor":32,"key":"SMITH"}],"neow_cost":"NONE","seed_source_timestamp":1259059547711190,"circlet_count":0,"master_deck":["Defend_G","Defend_G","Defend_G","Defend_G","Defend_G","Survivor","Neutralize+1","Masterful Stab","Poisoned Stab","Die Die Die","Quick Slash","Backflip+1","Footwork+1","Terror+1","Storm of Steel+1","Cloak And Dagger+1","Dagger Spray","Bite","Bite","Bite","Bite","Bite","Infinite Blades+1","Deflect+1"],"relics":["Coffee Dripper","Blue Candle","Frozen Egg 2","Golden Idol","Ice Cream","Regal Pillow","Busted Crown","Letter Opener","Gremlin Horn"],"potions_floor_usage":[12,16,24,33],"damage_taken":[{"damage":0,"enemies":"Cultist","floor":1,"turns":4},{"damage":1,"enemies":"Jaw Worm","floor":2,"turns":3},{"damage":0,"enemies":"Small Slimes","floor":4,"turns":3},{"damage":5,"enemies":"Looter","floor":5,"turns":2},{"damage":24,"enemies":"Gremlin Nob","floor":6,"turns":5},{"damage":0,"enemies":"3 Louse","floor":7,"turns":3},{"damage":0,"enemies":"Blue Slaver","floor":8,"turns":3},{"damage":4,"enemies":"3 Sentries","floor":12,"turns":7},{"damage":0,"enemies":"Hexaghost","floor":16,"turns":9},{"damage":11,"enemies":"Shell Parasite","floor":18,"turns":5},{"damage":0,"enemies":"Chosen","floor":20,"turns":3},{"damage":7,"enemies":"Snecko","floor":21,"turns":5},{"damage":2,"enemies":"Chosen and Byrds","floor":22,"turns":5},{"damage":21,"enemies":"Slavers","floor":24,"turns":5},{"damage":24,"enemies":"Shelled Parasite and Fungi","floor":28,"turns":5},{"damage":7,"enemies":"Centurion and Healer","floor":30,"turns":4},{"damage":17,"enemies":"Snake Plant","floor":31,"turns":4},{"damage":48,"enemies":"Automaton","floor":33,"turns":6}],"seed_played":"2187959600055092860","potions_obtained":[{"floor":1,"key":"SmokeBomb"},{"floor":5,"key":"Dexterity Potion"},{"floor":8,"key":"Dexterity Potion"},{"floor":12,"key":"EssenceOfSteel"},{"floor":16,"key":"Explosive Potion"},{"floor":22,"key":"Ancient Potion"},{"floor":28,"key":"SmokeBomb"},{"floor":30,"key":"AttackPotion"},{"floor":31,"key":"Energy Potion"}],"is_trial":false,"path_per_floor":["M","M","?","M","M","E","M","M","T","?","R","E","T","?","R","B",null,"M","?","M","M","M","R","E","?","T","?","M","R","M","M","R"],"character_chosen":"THE_SILENT","items_purchased":[],"campfire_rested":0,"item_purchase_floors":[],"current_hp_per_floor":[70,69,69,69,64,40,40,40,40,23,23,19,19,19,19,19,70,59,59,59,52,50,50,29,52,52,49,35,35,36,27,27,0],"gold":708,"neow_bonus":"BOSS_RELIC","is_prod":false,"is_daily":false,"chose_seed":false,"campfire_upgraded":5,"win_rate":0,"timestamp":1535957211,"path_taken":["M","M","?","M","M","E","M","M","T","?","R","E","?","?","R","BOSS","M","?","M","M","M","R","E","?","T","?","M","R","M","?","R","BOSS"],"build_version":"2018-08-30","purchased_purges":0,"victory":false,"max_hp_per_floor":[70,70,70,70,70,70,70,70,70,70,70,70,70,70,70,70,70,70,70,70,70,70,70,70,70,70,49,49,49,49,49,49,49],"card_choices":[{"not_picked":["Catalyst","Prepared"],"picked":"Masterful Stab","floor":1},{"not_picked":["Slice","Leg Sweep"],"picked":"Poisoned Stab","floor":2},{"not_picked":["Backflip","Prepared"],"picked":"Die Die Die","floor":4},{"not_picked":["Riddle With Holes","Reflex","Underhanded Strike"],"picked":"SKIP","floor":5},{"not_picked":["Prepared","Night Terror"],"picked":"Quick Slash","floor":6},{"not_picked":["Prepared","Skewer"],"picked":"Backflip","floor":7},{"not_picked":["Deflect","Underhanded Strike"],"picked":"Footwork","floor":8},{"not_picked":["Distraction","Expertise"],"picked":"Terror","floor":12},{"not_picked":["Wraith Form v2+1","Venomology"],"picked":"Storm of Steel","floor":16},{"not_picked":["Bane+1"],"picked":"SKIP","floor":18},{"not_picked":[],"picked":"Cloak And Dagger","floor":20},{"not_picked":["Underhanded Strike+1"],"picked":"SKIP","floor":21},{"not_picked":["Tactician"],"picked":"SKIP","floor":22},{"not_picked":[],"picked":"Dagger Spray","floor":24},{"not_picked":[],"picked":"Infinite Blades+1","floor":28},{"not_picked":[],"picked":"Deflect+1","floor":30},{"not_picked":["Slice"],"picked":"SKIP","floor":31}],"player_experience":451923,"relics_obtained":[{"floor":6,"key":"Blue Candle"},{"floor":9,"key":"Frozen Egg 2"},{"floor":12,"key":"Ice Cream"},{"floor":13,"key":"Regal Pillow"},{"floor":24,"key":"Letter Opener"},{"floor":26,"key":"Gremlin Horn"}],"event_choices":[{"event_name":"Accursed Blacksmith","player_choice":"Forge","floor":3,"damage_taken":0},{"event_name":"Golden Idol","player_choice":"Take Damage","floor":10,"damage_taken":0},{"event_name":"Golden Shrine","player_choice":"Pray","floor":14,"damage_taken":0},{"event_name":"Beggar","player_choice":"Gave Gold","floor":19,"damage_taken":0},{"event_name":"The Library","player_choice":"Heal","floor":25,"damage_taken":0},{"event_name":"Vampires","player_choice":"Became a vampire","floor":27,"damage_taken":0}],"is_beta":false,"boss_relics":[{"not_picked":["Velvet Choker","Snecko Eye"],"picked":"Busted Crown"}],"items_purged_floors":[],"is_endless":false,"potions_floor_spawned":[1,5,8,12,16,22,28,30,31],"killed_by":"Automaton","ascension_level":0}