{"gold_per_floor":[115,131,146,166,116,116,134,134,134,40,40,40,40,60,60,60],"floor_reached":16,"playtime":675,"items_purged":[],"score":112,"play_id":"7074d9d7-1410-4d80-a034-18a34c529c32","local_time":"20180720154629","is_ascension_mode":true,"campfire_choices":[{"data":"Glass Knife","floor":8,"key":"SMITH"},{"data":"Distraction","floor":11,"key":"SMITH"},{"data":"Neutralize","floor":15,"key":"SMITH"}],"neow_cost":"NONE","seed_source_timestamp":487211375409180,"circlet_count":0,"master_deck":["Defend_G","Defend_G","Defend_G","Defend_G","Defend_G","Strike_G","Strike_G","Strike_G","Strike_G","Survivor","Neutralize+1","Dodge and Roll","Outmaneuver","Backflip","Glass Knife+1","Deflect","Poisoned Stab","Distraction+1","Dagger Throw","Underhanded Strike"],"relics":["Ring of the Snake","Ornamental Fan","Calipers"],"potions_floor_usage":[6,6,16,16],"damage_taken":[{"damage":1,"enemies":"Small Slimes","floor":1,"turns":4},{"damage":7,"enemies":"Jaw Worm","floor":2,"turns":5},{"damage":7,"enemies":"2 Louse","floor":3,"turns":2},{"damage":13,"enemies":"Exordium Wildlife","floor":4,"turns":10},{"damage":10,"enemies":"Gremlin Nob","floor":6,"turns":4},{"damage":0,"enemies":"3 Louse","floor":7,"turns":5},{"damage":3,"enemies":"Looter","floor":14,"turns":3},{"damage":34,"enemies":"Hexaghost","floor":16,"turns":15}],"seed_played":"2467431146167139998","potions_obtained":[{"floor":2,"key":"Block Potion"},{"floor":4,"key":"SmokeBomb"},{"floor":7,"key":"SkillPotion"},{"floor":14,"key":"SkillPotion"}],"is_trial":false,"path_per_floor":["M","M","M","M","?","E","M","R","T","$","R","T","?","M","R"],"character_chosen":"THE_SILENT","items_purchased":["Distraction","Dagger Throw"],"campfire_rested":0,"item_purchase_floors":[10,10],"current_hp_per_floor":[69,62,55,42,42,32,32,32,32,32,32,32,37,34,34,0],"gold":60,"neow_bonus":"THREE_CARDS","is_prod":false,"is_daily":false,"chose_seed":false,"campfire_upgraded":3,"win_rate":0,"timestamp":1532123189,"path_taken":["M","M","M","M","?","E","M","R","T","$","R","?","?","M","R","BOSS"],"build_version":"2018-07-19v2","purchased_purges":0,"victory":false,"max_hp_per_floor":[70,70,70,70,70,70,70,70,70,70,70,70,75,75,75,75],"card_choices":[{"not_picked":["Slice","Dagger Throw"],"picked":"Dodge and Roll","floor":0},{"not_picked":["PiercingWail","Bane"],"picked":"Outmaneuver","floor":1},{"not_picked":["Dodge and Roll","Deadly Poison"],"picked":"Backflip","floor":2},{"not_picked":["Noxious Fumes","Sucker Punch"],"picked":"Glass Knife","floor":3},{"not_picked":["Prepared","Outmaneuver"],"picked":"Deflect","floor":4},{"not_picked":["Slice","Backflip"],"picked":"Poisoned Stab","floor":7},{"not_picked":["Flechettes","Sucker Punch"],"picked":"Underhanded Strike","floor":14}],"player_experience":241253,"relics_obtained":[{"floor":9,"key":"Ornamental Fan"},{"floor":12,"key":"Calipers"}],"event_choices":[{"event_name":"The Cleric","player_choice":"Card Removal","floor":5,"damage_taken":0},{"event_name":"Big Fish","player_choice":"Donut","floor":13,"damage_taken":0}],"is_beta":false,"boss_relics":[],"items_purged_floors":[],"is_endless":false,"potions_floor_spawned":[2,4,7,14],"killed_by":"Hexaghost","ascension_level":2}