{"gold_per_floor":[18,18,38,38,38,38,38,8,8,8,21,21],"floor_reached":12,"playtime":334,"items_purged":[],"score":119,"play_id":"9cc33770-eddd-43f7-8480-5f56795c76ed","local_time":"20190320121538","is_ascension_mode":true,"campfire_choices":[{"data":"Demon Form","floor":6.0,"key":"SMITH"}],"neow_cost":"NO_GOLD","seed_source_timestamp":435650940222904,"circlet_count":0,"master_deck":["AscendersBane","Strike_R","Strike_R","Strike_R","Strike_R","Strike_R","Defend_R","Defend_R","Defend_R","Defend_R","Bash","Demon Form+1","Iron Wave","Decay","Evolve","Shrug It Off","Injury","Feel No Pain"],"special_seed":0,"relics":["Burning Blood","Calipers","Bottled Lightning","Golden Idol"],"potions_floor_usage":[12],"damage_taken":[{"damage":10.0,"enemies":"2 Louse","floor":1.0,"turns":4.0},{"damage":8.0,"enemies":"Cultist","floor":3.0,"turns":4.0},{"damage":14,"enemies":"Small Slimes","floor":11,"turns":5},{"damage":21,"enemies":"3 Sentries","floor":12,"turns":4}],"seed_played":"-2836395633046749560","potions_obtained":[{"floor":3.0,"key":"LiquidBronze"},{"floor":11,"key":"Ancient Potion"}],"is_trial":false,"path_per_floor":["M","?","M","$","?","R","?","$","T","?","M","E"],"character_chosen":"IRONCLAD","items_purchased":["Shrug It Off"],"campfire_rested":0,"item_purchase_floors":[8],"current_hp_per_floor":[64,64,62,62,62,62,27,27,27,27,19,0],"gold":21,"neow_bonus":"THREE_RARE_CARDS","is_prod":false,"is_daily":false,"chose_seed":false,"campfire_upgraded":1,"win_rate":0,"timestamp":1553051738,"path_taken":["M","?","?","$","?","R","?","?","T","?","M","E"],"build_version":"2019-01-23","purchased_purges":0,"victory":false,"max_hp_per_floor":[75,75,75,75,75,75,75,75,75,75,75,75],"card_choices":[{"not_picked":["Exhume","Fiend Fire"],"picked":"Demon Form","floor":0.0},{"not_picked":["Thunderclap","Perfected Strike"],"picked":"Iron Wave","floor":1.0},{"not_picked":["Havoc","Clash"],"picked":"Evolve","floor":3.0},{"not_picked":["Clash","Infernal Blade"],"picked":"Feel No Pain","floor":11}],"player_experience":452645,"relics_obtained":[{"floor":9.0,"key":"Bottled Lightning"}],"event_choices":[{"damage_healed":0.0,"max_hp_gain":0.0,"max_hp_loss":0.0,"gold_gain":0.0,"event_name":"Wheel of Change","player_choice":"Cursed","floor":2.0,"gold_loss":0.0,"damage_taken":0.0,"cards_obtained":["Decay"]},{"damage_healed":0.0,"max_hp_gain":0.0,"max_hp_loss":0.0,"gold_gain":0.0,"event_name":"The Cleric","player_choice":"Leave","floor":5.0,"gold_loss":0.0,"damage_taken":0.0},{"damage_healed":0.0,"max_hp_gain":0.0,"max_hp_loss":0.0,"gold_gain":0.0,"event_name":"Scrap Ooze","player_choice":"Success","floor":7.0,"gold_loss":0.0,"damage_taken":35.0,"relics_obtained":["Calipers"]},{"damage_healed":0.0,"max_hp_gain":0.0,"max_hp_loss":0.0,"gold_gain":0.0,"event_name":"Golden Idol","player_choice":"Take Wound","floor":10.0,"gold_loss":0.0,"damage_taken":0.0,"relics_obtained":["Golden Idol"],"cards_obtained":["Injury"]}],"is_beta":false,"boss_relics":[],"items_purged_floors":[],"is_endless":false,"potions_floor_spawned":[3,11],"killed_by":"3 Sentries","ascension_level":16}