{"gold_per_floor":[110,126,76,103,5,34,34,48,71,90,90,102,134,164,164,260,260,271,196,196,295,313,313,325,325,349,375,385,42,59,59,59,159,159,178,178,35,54,54,88,88,102,102,0,26,26,26,51,51,51],"floor_reached":51,"playtime":5380,"items_purged":["Strike_G"],"score":869,"play_id":"fd9f09df-a3db-43f6-b389-231a71a702ce","local_time":"20190315164947","is_ascension_mode":true,"campfire_choices":[{"floor":11,"key":"REST"},{"floor":15,"key":"REST"},{"floor":23,"key":"REST"},{"floor":25,"key":"RECALL"},{"floor":32,"key":"REST"},{"floor":41,"key":"REST"},{"floor":46,"key":"REST"},{"floor":49,"key":"REST"}],"neow_cost":"NONE","seed_source_timestamp":50766899860533,"circlet_count":0,"master_deck":["Defend_G+1","Defend_G","Defend_G","Defend_G","Strike_G","Strike_G","Survivor","Neutralize+1","Slice","Backflip","Deflect","Cloak And Dagger","Poisoned Stab","Blade Dance","Corpse Explosion","Accuracy+1","Blade Dance+1","Dagger Spray","Backstab","Deflect","Footwork","Infinite Blades","Poisoned Stab+1","Accuracy","Crippling Poison","Blade Dance"],"relics":["Ring of the Snake","Regal Pillow","Kunai","Snake Skull","Thread and Needle","Fusion Hammer","Strawberry","Juzu Bracelet","Pen Nib","War Paint","Philosopher\u0027s Stone","Bag of Marbles","Ninja Scroll","Red Mask","Omamori","Dream Catcher"],"potions_floor_usage":[18,27,35,42,50],"damage_taken":[{"damage":0,"enemies":"Small Slimes","floor":1,"turns":5},{"damage":5,"enemies":"Jaw Worm","floor":2,"turns":4},{"damage":32,"enemies":"3 Sentries","floor":6,"turns":16},{"damage":0,"enemies":"2 Louse","floor":8,"turns":6},{"damage":3,"enemies":"Large Slime","floor":10,"turns":10},{"damage":6,"enemies":"Gremlin Gang","floor":12,"turns":9},{"damage":25,"enemies":"Gremlin Nob","floor":13,"turns":5},{"damage":0,"enemies":"The Guardian","floor":16,"turns":18},{"damage":0,"enemies":"Chosen","floor":18,"turns":4},{"damage":12,"enemies":"2 Thieves","floor":22,"turns":4},{"damage":0,"enemies":"Snecko","floor":24,"turns":7},{"damage":36,"enemies":"Gremlin Leader","floor":27,"turns":7},{"damage":0,"enemies":"Cultist and Chosen","floor":28,"turns":6},{"damage":20,"enemies":"Snake Plant","floor":30,"turns":6},{"damage":10,"enemies":"Collector","floor":33,"turns":12},{"damage":4,"enemies":"Orb Walker","floor":35,"turns":3},{"damage":0,"enemies":"3 Shapes","floor":38,"turns":4},{"damage":24,"enemies":"Giant Head","floor":40,"turns":8},{"damage":0,"enemies":"Sphere and 2 Shapes","floor":42,"turns":3},{"damage":38,"enemies":"Reptomancer","floor":48,"turns":5},{"damage":13,"enemies":"Donu and Deca","floor":50,"turns":5}],"seed_played":"1271506464519651643","potions_obtained":[{"floor":2,"key":"SpeedPotion"},{"floor":12,"key":"AttackPotion"},{"floor":13,"key":"Dexterity Potion"},{"floor":24,"key":"Block Potion"},{"floor":28,"key":"Ancient Potion"},{"floor":33,"key":"Weak Potion"},{"floor":35,"key":"SteroidPotion"},{"floor":42,"key":"SteroidPotion"}],"is_trial":false,"path_per_floor":["?","T","M","?","?","?","?","?","?","$","?","T","?"],"character_chosen":"THE_SILENT","items_purchased":["Backflip","Pen Nib","Footwork","War Paint","Accuracy","Crippling Poison"],"campfire_rested":7,"item_purchase_floors":[5,29,29,29,37,37],"current_hp_per_floor":[70,65,65,65,65,33,33,33,33,30,66,60,35,35,70,70,70,70,70,70,70,58,70,70,70,77,41,41,41,21,21,59,49,77,73,73,73,73,73,49,77,77,77,77,77,77,77,39,77,64],"gold":51,"neow_bonus":"UPGRADE_CARD","is_prod":false,"is_daily":false,"chose_seed":false,"campfire_upgraded":0,"win_rate":0,"timestamp":1552664987,"path_taken":["M","M","?","?","$","E","$","M","T","M","R","?","E","?","R","BOSS","M","?","?","?","M","R","M","R","T","E","M","$","M","?","R","BOSS","M","?","?","M","$","E","R","M","T","?","?","R","?","E","R","BOSS"],"build_version":"2019-01-23","purchased_purges":1,"victory":true,"max_hp_per_floor":[70,70,70,70,70,70,70,70,70,70,70,70,70,70,70,70,70,70,70,70,70,70,70,70,70,77,77,77,77,77,77,77,77,77,77,77,77,77,77,77,77,77,77,77,77,77,77,77,77,77],"card_choices":[{"not_picked":["Eviscerate","Outmaneuver"],"picked":"Slice","floor":1},{"not_picked":["Endless Agony","Blur","Acrobatics"],"picked":"SKIP","floor":2},{"not_picked":["Dagger Spray","PiercingWail"],"picked":"Deflect","floor":6},{"not_picked":["Prepared","Blur"],"picked":"Cloak And Dagger","floor":8},{"not_picked":["Prepared","Catalyst"],"picked":"Poisoned Stab","floor":10},{"not_picked":["Sucker Punch","Outmaneuver"],"picked":"Blade Dance","floor":12},{"not_picked":["Crippling Poison","Die Die Die","Dash"],"picked":"SKIP","floor":13},{"not_picked":["Unload","Night Terror"],"picked":"Corpse Explosion","floor":16},{"not_picked":["Deadly Poison","Flechettes"],"picked":"Accuracy+1","floor":18},{"not_picked":["Reflex","Blur+1","Sucker Punch"],"picked":"SKIP","floor":22},{"not_picked":["Slice","Dagger Throw"],"picked":"Dagger Spray","floor":24},{"not_picked":["Underhanded Strike+1","Skewer"],"picked":"Backstab","floor":27},{"not_picked":["Glass Knife","Quick Slash"],"picked":"Deflect","floor":28},{"not_picked":["Cloak And Dagger","Dagger Throw+1"],"picked":"Infinite Blades","floor":30},{"not_picked":["Concentrate","Caltrops"],"picked":"Poisoned Stab+1","floor":35},{"not_picked":["Dodge and Roll+1","Flechettes+1","Outmaneuver"],"picked":"SKIP","floor":38},{"not_picked":["Slice","Well Laid Plans","Catalyst+1"],"picked":"SKIP","floor":40},{"not_picked":["Deadly Poison+1","Leg Sweep","Eviscerate"],"picked":"SKIP","floor":42},{"not_picked":["Dodge and Roll+1","Endless Agony+1"],"picked":"Blade Dance","floor":48}],"player_experience":314980,"relics_obtained":[{"floor":4,"key":"Regal Pillow"},{"floor":6,"key":"Kunai"},{"floor":9,"key":"Snake Skull"},{"floor":13,"key":"Thread and Needle"},{"floor":26,"key":"Strawberry"},{"floor":27,"key":"Juzu Bracelet"},{"floor":40,"key":"Bag of Marbles"},{"floor":43,"key":"Ninja Scroll"},{"floor":45,"key":"Omamori"},{"floor":48,"key":"Dream Catcher"}],"event_choices":[{"cards_removed":["Strike_G"],"damage_healed":0,"gold_gain":0,"player_choice":"Card Removal","damage_taken":0,"max_hp_gain":0,"max_hp_loss":0,"event_name":"The Cleric","floor":3,"gold_loss":50},{"damage_healed":0,"gold_gain":30,"player_choice":"Searched \u00271\u0027 times","damage_taken":0,"max_hp_gain":0,"max_hp_loss":0,"event_name":"Dead Adventurer","floor":14,"gold_loss":0},{"cards_removed":["Strike_G"],"damage_healed":0,"gold_gain":0,"player_choice":"Gave Gold","damage_taken":0,"max_hp_gain":0,"max_hp_loss":0,"event_name":"Beggar","floor":19,"gold_loss":75},{"damage_healed":0,"gold_gain":0,"player_choice":"Read","damage_taken":0,"max_hp_gain":0,"max_hp_loss":0,"event_name":"The Library","floor":20,"gold_loss":0,"cards_obtained":["Blade Dance"]},{"damage_healed":0,"gold_gain":99,"player_choice":"Stole From Cult","damage_taken":0,"max_hp_gain":0,"max_hp_loss":0,"event_name":"Nest","floor":21,"gold_loss":0},{"damage_healed":0,"gold_gain":0,"player_choice":"Got Potions","damage_taken":0,"max_hp_gain":0,"max_hp_loss":0,"event_name":"Lab","floor":31,"gold_loss":0},{"damage_healed":0,"gold_gain":0,"player_choice":"Bought 0 Potions","damage_taken":0,"max_hp_gain":0,"max_hp_loss":0,"event_name":"The Woman in Blue","floor":36,"gold_loss":0},{"damage_healed":0,"gold_gain":0,"player_choice":"Paid","damage_taken":0,"relics_obtained":["Red Mask"],"max_hp_gain":0,"max_hp_loss":0,"event_name":"Tomb of Lord Red Mask","floor":44,"gold_loss":102},{"cards_removed":["Defend_G"],"damage_healed":0,"gold_gain":0,"player_choice":"Removed Skill","damage_taken":0,"max_hp_gain":0,"max_hp_loss":0,"event_name":"Falling","floor":47,"gold_loss":0}],"is_beta":false,"boss_relics":[{"not_picked":["White Beast Statue","HoveringKite"],"picked":"Fusion Hammer"},{"not_picked":["Ring of the Serpent","Pandora\u0027s Box"],"picked":"Philosopher\u0027s Stone"}],"items_purged_floors":[5],"is_endless":false,"potions_floor_spawned":[2,12,13,24,28,33,35,42],"ascension_level":3}