{"gold_per_floor":[116,128,147,159,173,173,200,210,210,223,241,241,255,82,82,181,181,198,31,51,151,163,192,192,225,225,240,240,266,266,278,278,278],"floor_reached":33,"playtime":12493,"items_purged":["Strike_G","Underhanded Strike"],"score":352,"play_id":"b74f30da-b090-4efd-9a51-15049dc33b44","local_time":"20190319124526","is_ascension_mode":true,"campfire_choices":[{"data":"Dagger Throw","floor":6,"key":"SMITH"},{"floor":15,"key":"REST"},{"floor":24,"key":"REST"},{"floor":28,"key":"REST"},{"floor":32,"key":"REST"}],"neow_cost":"NONE","seed_source_timestamp":337709455715150,"circlet_count":0,"master_deck":["Survivor","Neutralize+1","Dagger Throw+1","Infinite Blades","Backflip","Slice","Masterful Stab","Storm of Steel","Infinite Blades","Escape Plan+1","Acrobatics+1","Accuracy","Deflect+1","Die Die Die","Dagger Throw","Bouncing Flask+1","Endless Agony","Footwork","Masterful Stab","Masterful Stab","Blur+1","Setup+1","Slice","Infinite Blades","Distraction+1","Bullet Time+1","Dagger Spray","Backstab+1"],"relics":["Ring of the Snake","Bag of Preparation","Toxic Egg 2","PreservedInsect","Pandora\u0027s Box","Mummified Hand","Shovel","Ornamental Fan","Red Mask","Bottled Lightning","Darkstone Periapt"],"potions_floor_usage":[8,20,28,29,33],"damage_taken":[{"damage":0,"enemies":"2 Louse","floor":1,"turns":3},{"damage":0,"enemies":"Small Slimes","floor":2,"turns":3},{"damage":0,"enemies":"Jaw Worm","floor":3,"turns":4},{"damage":10,"enemies":"3 Louse","floor":4,"turns":5},{"damage":0,"enemies":"Looter","floor":5,"turns":3},{"damage":32,"enemies":"3 Sentries","floor":7,"turns":8},{"damage":0,"enemies":"Large Slime","floor":8,"turns":3},{"damage":0,"enemies":"Exordium Thugs","floor":10,"turns":4},{"damage":4,"enemies":"Lots of Slimes","floor":11,"turns":3},{"damage":0,"enemies":"Looter","floor":13,"turns":3},{"damage":29,"enemies":"Hexaghost","floor":16,"turns":12},{"damage":0,"enemies":"Spheric Guardian","floor":18,"turns":2},{"damage":0,"enemies":"Chosen","floor":20,"turns":3},{"damage":14,"enemies":"Colosseum Slavers","floor":21,"turns":4},{"damage":7,"enemies":"Colosseum Nobs","floor":21,"turns":3},{"damage":0,"enemies":"Centurion and Healer","floor":22,"turns":3},{"damage":18,"enemies":"Slavers","floor":23,"turns":4},{"damage":6,"enemies":"Masked Bandits","floor":25,"turns":3},{"damage":13,"enemies":"Snecko","floor":27,"turns":3},{"damage":3,"enemies":"Gremlin Leader","floor":29,"turns":5},{"damage":21,"enemies":"Snake Plant","floor":31,"turns":3},{"damage":62,"enemies":"Champ","floor":33,"turns":7}],"seed_played":"-2486649765091440183","potions_obtained":[{"floor":4,"key":"Explosive Potion"},{"floor":8,"key":"PowerPotion"},{"floor":11,"key":"Swift Potion"},{"floor":13,"key":"SkillPotion"},{"floor":16,"key":"GhostInAJar"},{"floor":20,"key":"Ancient Potion"},{"floor":27,"key":"Fruit Juice"},{"floor":31,"key":"SpeedPotion"}],"is_trial":false,"path_per_floor":["?","?","?","?"],"character_chosen":"THE_SILENT","items_purchased":["Accuracy","Deflect+1","Infinite Blades"],"campfire_rested":4,"item_purchase_floors":[14,14,19],"current_hp_per_floor":[70,70,70,60,60,60,28,28,28,28,24,17,17,17,38,9,70,70,70,70,49,49,31,52,46,46,33,60,57,57,36,58,0],"gold":278,"neow_bonus":"UPGRADE_CARD","is_prod":false,"is_daily":false,"chose_seed":false,"campfire_upgraded":1,"win_rate":0,"timestamp":1552995926,"path_taken":["M","M","M","M","M","R","E","M","T","M","M","?","M","$","R","BOSS","M","$","M","?","M","E","R","?","T","M","R","E","?","M","R","BOSS"],"build_version":"2019-01-23","purchased_purges":2,"victory":false,"max_hp_per_floor":[70,70,70,70,70,70,70,70,70,70,70,70,70,70,70,70,70,70,70,70,70,70,70,70,70,70,70,75,75,75,75,75,75],"card_choices":[{"not_picked":["Dodge and Roll","Bouncing Flask"],"picked":"Dagger Throw","floor":1},{"not_picked":["Blur","Flying Knee"],"picked":"Infinite Blades","floor":2},{"not_picked":["Outmaneuver","Leg Sweep"],"picked":"Backflip","floor":3},{"not_picked":["Footwork","A Thousand Cuts"],"picked":"Slice","floor":4},{"not_picked":["Noxious Fumes","Outmaneuver","Bane"],"picked":"SKIP","floor":5},{"not_picked":["Choke","Backflip"],"picked":"Masterful Stab","floor":7},{"not_picked":["Backflip","PiercingWail"],"picked":"Storm of Steel","floor":8},{"not_picked":["Outmaneuver+1","Quick Slash"],"picked":"Infinite Blades","floor":10},{"not_picked":["Poisoned Stab","Bouncing Flask+1"],"picked":"Escape Plan+1","floor":11},{"not_picked":["Dagger Throw","A Thousand Cuts"],"picked":"Acrobatics+1","floor":13},{"not_picked":["Tools of the Trade","Grand Finale"],"picked":"Die Die Die","floor":16},{"not_picked":["Acrobatics+1","PiercingWail+1"],"picked":"Slice","floor":18},{"not_picked":["Deadly Poison+1","Phantasmal Killer+1","Poisoned Stab"],"picked":"SKIP","floor":20},{"not_picked":["Well Laid Plans","Quick Slash"],"picked":"Distraction+1","floor":22},{"not_picked":["Choke","Backflip+1"],"picked":"Bullet Time+1","floor":23},{"not_picked":["Prepared+1","Dagger Throw","Deadly Poison+1"],"picked":"SKIP","floor":27},{"not_picked":["Eviscerate","Deadly Poison+1"],"picked":"Dagger Spray","floor":29},{"not_picked":["Acrobatics+1","Quick Slash+1"],"picked":"Backstab+1","floor":31}],"player_experience":402239,"relics_obtained":[{"floor":7,"key":"Bag of Preparation"},{"floor":9,"key":"Toxic Egg 2"},{"floor":21,"key":"Mummified Hand"},{"floor":21,"key":"Shovel"},{"floor":23,"key":"Ornamental Fan"},{"floor":25,"key":"Red Mask"},{"floor":26,"key":"Bottled Lightning"},{"floor":29,"key":"Darkstone Periapt"}],"event_choices":[{"damage_healed":0,"gold_gain":0,"player_choice":"Success","damage_taken":7,"relics_obtained":["PreservedInsect"],"max_hp_gain":0,"max_hp_loss":0,"event_name":"Scrap Ooze","floor":12,"gold_loss":0},{"damage_healed":0,"gold_gain":0,"player_choice":"Fight","damage_taken":0,"max_hp_gain":0,"max_hp_loss":0,"event_name":"Colosseum","floor":21,"gold_loss":0},{"damage_healed":0,"gold_gain":0,"player_choice":"Fought Nobs","damage_taken":0,"max_hp_gain":0,"max_hp_loss":0,"event_name":"Colosseum","floor":21,"gold_loss":0},{"damage_healed":0,"gold_gain":0,"player_choice":"Fought Bandits","damage_taken":0,"max_hp_gain":0,"max_hp_loss":0,"event_name":"Masked Bandits","floor":25,"gold_loss":0},{"damage_healed":0,"gold_gain":0,"player_choice":"Ignored","damage_taken":0,"max_hp_gain":0,"max_hp_loss":0,"event_name":"Beggar","floor":30,"gold_loss":0}],"is_beta":false,"boss_relics":[{"not_picked":["Coffee Dripper","Cursed Key"],"picked":"Pandora\u0027s Box"}],"items_purged_floors":[14,19],"is_endless":false,"potions_floor_spawned":[4,8,11,13,16,20,21,23,27,31],"killed_by":"Champ","ascension_level":4}