{"gold_per_floor":[114,114,134,134,148,148,178,194,219,6,25,35,45,65,65,162,162,181,181,181,181,181,194,194,226,226,256,256,256,256,4,4,108,108,125,225,225,19,37,64,75,90,90,90,105,105,117,3,3,3],"floor_reached":51,"playtime":8464,"items_purged":["Defend_G"],"score":717,"play_id":"92e6ae6d-f35b-4b22-8dff-d34bbd53f186","local_time":"20190320173345","is_ascension_mode":false,"campfire_choices":[{"data":"PiercingWail","floor":6.0,"key":"SMITH"},{"floor":15.0,"key":"REST"},{"data":"Dodge and Roll","floor":24.0,"key":"SMITH"},{"data":"Blade Dance","floor":28.0,"key":"SMITH"},{"data":"Backstab","floor":30.0,"key":"SMITH"},{"floor":32.0,"key":"REST"},{"data":"Leg Sweep","floor":44,"key":"SMITH"},{"data":"Bouncing Flask","floor":49,"key":"SMITH"}],"neow_cost":"NONE","seed_source_timestamp":0,"circlet_count":0,"master_deck":["Defend_G","Defend_G","Defend_G","Strike_G","Strike_G","Strike_G+1","Survivor","Neutralize+1","PiercingWail+1","Blade Dance","Dodge and Roll+1","Finisher+1","Leg Sweep+1","Backflip","Backflip","Blade Dance+1","Slice","After Image","Backstab+1","Blade Dance","Deflect+1","Footwork","Escape Plan","Sucker Punch","Venomology","All Out Attack","Infinite Blades","PiercingWail","Dramatic Entrance","Blur","Acrobatics+1","Calculated Gamble+1","Blade Dance+1","Bouncing Flask+1","Blur+1","Noxious Fumes"],"special_seed":0,"relics":["Ring of the Snake","Strawberry","Whetstone","Bronze Scales","WristBlade","Enchiridion","Pen Nib","Paper Crane","Kunai","Strange Spoon","Philosopher\u0027s Stone","FossilizedHelix","Orichalcum","Letter Opener"],"potions_floor_usage":[42,45,50,50,50,50,50],"damage_taken":[{"damage":0.0,"enemies":"Jaw Worm","floor":1.0,"turns":5.0},{"damage":2.0,"enemies":"Cultist","floor":3.0,"turns":4.0},{"damage":0.0,"enemies":"2 Louse","floor":5.0,"turns":3.0},{"damage":52.0,"enemies":"Gremlin Nob","floor":7.0,"turns":6.0},{"damage":9.0,"enemies":"Blue Slaver","floor":8.0,"turns":3.0},{"damage":0.0,"enemies":"Looter","floor":11.0,"turns":3.0},{"damage":0.0,"enemies":"Exordium Wildlife","floor":12.0,"turns":5.0},{"damage":10.0,"enemies":"Lots of Slimes","floor":13.0,"turns":3.0},{"damage":2.0,"enemies":"Large Slime","floor":14.0,"turns":7.0},{"damage":22.0,"enemies":"The Guardian","floor":16.0,"turns":14.0},{"damage":0.0,"enemies":"Shell Parasite","floor":18.0,"turns":8.0},{"damage":3.0,"enemies":"Chosen","floor":23.0,"turns":5.0},{"damage":1.0,"enemies":"Book of Stabbing","floor":25.0,"turns":6.0},{"damage":16.0,"enemies":"Slavers","floor":27.0,"turns":4.0},{"damage":62.0,"enemies":"Automaton","floor":33.0,"turns":12.0},{"damage":0.0,"enemies":"3 Darklings","floor":35.0,"turns":7.0},{"damage":14.0,"enemies":"Mind Bloom Boss Battle","floor":36.0,"turns":5.0},{"damage":0.0,"enemies":"Orb Walker","floor":39.0,"turns":3.0},{"damage":6.0,"enemies":"Reptomancer","floor":40.0,"turns":5.0},{"damage":0.0,"enemies":"Transient","floor":41.0,"turns":5.0},{"damage":11,"enemies":"3 Darklings","floor":42,"turns":6},{"damage":0,"enemies":"Maw","floor":45,"turns":6},{"damage":0,"enemies":"Sphere and 2 Shapes","floor":47,"turns":4},{"damage":57,"enemies":"Awakened One","floor":50,"turns":16}],"seed_played":"4380441638616758752","potions_obtained":[{"floor":3.0,"key":"SpeedPotion"},{"floor":5.0,"key":"Strength Potion"},{"floor":7.0,"key":"SpeedPotion"},{"floor":8.0,"key":"GhostInAJar"},{"floor":12.0,"key":"Swift Potion"},{"floor":35.0,"key":"GhostInAJar"},{"floor":40.0,"key":"Regen Potion"}],"is_trial":false,"path_per_floor":["?","?","M","?","?","?","$","?","?","$","M","?","M","$"],"character_chosen":"THE_SILENT","items_purchased":["Bronze Scales","Leg Sweep","Strange Spoon","Sucker Punch","Infinite Blades","PiercingWail","Dramatic Entrance","Noxious Fumes"],"campfire_rested":2,"item_purchase_floors":[10,10,31,31,38,38,38,48],"current_hp_per_floor":[70,70,68,68,68,68,23,14,14,14,14,14,4,2,25,3,77,77,77,77,61,61,58,58,57,57,41,41,41,41,41,64,2,77,77,63,63,63,63,57,57,60,60,60,60,60,60,60,60,3],"gold":3,"neow_bonus":"UPGRADE_CARD","is_prod":false,"is_daily":false,"chose_seed":false,"campfire_upgraded":6,"win_rate":0.0,"timestamp":1553099625,"path_taken":["M","?","M","?","M","R","E","M","T","$","?","M","M","M","R","BOSS","M","?","$","?","$","M","R","E","T","E","R","?","R","?","R","BOSS","M","?","?","?","?","E","M","M","T","R","M","?","?","?","R","BOSS"],"build_version":"2019-01-23","purchased_purges":1,"victory":true,"max_hp_per_floor":[70,70,70,70,70,70,77,77,77,77,77,77,77,77,77,77,77,77,77,77,77,77,77,77,77,77,77,77,77,77,77,77,77,77,77,77,73,73,73,73,73,73,73,73,73,73,73,73,73,73],"card_choices":[{"not_picked":["Endless Agony","Riddle With Holes"],"picked":"PiercingWail","floor":1.0},{"not_picked":["Reflex","Acrobatics"],"picked":"Blade Dance","floor":3.0},{"not_picked":["Underhanded Strike","Dagger Spray"],"picked":"Dodge and Roll","floor":5.0},{"not_picked":["Outmaneuver","Slice"],"picked":"Finisher","floor":7.0},{"not_picked":["Dodge and Roll","Calculated Gamble","Quick Slash"],"picked":"SKIP","floor":8.0},{"not_picked":["Noxious Fumes","Flying Knee"],"picked":"Backflip","floor":11.0},{"not_picked":["Outmaneuver","Poisoned Stab"],"picked":"Backflip","floor":12.0},{"not_picked":["Outmaneuver","Backflip"],"picked":"Blade Dance","floor":13.0},{"not_picked":["Underhanded Strike","Backflip"],"picked":"Slice","floor":14.0},{"not_picked":["Unload","Doppelganger"],"picked":"After Image","floor":16.0},{"not_picked":["Dagger Throw+1","Catalyst"],"picked":"Backstab","floor":18.0},{"not_picked":["Dagger Throw","Acrobatics+1"],"picked":"Blade Dance","floor":23.0},{"not_picked":["Riddle With Holes","Deadly Poison"],"picked":"Choke","floor":25.0},{"not_picked":["Dagger Spray","Acrobatics"],"picked":"Deflect+1","floor":27.0},{"not_picked":["Glass Knife","Tools of the Trade"],"picked":"Venomology","floor":33.0},{"not_picked":["Backflip+1","Poisoned Stab","Dodge and Roll"],"picked":"SKIP","floor":35.0},{"not_picked":["Dodge and Roll+1","Dash+1"],"picked":"All Out Attack","floor":36.0},{"not_picked":["Deflect","Prepared"],"picked":"Blur","floor":39.0},{"not_picked":["Outmaneuver+1","Flying Knee"],"picked":"Acrobatics+1","floor":40.0},{"not_picked":["Prepared","Unload"],"picked":"Calculated Gamble+1","floor":41},{"not_picked":["Finisher","Flying Knee+1"],"picked":"Blade Dance+1","floor":42},{"not_picked":["Tactician+1","Dagger Throw","Terror"],"picked":"SKIP","floor":45},{"not_picked":["Endless Agony","Dagger Spray"],"picked":"Blur+1","floor":47}],"player_experience":31676,"relics_obtained":[{"floor":7.0,"key":"Strawberry"},{"floor":9.0,"key":"Whetstone"},{"floor":21.0,"key":"Enchiridion"},{"floor":25.0,"key":"Pen Nib"},{"floor":26.0,"key":"Paper Crane"},{"floor":27.0,"key":"Kunai"},{"floor":36.0,"key":"FossilizedHelix"},{"floor":40.0,"key":"Orichalcum"},{"floor":43,"key":"Letter Opener"}],"event_choices":[{"damage_healed":0.0,"max_hp_gain":0.0,"max_hp_loss":0.0,"gold_gain":0.0,"event_name":"The Cleric","player_choice":"Leave","floor":2.0,"gold_loss":0.0,"damage_taken":0.0},{"cards_removed":["Strike_G"],"damage_healed":0.0,"max_hp_gain":0.0,"max_hp_loss":0.0,"gold_gain":0.0,"event_name":"Bonfire Elementals","player_choice":"Offered Basic","floor":4.0,"gold_loss":0.0,"damage_taken":0.0},{"damage_healed":0.0,"max_hp_gain":0.0,"max_hp_loss":0.0,"gold_gain":0.0,"event_name":"Beggar","player_choice":"Ignored","floor":19.0,"gold_loss":0.0,"damage_taken":0.0},{"damage_healed":0.0,"max_hp_gain":0.0,"max_hp_loss":0.0,"gold_gain":0.0,"event_name":"Cursed Tome","player_choice":"Obtained Book","floor":21.0,"gold_loss":0.0,"damage_taken":16.0},{"damage_healed":0.0,"max_hp_gain":0.0,"max_hp_loss":0.0,"gold_gain":0.0,"cards_transformed":["Strike_G","Defend_G"],"event_name":"Drug Dealer","player_choice":"Became Test Subject","floor":29.0,"gold_loss":0.0,"damage_taken":0.0,"cards_obtained":["Footwork","Escape Plan"]},{"damage_healed":0.0,"max_hp_gain":0.0,"max_hp_loss":0.0,"gold_gain":0.0,"event_name":"MindBloom","player_choice":"Fight","floor":36.0,"gold_loss":0.0,"damage_taken":0.0},{"damage_healed":0.0,"max_hp_gain":0.0,"max_hp_loss":4.0,"gold_gain":0.0,"event_name":"Winding Halls","player_choice":"Max HP","floor":37.0,"gold_loss":0.0,"damage_taken":0.0},{"damage_healed":0,"gold_gain":0,"cards_transformed":["Choke"],"player_choice":"Transformed","damage_taken":0,"max_hp_gain":0,"max_hp_loss":0,"event_name":"Transmorgrifier","floor":46,"gold_loss":0,"cards_obtained":["Bouncing Flask"]}],"is_beta":false,"boss_relics":[{"not_picked":["Lizard Tail","Cursed Key"],"picked":"WristBlade"},{"not_picked":["Busted Crown","HoveringKite"],"picked":"Philosopher\u0027s Stone"}],"items_purged_floors":[48],"is_endless":false,"potions_floor_spawned":[3,5,7,8,12,16,27,35,40,45,47],"ascension_level":0}