{"gold_per_floor":[112,125,138,138,157,189,189,207,231,260,260,65,84,97,97,97],"floor_reached":16,"playtime":892,"items_purged":[],"score":125,"play_id":"8f423572-315c-4d6e-b266-1abc2049427f","local_time":"20180716012638","is_ascension_mode":true,"campfire_choices":[{"floor":11,"key":"REST"},{"data":"Seeing Red","floor":15,"key":"SMITH"}],"neow_cost":"NONE","seed_source_timestamp":89855757487583,"circlet_count":0,"master_deck":["Strike_R","Strike_R","Strike_R+1","Strike_R","Defend_R","Defend_R","Defend_R","Defend_R+1","Bash","Thunderclap","Pommel Strike","Disarm","Body Slam","Seeing Red+1","Exhume","Dual Wield","Feel No Pain"],"relics":["Burning Blood","Boot","Regal Pillow","Anchor","Sling"],"potions_floor_usage":[6,10,10,16,16],"damage_taken":[{"damage":9,"enemies":"Jaw Worm","floor":1,"turns":6},{"damage":14,"enemies":"Small Slimes","floor":2,"turns":5},{"damage":1,"enemies":"Cultist","floor":3,"turns":4},{"damage":7,"enemies":"Blue Slaver","floor":5,"turns":6},{"damage":33,"enemies":"Lagavulin","floor":6,"turns":10},{"damage":33,"enemies":"Gremlin Gang","floor":8,"turns":5},{"damage":10,"enemies":"3 Sentries","floor":10,"turns":10},{"damage":11,"enemies":"Large Slime","floor":13,"turns":6},{"damage":0,"enemies":"2 Fungi Beasts","floor":14,"turns":3},{"damage":52,"enemies":"Slime Boss","floor":16,"turns":8}],"seed_played":"1670052717099137556","potions_obtained":[{"floor":1,"key":"EssenceOfSteel"},{"floor":3,"key":"Explosive Potion"},{"floor":6,"key":"BloodPotion"},{"floor":13,"key":"Weak Potion"},{"floor":14,"key":"GamblersBrew"}],"is_trial":false,"path_per_floor":["M","M","M","?","M","E","?","M","T","E","R","$","M","M","R"],"character_chosen":"IRONCLAD","items_purchased":["Sling"],"campfire_rested":1,"item_purchase_floors":[12],"current_hp_per_floor":[77,69,74,79,78,51,34,7,7,11,51,51,46,52,52,0],"gold":97,"neow_bonus":"REMOVE_CARD","is_prod":false,"is_daily":false,"chose_seed":false,"campfire_upgraded":1,"win_rate":0,"timestamp":1531725998,"path_taken":["M","M","M","?","M","E","?","M","T","E","R","?","M","?","R","BOSS"],"build_version":"2018-07-12","purchased_purges":0,"victory":false,"max_hp_per_floor":[80,80,80,85,85,85,85,85,85,85,85,85,85,85,85,85],"card_choices":[{"not_picked":["Uppercut","Sentinel"],"picked":"Thunderclap","floor":1},{"not_picked":["Havoc","Cleave"],"picked":"Pommel Strike","floor":2},{"not_picked":["Headbutt","Intimidate"],"picked":"Disarm","floor":3},{"not_picked":["Intimidate","Hemokinesis"],"picked":"Body Slam","floor":5},{"not_picked":["Metallicize","Headbutt","Warcry"],"picked":"SKIP","floor":6},{"not_picked":["Impervious","Havoc"],"picked":"Seeing Red","floor":8},{"not_picked":["Dual Wield","Warcry"],"picked":"Exhume","floor":10},{"not_picked":["Hemokinesis","Anger"],"picked":"Dual Wield","floor":13},{"not_picked":["Second Wind","Flame Barrier"],"picked":"Feel No Pain","floor":14}],"player_experience":211047,"relics_obtained":[{"floor":6,"key":"Boot"},{"floor":9,"key":"Regal Pillow"},{"floor":10,"key":"Anchor"}],"event_choices":[{"event_name":"Big Fish","player_choice":"Donut","floor":4,"damage_taken":0},{"event_name":"Shining Light","player_choice":"Entered Light","floor":7,"damage_taken":0}],"boss_relics":[],"items_purged_floors":[],"is_endless":false,"potions_floor_spawned":[1,3,6,13,14],"killed_by":"Slime Boss","ascension_level":2}