{"gold_per_floor":[112,32,32,46,58,58,92,92,92,121,47,47,58,76,76,175,175,187,187,40,57,156,156,156,167,167,167,193,193,14,63,63,165,165,181,194,205,205,165,165,198,198,198,198,50,78,94,112,112,112],"floor_reached":50,"playtime":3861,"items_purged":[],"score":606,"play_id":"f52ad36a-2002-4b09-89ff-fd5a0ebd4324","local_time":"20190314120033","is_ascension_mode":true,"campfire_choices":[{"data":"Noxious Fumes","floor":6,"key":"SMITH"},{"floor":8,"key":"REST"},{"floor":15,"key":"REST"},{"floor":23,"key":"REST"},{"floor":27,"key":"REST"},{"floor":29,"key":"REST"},{"floor":32,"key":"REST"},{"floor":40,"key":"REST"},{"floor":42,"key":"REST"},{"data":"Bouncing Flask","floor":44,"key":"SMITH"},{"floor":49,"key":"REST"}],"neow_cost":"NONE","seed_source_timestamp":180461774542566,"circlet_count":0,"master_deck":["Defend_G+1","Defend_G+1","Defend_G+1","Defend_G+1","Strike_G+1","Strike_G+1","Strike_G+1","Strike_G+1","Survivor","Neutralize","Slice","Noxious Fumes+1","Bane","Bouncing Flask","Deflect","Backflip","Tools of the Trade","Deadly Poison+1","Bouncing Flask+1","Catalyst+1","Bullet Time","Deadly Poison+1","Bouncing Flask+1","Parasite","Crippling Poison+1","Backflip"],"relics":["Ring of the Snake","Bag of Marbles","Potion Belt","Kunai","Paper Crane","Ancient Tea Set","Empty Cage","Blood Vial","Dodecahedron","WingedGreaves","Regal Pillow","Art of War","Lizard Tail","Unceasing Top","Orichalcum","Meat on the Bone","War Paint","Bottled Tornado"],"potions_floor_usage":[7,19,28,33,33,37,47,50,50],"damage_taken":[{"damage":0,"enemies":"2 Louse","floor":1,"turns":4},{"damage":2,"enemies":"Cultist","floor":4,"turns":4},{"damage":0,"enemies":"Small Slimes","floor":5,"turns":2},{"damage":12,"enemies":"Lagavulin","floor":7,"turns":6},{"damage":11,"enemies":"3 Sentries","floor":10,"turns":7},{"damage":14,"enemies":"2 Fungi Beasts","floor":13,"turns":4},{"damage":5,"enemies":"Blue Slaver","floor":14,"turns":4},{"damage":9,"enemies":"Slime Boss","floor":16,"turns":10},{"damage":26,"enemies":"3 Byrds","floor":18,"turns":6},{"damage":18,"enemies":"Colosseum Slavers","floor":19,"turns":5},{"damage":19,"enemies":"Spheric Guardian","floor":21,"turns":4},{"damage":1,"enemies":"Chosen and Byrds","floor":25,"turns":5},{"damage":24,"enemies":"Book of Stabbing","floor":28,"turns":7},{"damage":62,"enemies":"Automaton","floor":33,"turns":9},{"damage":8,"enemies":"Orb Walker","floor":35,"turns":4},{"damage":3,"enemies":"3 Shapes","floor":36,"turns":5},{"damage":42,"enemies":"Writhing Mass","floor":37,"turns":6},{"damage":40,"enemies":"Giant Head","floor":41,"turns":7},{"damage":68,"enemies":"Reptomancer","floor":46,"turns":7},{"damage":54,"enemies":"3 Darklings","floor":47,"turns":4},{"damage":7,"enemies":"Maw","floor":48,"turns":6},{"damage":99,"enemies":"Awakened One","floor":50,"turns":8}],"seed_played":"7087784435017894256","potions_obtained":[{"floor":1,"key":"GamblersBrew"},{"floor":5,"key":"Strength Potion"},{"floor":10,"key":"GamblersBrew"},{"floor":12,"key":"Swift Potion"},{"floor":12,"key":"GamblersBrew"},{"floor":12,"key":"FairyPotion"},{"floor":14,"key":"AttackPotion"},{"floor":21,"key":"SpeedPotion"},{"floor":33,"key":"Block Potion"},{"floor":41,"key":"SpeedPotion"},{"floor":47,"key":"SteroidPotion"},{"floor":48,"key":"PowerPotion"}],"is_trial":false,"path_per_floor":["?","?","M","?","?","?","$","T","T","?","M"],"character_chosen":"THE_SILENT","items_purchased":["Noxious Fumes","Bouncing Flask","Blood Vial","Regal Pillow","Deadly Poison","War Paint"],"campfire_rested":9,"item_purchase_floors":[2,11,20,30,30,45],"current_hp_per_floor":[70,70,63,61,61,61,49,70,70,59,59,59,45,40,61,52,70,44,26,26,9,9,30,30,31,31,52,30,51,51,51,70,8,70,62,61,21,21,21,57,19,55,55,55,55,19,22,29,65,0],"gold":112,"neow_bonus":"RANDOM_COMMON_RELIC","is_prod":false,"is_daily":false,"chose_seed":false,"campfire_upgraded":2,"win_rate":0,"timestamp":1552561233,"path_taken":["M","$","?","M","M","R","E","R","T","E","$","?","?","M","R","BOSS","M","?","$","M","?","R","?","M","T","R","E","R","?","?","R","BOSS","M","M","M","?","?","R","E","R","T","R","$","E","?","M","R","BOSS"],"build_version":"2019-01-23","purchased_purges":0,"victory":false,"max_hp_per_floor":[70,70,70,70,70,70,70,70,70,70,70,70,70,70,70,70,70,70,70,70,70,70,70,70,70,70,70,70,70,70,70,70,70,70,70,70,70,70,70,70,70,70,70,70,70,70,70,70,70,70],"card_choices":[{"not_picked":["Flechettes","Prepared"],"picked":"Slice","floor":1},{"not_picked":["Flying Knee","PiercingWail"],"picked":"Bane","floor":4},{"not_picked":["Choke","PiercingWail","Predator"],"picked":"SKIP","floor":5},{"not_picked":["Blur","Dash","Doppelganger"],"picked":"SKIP","floor":7},{"not_picked":["Dagger Throw","Sucker Punch","Dash"],"picked":"SKIP","floor":10},{"not_picked":["Choke","Prepared"],"picked":"Deflect","floor":13},{"not_picked":["Leg Sweep","Finisher"],"picked":"Backflip","floor":14},{"not_picked":["Doppelganger","Storm of Steel"],"picked":"Tools of the Trade","floor":16},{"not_picked":["Outmaneuver","Dodge and Roll"],"picked":"Deadly Poison+1","floor":18},{"not_picked":["Sucker Punch","Blade Dance"],"picked":"Bouncing Flask","floor":21},{"not_picked":["Backflip","Glass Knife"],"picked":"Catalyst","floor":25},{"not_picked":["Acrobatics+1","Outmaneuver"],"picked":"Bullet Time","floor":28},{"not_picked":["Sucker Punch+1","Caltrops"],"picked":"Bouncing Flask+1","floor":35},{"not_picked":["Dodge and Roll","Terror","Infinite Blades"],"picked":"SKIP","floor":36},{"not_picked":["Calculated Gamble","Prepared+1","Underhanded Strike"],"picked":"SKIP","floor":37},{"not_picked":["Eviscerate+1","Dagger Spray"],"picked":"Crippling Poison","floor":41},{"not_picked":["Slice","Flying Knee"],"picked":"Backflip","floor":46},{"not_picked":["Footwork+1","Slice+1","Dagger Spray"],"picked":"SKIP","floor":47},{"not_picked":["Infinite Blades","Outmaneuver","Sucker Punch"],"picked":"SKIP","floor":48}],"player_experience":280173,"relics_obtained":[{"floor":7,"key":"Kunai"},{"floor":9,"key":"Paper Crane"},{"floor":10,"key":"Ancient Tea Set"},{"floor":26,"key":"Dodecahedron"},{"floor":28,"key":"WingedGreaves"},{"floor":31,"key":"Art of War"},{"floor":38,"key":"Unceasing Top"},{"floor":41,"key":"Orichalcum"},{"floor":43,"key":"Meat on the Bone"},{"floor":46,"key":"Bottled Tornado"}],"event_choices":[{"damage_healed":0,"gold_gain":0,"player_choice":"Success","damage_taken":7,"relics_obtained":["Potion Belt"],"max_hp_gain":0,"max_hp_loss":0,"event_name":"Scrap Ooze","floor":3,"gold_loss":0},{"damage_healed":0,"gold_gain":0,"player_choice":"Got Potions","damage_taken":0,"max_hp_gain":0,"max_hp_loss":0,"event_name":"Lab","floor":12,"gold_loss":0},{"damage_healed":0,"gold_gain":0,"player_choice":"Fight","damage_taken":0,"max_hp_gain":0,"max_hp_loss":0,"event_name":"Colosseum","floor":19,"gold_loss":0},{"damage_healed":0,"gold_gain":0,"player_choice":"Fled From Nobs","damage_taken":0,"max_hp_gain":0,"max_hp_loss":0,"event_name":"Colosseum","floor":19,"gold_loss":0},{"damage_healed":0,"gold_gain":99,"player_choice":"Stole From Cult","damage_taken":0,"max_hp_gain":0,"max_hp_loss":0,"event_name":"Nest","floor":22,"gold_loss":0},{"damage_healed":0,"gold_gain":0,"player_choice":"Simplicity","damage_taken":0,"max_hp_gain":0,"max_hp_loss":0,"event_name":"Back to Basics","floor":24,"gold_loss":0,"cards_upgraded":["Defend_G","Defend_G","Defend_G","Defend_G","Strike_G","Strike_G","Strike_G","Strike_G"]},{"damage_healed":0,"gold_gain":0,"player_choice":"Upgrade","damage_taken":0,"max_hp_gain":0,"max_hp_loss":0,"event_name":"Designer","floor":39,"gold_loss":40,"cards_upgraded":["Catalyst"]}],"is_beta":false,"boss_relics":[{"not_picked":["White Beast Statue","Eternal Feather"],"picked":"Empty Cage"},{"not_picked":["WristBlade","Calling Bell"],"picked":"Lizard Tail"}],"items_purged_floors":[],"is_endless":false,"potions_floor_spawned":[1,5,10,14,18,21,33,41,47,48],"killed_by":"Awakened One","ascension_level":2}