{"path_per_floor":["M","?","?","T","M","E","M","R","T","M","R","M","M","M","R","B",null,"M","$","M","M","?","E","M","M","T","?","?","R","$","?","R","B",null,"M","?","?","$","M","R","E","?","T","M","E","$","M","M","R","B"],"character_chosen":"DEFECT","items_purchased":["Defragment","Leap","Capacitor","Capacitor","Loop"],"gold_per_floor":[118,98,98,98,108,137,148,148,148,162,162,177,196,213,213,313,313,323,154,174,184,184,209,220,238,238,238,238,238,89,89,89,184,184,195,195,195,145,156,156,156,156,182,199,227,157,172,184,184,184],"floor_reached":51,"campfire_rested":4,"playtime":4156,"current_hp_per_floor":[75,75,75,75,75,75,68,68,68,59,59,54,51,47,47,8,75,75,75,66,66,66,41,22,22,22,22,22,44,44,44,66,55,75,30,30,30,30,14,36,36,36,36,36,36,36,33,33,55,36],"items_purged":["Normality","Decay"],"gold":184,"score":905,"play_id":"c70dca1c-b9fe-4300-9bf4-5fd93d0deeda","local_time":"20180512161118","is_prod":false,"is_daily":false,"chose_seed":false,"is_ascension_mode":true,"campfire_upgraded":3,"timestamp":1526159478,"path_taken":["M","?","?","?","M","E","M","R","T","M","R","M","M","?","R","BOSS","M","$","M","M","?","E","?","M","T","?","?","R","$","?","R","BOSS","M","?","?","$","?","R","E","?","T","M","E","?","M","M","R","BOSS"],"build_version":"2018-05-12","seed_source_timestamp":316241086441051,"purchased_purges":3,"victory":true,"master_deck":["Strike_B+1","Strike_B+1","Strike_B+1","Strike_B+1","Defend_B+1","Defend_B+1","Defend_B+1","Defend_B+1","Zap+1","Dualcast","Zap","Buffer+1","Barrage","Beam Cell","Melter","Go for the Eyes","Static Discharge+1","Echo Form","Sweeping Beam+1","Defragment","Leap","Glacier+1","White Noise","Capacitor","Ball Lightning","Capacitor","Loop","Reboot","Loop"],"max_hp_per_floor":[75,75,75,75,75,75,75,75,75,75,75,75,75,75,75,75,75,75,75,75,75,75,75,75,75,75,75,75,75,75,75,75,75,75,75,75,75,75,75,75,75,75,75,75,75,75,75,75,75,75],"relics":["Cracked Core","NeowsBlessing","Dodecahedron","Emotion Chip","Cables","Calling Bell","Bronze Scales","Mummified Hand","Thread and Needle","Vajra","Centennial Puzzle","Lizard Tail","Potion Belt","Bag of Preparation"],"card_choices":[{"not_picked":["Axe Kick","Turbo","Hologram"],"picked":"SKIP","floor":1.0},{"not_picked":["Leap","Steam"],"picked":"Barrage","floor":5.0},{"not_picked":["Stack","Blizzard"],"picked":"Beam Cell","floor":6.0},{"not_picked":["Leap","Undo"],"picked":"Melter","floor":7.0},{"not_picked":["Skim","Hologram"],"picked":"Go for the Eyes","floor":10.0},{"not_picked":["Skim","Go for the Eyes","Fission"],"picked":"SKIP","floor":12.0},{"not_picked":["Steam Power","Leap"],"picked":"Static Discharge","floor":13.0},{"not_picked":["Stack","Turbo","Recycle"],"picked":"SKIP","floor":14.0},{"not_picked":["Rainbow","Buffer"],"picked":"Echo Form","floor":16.0},{"not_picked":["Impulse","Steam"],"picked":"Sweeping Beam+1","floor":18.0},{"not_picked":["Rebound","Cold Snap","Skim+1"],"picked":"SKIP","floor":20.0},{"not_picked":["Fusion","Go for the Eyes"],"picked":"Glacier+1","floor":21.0},{"not_picked":["Steam+1","Coolheaded","Rebound"],"picked":"SKIP","floor":23.0},{"not_picked":["Steam","Turbo","Consume"],"picked":"SKIP","floor":24.0},{"not_picked":["Skim+1","Redo","Leap"],"picked":"SKIP","floor":25.0},{"not_picked":["All For One","Rainbow"],"picked":"Amplify","floor":33.0},{"not_picked":["Barrage","Turbo"],"picked":"Ball Lightning","floor":35.0},{"not_picked":["Coolheaded","Aggregate"],"picked":"Loop","floor":39.0},{"not_picked":["Coolheaded+1","Cold Snap+1","Streamline"],"picked":"SKIP","floor":44.0},{"not_picked":["Skim+1","Go for the Eyes+1"],"picked":"Reboot","floor":45},{"not_picked":["Aggregate+1","Cold Snap","Hologram+1"],"picked":"SKIP","floor":47},{"not_picked":["Scrape+1","Sweeping Beam","Steam"],"picked":"SKIP","floor":48}],"player_experience":102114,"potions_floor_usage":[45,50,50],"damage_taken":[{"damage":0.0,"enemies":"Small Slimes","floor":1.0,"turns":1.0},{"damage":0.0,"enemies":"Cultist","floor":5.0,"turns":1.0},{"damage":0.0,"enemies":"3 Sentries","floor":6.0,"turns":1.0},{"damage":7.0,"enemies":"Jaw Worm","floor":7.0,"turns":2.0},{"damage":9.0,"enemies":"Red Slaver","floor":10.0,"turns":4.0},{"damage":5.0,"enemies":"2 Fungi Beasts","floor":12.0,"turns":2.0},{"damage":3.0,"enemies":"Blue Slaver","floor":13.0,"turns":3.0},{"damage":4.0,"enemies":"Red Slaver","floor":14.0,"turns":2.0},{"damage":39.0,"enemies":"The Guardian","floor":16.0,"turns":8.0},{"damage":0.0,"enemies":"Chosen","floor":18.0,"turns":4.0},{"damage":9.0,"enemies":"Shell Parasite","floor":20.0,"turns":3.0},{"damage":0.0,"enemies":"Chosen and Byrds","floor":21.0,"turns":4.0},{"damage":25.0,"enemies":"Slavers","floor":23.0,"turns":6.0},{"damage":19.0,"enemies":"Snake Plant","floor":24.0,"turns":4.0},{"damage":0.0,"enemies":"Centurion and Healer","floor":25.0,"turns":6.0},{"damage":11.0,"enemies":"Champ","floor":33.0,"turns":9.0},{"damage":45.0,"enemies":"3 Darklings","floor":35.0,"turns":5.0},{"damage":16.0,"enemies":"Orb Walker","floor":39.0,"turns":3.0},{"damage":0.0,"enemies":"2 Orb Walkers","floor":41.0,"turns":1.0},{"damage":0.0,"enemies":"Sphere and 2 Shapes","floor":44.0,"turns":4.0},{"damage":0,"enemies":"Giant Head","floor":45,"turns":9},{"damage":3,"enemies":"Spire Growth","floor":47,"turns":6},{"damage":0,"enemies":"4 Shapes","floor":48,"turns":5},{"damage":19,"enemies":"Time Eater","floor":50,"turns":11}],"event_choices":[{"event_name":"The Woman in Blue","player_choice":"Bought 1 Potion","floor":2.0,"damage_taken":0.0},{"event_name":"Match and Keep!","player_choice":"2 cards matched","floor":3.0,"damage_taken":0.0},{"event_name":"The Library","player_choice":"Read","floor":22.0,"damage_taken":0.0},{"event_name":"Back to Basics","player_choice":"Simplicity","floor":27.0,"damage_taken":0.0},{"event_name":"Forgotten Altar","player_choice":"Smashed Altar","floor":28.0,"damage_taken":0.0},{"event_name":"Vampires","player_choice":"Ignored","floor":31.0,"damage_taken":0.0},{"event_name":"Fountain of Cleansing","player_choice":"Removed Curse","floor":37.0,"damage_taken":0.0},{"event_name":"The Moai Head","player_choice":"Ignored","floor":42.0,"damage_taken":0.0}],"boss_relics":[],"potions_floor_spawned":[6,7,13,16,20,25,39,45,47],"seed_played":"-141536275177423310","ascension_level":4,"is_trial":false}