{"gold_per_floor":[109,109,127,127,144,144,158,158,158,1,76,76,76,124,124,228,228,240,253,233,233,246,246,261,261,261,279,279,292,292],"floor_reached":30,"playtime":832,"items_purged":["Strike_R"],"score":270,"play_id":"c0b0c63c-15e5-488f-b334-114c20aa8b41","local_time":"20180802114821","is_ascension_mode":false,"campfire_choices":[{"data":"Limit Break","floor":6,"key":"SMITH"},{"data":"Inflame","floor":12,"key":"SMITH"},{"data":"Heavy Blade","floor":15,"key":"SMITH"},{"data":"Berserk","floor":23,"key":"SMITH"},{"data":"Pummel","floor":25,"key":"SMITH"}],"neow_cost":"NONE","seed_source_timestamp":1595819500739337,"circlet_count":0,"master_deck":["Strike_R","Strike_R","Strike_R","Defend_R","Defend_R","Defend_R","Defend_R","Bash","Limit Break+1","Inflame+1","Heavy Blade+1","Cleave","Disarm","Pummel+1","Berserk+1","Pummel","Spot Weakness","Metallicize+1","Clash+1","Armaments+1"],"relics":["Black Blood"],"potions_floor_usage":[18,24,24,27,29],"damage_taken":[{"damage":5,"enemies":"Small Slimes","floor":1,"turns":3},{"damage":6,"enemies":"Jaw Worm","floor":3,"turns":4},{"damage":6,"enemies":"Cultist","floor":5,"turns":4},{"damage":22,"enemies":"2 Fungi Beasts","floor":7,"turns":4},{"damage":0,"enemies":"Slime Boss","floor":16,"turns":5},{"damage":24,"enemies":"Spheric Guardian","floor":18,"turns":5},{"damage":11,"enemies":"Chosen","floor":19,"turns":5},{"damage":3,"enemies":"Snecko","floor":22,"turns":3},{"damage":30,"enemies":"Cultist and Chosen","floor":24,"turns":5},{"damage":13,"enemies":"Centurion and Healer","floor":27,"turns":5},{"damage":44,"enemies":"3 Cultists","floor":29,"turns":5},{"damage":20,"enemies":"Snake Plant","floor":30,"turns":1}],"seed_played":"-6364204834892624614","potions_obtained":[{"floor":1,"key":"Regen Potion"},{"floor":5,"key":"BloodPotion"},{"floor":20,"key":"Weak Potion"},{"floor":22,"key":"PowerPotion"},{"floor":27,"key":"AttackPotion"}],"is_trial":false,"path_per_floor":["M","?","M","?","M","R","M","?","T","$","?","R","?","T","R","B",null,"M","M","?","?","M","R","M","R","T","M","?","M"],"character_chosen":"IRONCLAD","items_purchased":["Pummel"],"campfire_rested":0,"item_purchase_floors":[10],"current_hp_per_floor":[80,80,80,80,80,80,64,69,69,69,58,58,58,58,58,64,85,76,75,75,59,66,66,46,46,46,52,52,18,0],"gold":292,"neow_bonus":"ONE_RANDOM_RARE_CARD","is_prod":false,"is_daily":false,"chose_seed":false,"campfire_upgraded":5,"win_rate":0,"timestamp":1533232101,"path_taken":["M","?","M","?","?","R","M","?","T","$","?","R","?","?","R","BOSS","M","M","?","?","M","R","M","R","T","?","?","M","M"],"build_version":"2018-07-26","purchased_purges":1,"victory":false,"max_hp_per_floor":[80,80,80,80,80,80,80,85,85,85,85,85,85,85,85,85,85,85,85,85,90,90,90,90,90,90,90,90,90,90],"card_choices":[{"not_picked":["Sword Boomerang","Second Wind"],"picked":"Inflame","floor":1},{"not_picked":["Anger","Warcry"],"picked":"Heavy Blade","floor":3},{"not_picked":["Heavy Blade","Combust"],"picked":"Cleave","floor":5},{"not_picked":["Headbutt","Rampage"],"picked":"Disarm","floor":7},{"not_picked":["Impervious","Feed"],"picked":"Berserk","floor":16},{"not_picked":["Burning Pact","Clash"],"picked":"Pummel","floor":18},{"not_picked":["True Grit","Fire Breathing","Perfected Strike"],"picked":"SKIP","floor":19},{"not_picked":["Heavy Blade","Clothesline+1"],"picked":"Spot Weakness","floor":22},{"not_picked":["Fire Breathing","Second Wind"],"picked":"Metallicize+1","floor":24},{"not_picked":["Heavy Blade","Wild Strike"],"picked":"Clash+1","floor":27},{"not_picked":["Disarm","Perfected Strike"],"picked":"Armaments+1","floor":29}],"player_experience":326253,"relics_obtained":[],"event_choices":[{"event_name":"Liars Game","player_choice":"disagreed","floor":2,"damage_taken":0},{"event_name":"Purifier","player_choice":"One Purge","floor":4,"damage_taken":0},{"event_name":"Big Fish","player_choice":"Donut","floor":8,"damage_taken":0},{"event_name":"World of Goop","player_choice":"Gather Gold","floor":11,"damage_taken":0},{"event_name":"Dead Adventurer","player_choice":"Searched \u00270\u0027 times","floor":13,"damage_taken":0},{"event_name":"The Woman in Blue","player_choice":"Bought 1 Potion","floor":20,"damage_taken":0},{"event_name":"Forgotten Altar","player_choice":"Shed Blood","floor":21,"damage_taken":0},{"event_name":"Addict","player_choice":"Ignored","floor":28,"damage_taken":0}],"is_beta":false,"boss_relics":[{"not_picked":["Velvet Choker","Coffee Dripper"],"picked":"Black Blood"}],"items_purged_floors":[10],"is_endless":false,"potions_floor_spawned":[1,5,22,27],"killed_by":"Snake Plant","ascension_level":0}