{"gold_per_floor":[114,127,147,164,89,89,108,127,151,184,184,84,84,94,94,192,192,206,81,96,96,96,96,122,122,122,152,2,17,29,48,48,144,144,154,154,171,171,184,184,184,9,9,19,31,51,63,78,78,78],"floor_reached":51,"playtime":2331,"items_purged":["Strike_R","Strike_R","Defend_R","Strike_R+1","Flame Barrier+1"],"score":795,"play_id":"c409be36-2be3-49e5-a539-53b86928b05e","local_time":"20180713144134","is_ascension_mode":false,"campfire_choices":[{"data":"Shrug It Off","floor":6.0,"key":"SMITH"},{"data":"Bash","floor":11.0,"key":"SMITH"},{"data":"Strike_R","floor":15.0,"key":"SMITH"},{"data":"Defend_R","floor":23.0,"key":"SMITH"},{"data":"Defend_R","floor":25.0,"key":"SMITH"},{"floor":32.0,"key":"REST"},{"floor":40.0,"key":"REST"},{"floor":49,"key":"REST"}],"neow_cost":"","seed_source_timestamp":0,"circlet_count":0,"master_deck":["Defend_R+1","Bash+1","Shrug It Off+1","Sword Boomerang+1","Limit Break+1"],"special_seed":0,"relics":["Burning Blood","Vajra","Gremlin Horn","Red Skull","Astrolabe","Bronze Scales","Bottled Lightning","Ancient Tea Set","Black Star","Matryoshka"],"potions_floor_usage":[47,48,50,50],"damage_taken":[{"damage":1.0,"enemies":"Cultist","floor":1.0,"turns":4.0},{"damage":9.0,"enemies":"Small Slimes","floor":2.0,"turns":4.0},{"damage":6.0,"enemies":"2 Louse","floor":3.0,"turns":4.0},{"damage":6.0,"enemies":"Red Slaver","floor":4.0,"turns":5.0},{"damage":2.0,"enemies":"Exordium Wildlife","floor":7.0,"turns":4.0},{"damage":0.0,"enemies":"3 Louse","floor":8.0,"turns":6.0},{"damage":54.0,"enemies":"Lagavulin","floor":10.0,"turns":10.0},{"damage":10.0,"enemies":"Large Slime","floor":14.0,"turns":6.0},{"damage":22.0,"enemies":"Slime Boss","floor":16.0,"turns":13.0},{"damage":19.0,"enemies":"Shell Parasite","floor":18.0,"turns":6.0},{"damage":9.0,"enemies":"Spheric Guardian","floor":20.0,"turns":5.0},{"damage":5.0,"enemies":"Book of Stabbing","floor":24.0,"turns":4.0},{"damage":28.0,"enemies":"Gremlin Leader","floor":27.0,"turns":6.0},{"damage":2.0,"enemies":"3 Cultists","floor":29.0,"turns":3.0},{"damage":0.0,"enemies":"Snecko","floor":30.0,"turns":3.0},{"damage":0.0,"enemies":"Snake Plant","floor":31.0,"turns":2.0},{"damage":44.0,"enemies":"Automaton","floor":33.0,"turns":7.0},{"damage":22.0,"enemies":"3 Darklings","floor":35.0,"turns":7.0},{"damage":26.0,"enemies":"Flame Bruiser 1 Orb","floor":37.0,"turns":6.0},{"damage":26.0,"enemies":"Sphere and 2 Shapes","floor":39.0,"turns":4.0},{"damage":13.0,"enemies":"Maw","floor":44.0,"turns":5.0},{"damage":16,"enemies":"3 Darklings","floor":45,"turns":4},{"damage":0,"enemies":"Transient","floor":46,"turns":5},{"damage":34,"enemies":"Spire Growth","floor":47,"turns":4},{"damage":0,"enemies":"3 Darklings","floor":48,"turns":3},{"damage":24,"enemies":"Time Eater","floor":50,"turns":7}],"seed_played":"7711437419456533005","potions_obtained":[{"floor":3.0,"key":"Swift Potion"},{"floor":8.0,"key":"Dexterity Potion"},{"floor":14.0,"key":"FearPotion"},{"floor":16.0,"key":"BloodPotion"},{"floor":18.0,"key":"Energy Potion"},{"floor":31.0,"key":"Energy Potion"},{"floor":39.0,"key":"Poison Potion"},{"floor":45,"key":"PowerPotion"},{"floor":48,"key":"Block Potion"}],"is_trial":false,"path_per_floor":["M","M","M","M","$","R","M","M","T","E","R","$","?","M","R","B",null,"M","$","M","?","?","R","E","R","T","E","$","M","M","M","R","B",null,"M","?","M","?","M","R","?","$","T","M","M","M","M","M","R","B"],"character_chosen":"IRONCLAD","items_purchased":[],"campfire_rested":3,"item_purchase_floors":[],"current_hp_per_floor":[80,77,77,77,77,77,80,80,80,32,32,32,29,25,25,9,80,67,67,64,64,49,49,50,50,50,28,28,32,38,44,69,31,85,69,69,49,49,29,54,54,54,54,47,37,43,23,29,54,36],"gold":78,"neow_bonus":"","is_prod":false,"is_daily":false,"chose_seed":false,"campfire_upgraded":5,"win_rate":0,"timestamp":1531514494,"path_taken":["M","?","M","M","$","R","M","?","T","E","R","?","?","M","R","BOSS","M","$","M","?","?","R","E","R","T","E","$","M","M","?","R","BOSS","M","?","M","?","M","R","?","$","T","M","M","M","M","M","R","BOSS"],"build_version":"2018-07-12","purchased_purges":5,"victory":true,"max_hp_per_floor":[80,80,80,80,80,80,80,80,80,80,80,80,80,80,80,80,80,80,80,80,80,85,85,85,85,85,85,85,85,85,85,85,85,85,85,85,85,85,85,85,85,85,85,85,85,85,85,85,85,85],"card_choices":[{"not_picked":["Armaments","Perfected Strike","Thunderclap"],"picked":"SKIP","floor":1.0},{"not_picked":["Battle Trance","Infernal Blade","Perfected Strike"],"picked":"SKIP","floor":2.0},{"not_picked":["Havoc","Armaments"],"picked":"Shrug It Off","floor":3.0},{"not_picked":["Wild Strike","Whirlwind","Rampage"],"picked":"SKIP","floor":4.0},{"not_picked":["Evolve","Flex","Pommel Strike"],"picked":"SKIP","floor":7.0},{"not_picked":["Bludgeon","Carnage","Wild Strike"],"picked":"SKIP","floor":8.0},{"not_picked":["Bludgeon","Sever Soul","Flex"],"picked":"SKIP","floor":10.0},{"not_picked":["Havoc","Heavy Blade","Warcry"],"picked":"SKIP","floor":14.0},{"not_picked":["Sword Boomerang+1","Shrug It Off","Flex"],"picked":"SKIP","floor":18.0},{"not_picked":["Twin Strike+1","Armaments","True Grit"],"picked":"SKIP","floor":20.0},{"not_picked":["Anger","Shrug It Off","Searing Blow"],"picked":"SKIP","floor":24.0},{"not_picked":["Twin Strike","Infernal Blade","Sword Boomerang+1"],"picked":"SKIP","floor":27.0},{"not_picked":["Offering","Body Slam","Entrench+1"],"picked":"SKIP","floor":29.0},{"not_picked":["Perfected Strike","Power Through","Shrug It Off"],"picked":"SKIP","floor":30.0},{"not_picked":["Intimidate","Anger","Bloodletting+1"],"picked":"SKIP","floor":31.0},{"not_picked":["Corruption+1","Inflame","Blood for Blood"],"picked":"SKIP","floor":35.0},{"not_picked":["Perfected Strike+1","Whirlwind","Disarm"],"picked":"SKIP","floor":37.0},{"not_picked":["Blood for Blood+1","Clothesline","Shrug It Off+1"],"picked":"SKIP","floor":39.0},{"not_picked":["Wild Strike+1","Clothesline+1","Heavy Blade+1"],"picked":"SKIP","floor":44},{"not_picked":["Havoc","Pommel Strike","Shrug It Off"],"picked":"SKIP","floor":45},{"not_picked":["Twin Strike+1","Clothesline+1","Sentinel"],"picked":"SKIP","floor":46},{"not_picked":["Bloodletting+1","Blood for Blood","Rage"],"picked":"SKIP","floor":47},{"not_picked":["Flame Barrier+1","Flex+1","Entrench+1"],"picked":"SKIP","floor":48}],"player_experience":195074,"relics_obtained":[{"floor":9.0,"key":"Vajra"},{"floor":10.0,"key":"Gremlin Horn"},{"floor":24.0,"key":"Bronze Scales"},{"floor":26.0,"key":"Bottled Lightning"},{"floor":27.0,"key":"Ancient Tea Set"},{"floor":43.0,"key":"Matryoshka"}],"event_choices":[{"event_name":"Scrap Ooze","player_choice":"success","floor":13.0,"damage_taken":3.0},{"event_name":"Drug Dealer","player_choice":"Ignored","floor":21.0,"damage_taken":0.0},{"event_name":"Forgotten Altar","player_choice":"Shed Blood","floor":22.0,"damage_taken":0.0},{"event_name":"Accursed Blacksmith","player_choice":"Ignore","floor":36.0,"damage_taken":0.0},{"event_name":"Falling","player_choice":"Removed Skill","floor":38.0,"damage_taken":0.0},{"event_name":"SensoryStone","player_choice":"Memory 1","floor":41.0,"damage_taken":0.0}],"boss_relics":[{"not_picked":["Snecko Eye","Ectoplasm"],"picked":"Astrolabe"},{"not_picked":["Runic Cube","Tiny House"],"picked":"Black Star"}],"items_purged_floors":[5,12,19,28,42],"is_endless":false,"potions_floor_spawned":[3,8,14,16,18,31,39,45,46,48],"ascension_level":0}