{"gold_per_floor":[109,125,20,40,59,86,86,98,170,170,184,184,184,240,240,344,344,364,364,374,374,389,417,417,427,452,452,462,3,19,19,19,123,123,143,154,165,176,194,194,194,194,194,208,208,219,219,219],"floor_reached":48,"playtime":3117,"items_purged":["Strike_G"],"score":508,"play_id":"8e135538-a308-4eb6-8902-37fb45ec1549","local_time":"20180704020245","is_ascension_mode":false,"campfire_choices":[{"data":"Die Die Die","floor":7,"key":"SMITH"},{"floor":10,"key":"REST"},{"data":"Infinite Blades","floor":13,"key":"SMITH"},{"data":"Tools of the Trade","floor":15,"key":"SMITH"},{"floor":24,"key":"REST"},{"floor":27,"key":"REST"},{"floor":32,"key":"REST"},{"data":"Envenom","floor":40,"key":"SMITH"},{"data":"Phantasmal Killer","floor":45,"key":"SMITH"},{"floor":47,"key":"REST"}],"neow_cost":"NONE","seed_source_timestamp":198009328513499,"circlet_count":0,"master_deck":["Defend_G","Defend_G","Defend_G","Defend_G","Defend_G","Strike_G","Strike_G","Survivor","Neutralize","Flying Knee","Deflect","Infinite Blades+1","Outmaneuver","Tools of the Trade+1","PiercingWail","Die Die Die+1","Flying Knee","Dash","Flying Knee","Phantasmal Killer+1","Sucker Punch+1","Tools of the Trade","Flying Knee","Concentrate","Prepared+1","Crippling Poison","A Thousand Cuts","Backstab+1","Envenom+1","Crippling Poison+1","Dash+1","Madness","Madness","Panacea","Regret"],"relics":["Ring of the Snake","NeowsBlessing","Ancient Tea Set","Letter Opener","Bird Faced Urn","White Beast Statue","Nilry\u0027s Codex","Snake Skull","Boot","Mummified Hand","Cursed Key","Meat on the Bone"],"potions_floor_usage":[6,6,25,28,28,28,48,48],"damage_taken":[{"damage":0,"enemies":"Jaw Worm","floor":1,"turns":1},{"damage":0,"enemies":"Cultist","floor":2,"turns":1},{"damage":0,"enemies":"2 Louse","floor":4,"turns":1},{"damage":12,"enemies":"2 Fungi Beasts","floor":5,"turns":4},{"damage":24,"enemies":"Lagavulin","floor":6,"turns":7},{"damage":4,"enemies":"Blue Slaver","floor":8,"turns":4},{"damage":0,"enemies":"Looter","floor":11,"turns":4},{"damage":6,"enemies":"3 Sentries","floor":14,"turns":4},{"damage":39,"enemies":"Hexaghost","floor":16,"turns":13},{"damage":3,"enemies":"3 Byrds","floor":18,"turns":5},{"damage":12,"enemies":"Shell Parasite","floor":20,"turns":6},{"damage":7,"enemies":"Cultist and Chosen","floor":22,"turns":6},{"damage":46,"enemies":"Book of Stabbing","floor":23,"turns":7},{"damage":31,"enemies":"3 Cultists","floor":25,"turns":5},{"damage":17,"enemies":"Centurion and Healer","floor":28,"turns":5},{"damage":4,"enemies":"Cultist and Chosen","floor":30,"turns":5},{"damage":45,"enemies":"Champ","floor":33,"turns":10},{"damage":11,"enemies":"3 Shapes","floor":35,"turns":2},{"damage":9,"enemies":"3 Darklings","floor":36,"turns":4},{"damage":8,"enemies":"4 Shapes","floor":37,"turns":4},{"damage":0,"enemies":"Sphere and 2 Shapes","floor":38,"turns":5},{"damage":42,"enemies":"3 Darklings","floor":39,"turns":5},{"damage":13,"enemies":"4 Shapes","floor":44,"turns":4},{"damage":22,"enemies":"Sphere and 2 Shapes","floor":46,"turns":7},{"damage":83,"enemies":"Giant Head","floor":48,"turns":9}],"seed_played":"4355262735453834063","potions_obtained":[{"floor":2,"key":"SteroidPotion"},{"floor":5,"key":"Strength Potion"},{"floor":8,"key":"Regen Potion"},{"floor":14,"key":"GamblersBrew"},{"floor":16,"key":"Ancient Potion"},{"floor":23,"key":"Energy Potion"},{"floor":25,"key":"EntropicBrew"},{"floor":28,"key":"Poison Potion"},{"floor":33,"key":"GamblersBrew"},{"floor":35,"key":"Strength Potion"},{"floor":44,"key":"GhostInAJar"}],"is_trial":false,"path_per_floor":["M","M","$","M","M","E","R","M","T","R","M","?","R","?","R","B",null,"M","?","M","?","M","E","R","M","T","R","M","$","M","$","R","B",null,"M","M","M","M","M","R","?","?","T","M","R","M","R"],"character_chosen":"THE_SILENT","items_purchased":["Infinite Blades","Outmaneuver","Mummified Hand","A Thousand Cuts"],"campfire_rested":5,"item_purchase_floors":[3,3,29,29],"current_hp_per_floor":[70,70,70,70,58,34,34,30,30,51,51,51,51,45,45,10,70,69,69,58,42,43,1,22,9,9,30,19,19,23,23,44,15,70,59,60,60,68,32,32,23,23,23,30,30,38,59,0],"gold":219,"neow_bonus":"THREE_ENEMY_KILL","is_prod":false,"is_daily":false,"chose_seed":false,"campfire_upgraded":5,"win_rate":0.0,"timestamp":1530691365,"path_taken":["M","M","$","M","M","E","R","M","T","R","M","?","R","?","R","BOSS","M","?","M","?","M","E","R","M","T","R","M","$","M","?","R","BOSS","M","M","M","M","M","R","?","?","T","M","R","M","R","E"],"build_version":"2018-06-28","purchased_purges":1,"victory":false,"max_hp_per_floor":[70,70,70,70,70,70,70,70,70,70,70,70,70,70,70,70,70,70,70,70,70,70,70,70,70,70,70,70,70,70,70,70,70,70,70,70,70,70,70,70,70,70,70,70,70,70,70,70],"card_choices":[{"not_picked":["PiercingWail","Backflip"],"picked":"Flying Knee","floor":1},{"not_picked":["Underhanded Strike","Accuracy"],"picked":"Deflect","floor":2},{"not_picked":["Deflect","Dagger Spray"],"picked":"Tools of the Trade","floor":4},{"not_picked":["Bouncing Flask","Underhanded Strike"],"picked":"PiercingWail","floor":5},{"not_picked":["Bane","Deflect"],"picked":"Die Die Die","floor":6},{"not_picked":["Underhanded Strike","Bouncing Flask"],"picked":"Flying Knee","floor":8},{"not_picked":["Cloak And Dagger","Choke"],"picked":"Dash","floor":11},{"not_picked":["Dagger Throw","Skewer"],"picked":"Flying Knee","floor":14},{"not_picked":["Night Terror","Venomology"],"picked":"Phantasmal Killer","floor":16},{"not_picked":["Acrobatics","Poisoned Stab"],"picked":"Sucker Punch+1","floor":18},{"not_picked":["Malaise","Dodge and Roll+1"],"picked":"Flying Knee","floor":20},{"not_picked":["Predator","Skewer+1"],"picked":"Concentrate","floor":22},{"not_picked":["Underhanded Strike","Bane"],"picked":"Prepared+1","floor":23},{"not_picked":["Underhanded Strike","Dagger Throw"],"picked":"Crippling Poison","floor":25},{"not_picked":["Acrobatics+1","Underhanded Strike+1","Dagger Throw"],"picked":"SKIP","floor":28},{"not_picked":["Unload","Sucker Punch"],"picked":"Backstab+1","floor":30},{"not_picked":["Bullet Time","Die Die Die"],"picked":"Envenom","floor":33},{"not_picked":["Acrobatics","Bane","Predator+1"],"picked":"SKIP","floor":35},{"not_picked":["Deadly Poison+1","Acrobatics","Poisoned Stab"],"picked":"SKIP","floor":36},{"not_picked":["Dagger Throw+1","Underhanded Strike+1"],"picked":"Crippling Poison+1","floor":37},{"not_picked":["Outmaneuver","Cloak And Dagger"],"picked":"Dash+1","floor":38},{"not_picked":["Prepared+1","Sucker Punch+1","Dodge and Roll"],"picked":"SKIP","floor":39},{"not_picked":["Apotheosis","Dramatic Entrance"],"picked":"Panacea","floor":42},{"not_picked":["Dagger Throw+1","Deflect+1","PiercingWail"],"picked":"SKIP","floor":44},{"not_picked":["Dagger Spray","Finisher","Dagger Throw+1"],"picked":"SKIP","floor":46}],"player_experience":142962,"relics_obtained":[{"floor":6,"key":"Ancient Tea Set"},{"floor":9,"key":"Letter Opener"},{"floor":14,"key":"Bird Faced Urn"},{"floor":21,"key":"Nilry\u0027s Codex"},{"floor":23,"key":"Snake Skull"},{"floor":26,"key":"Boot"},{"floor":43,"key":"Meat on the Bone"}],"event_choices":[{"event_name":"Bonfire Elementals","player_choice":"BASIC","floor":12,"damage_taken":0},{"event_name":"Dead Adventurer","player_choice":"Searched \u00271\u0027 times","floor":14,"damage_taken":0},{"event_name":"Transmorgrifier","player_choice":"Transform","floor":19,"damage_taken":0},{"event_name":"Cursed Tome","player_choice":"Obtained Book","floor":21,"damage_taken":0},{"event_name":"Winding Halls","player_choice":"Embrace Madness","floor":41,"damage_taken":0},{"event_name":"SensoryStone","player_choice":"Memory 1","floor":42,"damage_taken":0}],"boss_relics":[{"not_picked":["Philosopher\u0027s Stone","Fusion Hammer"],"picked":"White Beast Statue"},{"not_picked":["Runic Dome","Orrery"],"picked":"Cursed Key"}],"items_purged_floors":[29],"is_endless":false,"potions_floor_spawned":[2,5,8,14,16,18,20,22,23,25,28,30,33,35,36,37,38,39,44,46],"killed_by":"Giant Head","ascension_level":0}