{"path_per_floor":["M","?","T","M","M","E","R","M","T","?","?","E","R","M","R"],"character_chosen":"THE_SILENT","items_purchased":[],"gold_per_floor":[116,116,116,126,139,174,174,186,211,211,211,240,240,252,252],"floor_reached":16,"campfire_rested":2,"playtime":1211,"current_hp_per_floor":[68,68,68,62,57,11,32,29,29,29,52,33,69,69,69],"items_purged":[],"gold":252,"play_id":"4d03f41a-bbe6-47fb-bdd7-ee77676cfd61","is_prod":false,"is_daily":false,"campfire_rituals":0,"campfire_upgraded":1,"is_hardmode":false,"path_taken":["M","?","?","M","?","E","R","M","T","?","?","E","R","M","R","BOSS"],"build_version":"2018-01-18-PROD4","purchased_purges":0,"victory":false,"master_deck":["Defend_G","Defend_G","Defend_G","Defend_G","Strike_G","Strike_G","Strike_G","Strike_G","Strike_G","Survivor","Neutralize","Finisher","Dodge and Roll","Caltrops","Outmaneuver","Choke","Quick Slash","Poisoned Stab","Endless Agony"],"max_hp_per_floor":[70,70,70,70,70,70,70,70,70,70,70,70,70,70,70],"relics":["Ring of the Snake","Pen Nib","Matryoshka","Pantograph","Snake Skull","Regal Pillow"],"campfire_meditates":0,"card_choices":[{"not_picked":["Calculated Gamble","Backflip"],"picked":"Finisher"},{"not_picked":["Masterful Stab","Blade Dance"],"picked":"Caltrops"},{"not_picked":["Bane","Footwork"],"picked":"Outmaneuver"},{"not_picked":["Acrobatics","Prepared"],"picked":"Choke"},{"not_picked":["Acrobatics","Blur"],"picked":"Quick Slash"},{"not_picked":["Eviscerate","Flying Knee"],"picked":"Poisoned Stab"},{"not_picked":["Well Laid Plans","Dagger Throw"],"picked":"Endless Agony"}],"player_experience":9795,"potions_floor_usage":[],"damage_taken":[{"damage":2.0,"enemies":"Jaw Worm","floor":1.0,"turns":5.0},{"damage":6.0,"enemies":"2 Louse","floor":4.0,"turns":4.0},{"damage":5.0,"enemies":"Cultist","floor":5.0,"turns":4.0},{"damage":46.0,"enemies":"Lagavulin","floor":6.0,"turns":8.0},{"damage":3,"enemies":"Red Slaver","floor":8,"turns":5},{"damage":19,"enemies":"Gremlin Nob","floor":12,"turns":4},{"damage":0,"enemies":"Large Slime","floor":14,"turns":4},{"damage":71,"enemies":"The Guardian","floor":16,"turns":15}],"event_choices":[{"event_name":"Living Wall","player_choice":"Change","floor":2.0,"damage_taken":0.0},{"event_name":"Shining Light","player_choice":"Ignored","floor":10,"damage_taken":0},{"event_name":"Big Fish","player_choice":"Banana","floor":11,"damage_taken":0}],"boss_relics":[],"potions_floor_spawned":[1,4,14],"seed_played":"-3432703422323270593","killed_by":"The Guardian","is_trial":false}