{"gold_per_floor":[109,121,121,141,141,141,172,189,189,189,139,109,139,110,110,215,215,195,207,207,0,0,0,29,29,98,98],"floor_reached":27,"playtime":1417,"items_purged":[],"score":367,"play_id":"489d8bb6-5b43-464a-af49-39261ae1c8d7","local_time":"20181124024456","is_ascension_mode":true,"campfire_choices":[{"data":"Tools of the Trade","floor":6.0,"key":"SMITH"},{"data":"Survivor","floor":10.0,"key":"SMITH"},{"floor":15.0,"key":"REST"},{"data":"Neutralize","floor":23,"key":"SMITH"}],"neow_cost":"NONE","seed_source_timestamp":659235358496,"circlet_count":0,"master_deck":["AscendersBane","Defend_G","Defend_G","Defend_G","Defend_G","Defend_G","Strike_G","Strike_G","Strike_G","Strike_G","Survivor+1","Neutralize+1","Tools of the Trade+1","Escape Plan","Cloak And Dagger","Deadly Poison","Deflect","Deflect","Tactician","Infinite Blades+1","After Image+1","Deadly Poison+1","Dash+1"],"special_seed":0,"relics":["Ring of the Snake","FaceOfCleric","Regal Pillow","Question Card","Frozen Egg 2","Mummified Hand","Sozu","Tough Bandages","Toxic Egg 2"],"potions_floor_usage":[],"damage_taken":[{"damage":0.0,"enemies":"Jaw Worm","floor":1.0,"turns":6.0},{"damage":1.0,"enemies":"Cultist","floor":2.0,"turns":5.0},{"damage":0.0,"enemies":"Small Slimes","floor":4.0,"turns":4.0},{"damage":24.0,"enemies":"Lagavulin","floor":7.0,"turns":7.0},{"damage":0.0,"enemies":"Blue Slaver","floor":8.0,"turns":6.0},{"damage":0.0,"enemies":"Looter","floor":12.0,"turns":4.0},{"damage":34.0,"enemies":"Gremlin Nob","floor":13.0,"turns":5.0},{"damage":24.0,"enemies":"The Guardian","floor":16.0,"turns":14.0},{"damage":5.0,"enemies":"2 Thieves","floor":18.0,"turns":4.0},{"damage":12.0,"enemies":"Chosen","floor":19.0,"turns":5.0},{"damage":6,"enemies":"Book of Stabbing","floor":24,"turns":7},{"damage":46,"enemies":"Gremlin Leader","floor":27,"turns":5}],"seed_played":"8126780555022500641","potions_obtained":[{"floor":1.0,"key":"AttackPotion"},{"floor":2.0,"key":"Poison Potion"},{"floor":7.0,"key":"GamblersBrew"},{"floor":13.0,"key":"Poison Potion"}],"is_trial":false,"path_per_floor":["M","M","?","M","?","R","E","M","T","R","?","M","E","?","R","B",null,"M","M","?","?","?","R","E","$","T","E"],"character_chosen":"THE_SILENT","items_purchased":[],"campfire_rested":1,"item_purchase_floors":[],"current_hp_per_floor":[63,62,62,63,63,63,40,41,41,41,41,42,9,9,46,23,63,59,48,48,48,48,48,43,43,43,0],"gold":98,"neow_bonus":"TRANSFORM_CARD","is_prod":false,"is_daily":false,"chose_seed":false,"campfire_upgraded":3,"win_rate":0,"timestamp":1543056296,"path_taken":["M","M","?","?","?","R","E","M","T","R","?","M","E","?","R","BOSS","M","M","?","?","?","R","E","?","T","E"],"build_version":"2018-11-15","purchased_purges":0,"victory":false,"max_hp_per_floor":[70,70,70,71,71,71,72,73,73,73,73,74,75,75,75,76,76,77,78,78,78,78,78,79,79,79,79],"card_choices":[{"not_picked":["Accuracy","Skewer"],"picked":"Escape Plan","floor":1.0},{"not_picked":["Flying Knee","Endless Agony"],"picked":"Cloak And Dagger","floor":2.0},{"not_picked":["Prepared","Choke"],"picked":"Deadly Poison","floor":4.0},{"not_picked":["Phantasmal Killer","Flying Knee"],"picked":"Deflect","floor":7.0},{"not_picked":["Eviscerate","Bane","Reflex"],"picked":"Deflect","floor":8.0},{"not_picked":["Dagger Spray","Bane","Underhanded Strike"],"picked":"Tactician","floor":12.0},{"not_picked":["Flechettes","Blur","Escape Plan"],"picked":"Infinite Blades+1","floor":13.0},{"not_picked":["Adrenaline","A Thousand Cuts+1","Grand Finale"],"picked":"After Image+1","floor":16.0},{"not_picked":["Slice+1","Flying Knee","Finisher"],"picked":"Deadly Poison+1","floor":18.0},{"not_picked":["Dodge and Roll+1","Outmaneuver+1","Sucker Punch"],"picked":"Dash+1","floor":19.0},{"not_picked":["Dodge and Roll","Calculated Gamble","Quick Slash+1","Dagger Spray+1"],"picked":"SKIP","floor":24}],"player_experience":599637,"relics_obtained":[{"floor":7.0,"key":"Question Card"},{"floor":9.0,"key":"Frozen Egg 2"},{"floor":13.0,"key":"Mummified Hand"},{"floor":24,"key":"Tough Bandages"},{"floor":26,"key":"Toxic Egg 2"}],"event_choices":[{"damage_healed":0.0,"max_hp_gain":0.0,"max_hp_loss":0.0,"gold_gain":0.0,"event_name":"FaceTrader","player_choice":"Trade","floor":3.0,"gold_loss":0.0,"damage_taken":0.0,"relics_obtained":["FaceOfCleric"]},{"damage_healed":0.0,"max_hp_gain":0.0,"max_hp_loss":0.0,"gold_gain":0.0,"event_name":"Big Fish","player_choice":"Box","floor":5.0,"gold_loss":0.0,"damage_taken":0.0,"relics_obtained":["Regal Pillow"],"cards_obtained":["Regret"]},{"cards_removed":["Regret"],"damage_healed":0.0,"max_hp_gain":0.0,"max_hp_loss":0.0,"gold_gain":0.0,"event_name":"The Cleric","player_choice":"Card Removal","floor":11.0,"gold_loss":50.0,"damage_taken":0.0},{"damage_healed":0.0,"max_hp_gain":0.0,"max_hp_loss":0.0,"gold_gain":0.0,"event_name":"World of Goop","player_choice":"Left Gold","floor":14.0,"gold_loss":29.0,"damage_taken":0.0},{"damage_healed":0.0,"max_hp_gain":0.0,"max_hp_loss":0.0,"gold_gain":0.0,"event_name":"Ghosts","player_choice":"Ignored","floor":20.0,"gold_loss":0.0,"damage_taken":0.0},{"damage_healed":0,"gold_gain":0,"player_choice":"Paid Fearfully","damage_taken":0,"max_hp_gain":0,"max_hp_loss":0,"event_name":"Masked Bandits","floor":21,"gold_loss":207},{"damage_healed":0,"gold_gain":0,"player_choice":"Ignored","damage_taken":0,"max_hp_gain":0,"max_hp_loss":0,"event_name":"Beggar","floor":22,"gold_loss":0}],"is_beta":false,"boss_relics":[{"not_picked":["Black Star","HoveringKite"],"picked":"Sozu"}],"items_purged_floors":[],"is_endless":false,"potions_floor_spawned":[1,2,7,13,19],"killed_by":"Gremlin Leader","ascension_level":11}