{"path_per_floor":["M","M","?","?","$","R","M","R","T","R","?","M","?","E","R","B",null,"M","?","$","M","?","R","?","R","T","$","M","M","R","M","R","B",null,"M"],"character_chosen":"DEFECT","items_purchased":["FTL","Capacitor","Ice Cream"],"gold_per_floor":[114,133,133,133,60,60,72,72,119,119,119,130,305,340,340,436,436,454,454,34,54,0,0,0,0,0,0,11,31,31,46,46,150,150,164,164],"floor_reached":36,"campfire_rested":3,"playtime":1542,"current_hp_per_floor":[75,75,75,75,75,75,75,75,75,75,80,80,80,60,60,6,80,37,37,37,23,23,47,47,47,47,47,40,18,42,42,66,18,80,33,0],"items_purged":["Doubt"],"gold":164,"score":360,"play_id":"c77f6985-9196-462c-8e22-dfde2a68eb38","local_time":"20180502232359","is_prod":false,"is_daily":false,"chose_seed":false,"is_ascension_mode":false,"campfire_upgraded":5,"timestamp":1525321439,"path_taken":["M","M","?","?","$","R","M","R","T","R","?","?","?","E","R","BOSS","M","?","$","M","?","R","?","R","T","$","?","M","R","M","R","BOSS","M","?"],"build_version":"2018-05-01v2","seed_source_timestamp":1455934733679030,"purchased_purges":1,"victory":false,"master_deck":["Strike_B","Strike_B","Strike_B","Strike_B","Defend_B","Defend_B","Defend_B","Defend_B","Zap+1","Dualcast","Consume+1","White Noise+1","FTL","Beam Cell+1","Conserve Battery+1","Biased Cognition","Ball Lightning","Capacitor+1","Storm","Self Repair+1","White Noise+1","Creative AI","Go for the Eyes+1"],"max_hp_per_floor":[75,75,75,75,75,75,75,75,75,75,80,80,80,80,80,80,80,80,80,80,80,80,80,80,80,80,80,80,80,80,80,80,80,80,80,80],"relics":["Cracked Core","NeowsBlessing","Emotion Chip","Happy Flower","Ancient Tea Set","Runic Pyramid","Question Card","Ice Cream","Turnip","Sozu"],"card_choices":[{"not_picked":["Turbo","Genetic Algorithm"],"picked":"Consume","floor":1.0},{"not_picked":["Turbo","Streamline"],"picked":"White Noise","floor":2.0},{"not_picked":["Cold Snap","Sweeping Beam"],"picked":"Beam Cell","floor":7.0},{"not_picked":["Axe Kick","Coolheaded"],"picked":"Conserve Battery","floor":14},{"not_picked":["Seek","Thunder Strike"],"picked":"Biased Cognition","floor":16},{"not_picked":["Impulse","Sunder"],"picked":"Ball Lightning","floor":18},{"not_picked":["Static Discharge","Ball Lightning","Beam Cell"],"picked":"Storm","floor":21},{"not_picked":["Cold Snap","Static Discharge","Auto Shields"],"picked":"Self Repair","floor":28},{"not_picked":["Consume","Hologram","Streamline"],"picked":"White Noise","floor":31},{"not_picked":["Machine Learning","Thunder Strike","Multi-Cast"],"picked":"Creative AI","floor":33},{"not_picked":["Steam Power","Conserve Battery","Beam Cell"],"picked":"Go for the Eyes","floor":35}],"player_experience":29653,"potions_floor_usage":[14,18,28,33,36],"damage_taken":[{"damage":0.0,"enemies":"Jaw Worm","floor":1.0,"turns":1.0},{"damage":0.0,"enemies":"2 Louse","floor":2.0,"turns":1.0},{"damage":0.0,"enemies":"Small Slimes","floor":7.0,"turns":1.0},{"damage":3,"enemies":"Red Slaver","floor":12,"turns":4},{"damage":20,"enemies":"3 Sentries","floor":14,"turns":7},{"damage":54,"enemies":"Hexaghost","floor":16,"turns":10},{"damage":43,"enemies":"3 Byrds","floor":18,"turns":6},{"damage":14,"enemies":"Spheric Guardian","floor":21,"turns":4},{"damage":7,"enemies":"Centurion and Healer","floor":28,"turns":5},{"damage":32,"enemies":"Snake Plant","floor":29,"turns":3},{"damage":10,"enemies":"Snecko","floor":31,"turns":3},{"damage":48,"enemies":"Automaton","floor":33,"turns":8},{"damage":57,"enemies":"Orb Walker","floor":35,"turns":5},{"damage":33,"enemies":"3 Darklings","floor":36,"turns":2}],"event_choices":[{"event_name":"Living Wall","player_choice":"Grow","floor":3.0,"damage_taken":0.0},{"event_name":"Wheel of Change","player_choice":"Relic","floor":4.0,"damage_taken":0.0},{"event_name":"Big Fish","player_choice":"Donut","floor":11,"damage_taken":0},{"event_name":"Liars Game","player_choice":"agreed","floor":13,"damage_taken":0},{"event_name":"The Mausoleum","player_choice":"Yes","floor":19,"damage_taken":0},{"event_name":"Masked Bandits","player_choice":"Paid Bandits 54 gold","floor":22,"damage_taken":0},{"event_name":"Addict","player_choice":"Ignored","floor":24,"damage_taken":0}],"boss_relics":[{"not_picked":["Ectoplasm","Eternal Feather"],"picked":"Runic Pyramid"},{"not_picked":["Cursed Key","Lizard Tail"],"picked":"Sozu"}],"potions_floor_spawned":[12,16,18,28,31,33,35],"seed_played":"188879248094163442","killed_by":"3 Darklings","ascension_level":0,"is_trial":false}