{"gold_per_floor":[362,4,20,20,36,36,211,230,285,360,340,340],"floor_reached":12,"playtime":280,"items_purged":[],"score":95,"play_id":"e0812956-5fd4-47bf-80a9-9fb42977e6a0","local_time":"20190315035315","is_ascension_mode":true,"campfire_choices":[{"data":"Hologram","floor":6,"key":"SMITH"}],"neow_cost":"TEN_PERCENT_HP_LOSS","seed_source_timestamp":32045407621158,"circlet_count":0,"master_deck":["Strike_R","Strike_R+1","Strike_R","Strike_R","Strike_R","Defend_R","Defend_R","Defend_R","Defend_R","Bash","Uppercut+1","Ball Lightning","Hologram+1","Doubt","Metallicize"],"relics":["Burning Blood","PrismaticShard","Lantern","Tiny Chest"],"potions_floor_usage":[12,12],"damage_taken":[{"damage":18,"enemies":"Jaw Worm","floor":1,"turns":4},{"damage":10,"enemies":"2 Louse","floor":3,"turns":2},{"damage":0,"enemies":"Small Slimes","floor":5,"turns":3},{"damage":15,"enemies":"Red Slaver","floor":8,"turns":3},{"damage":29,"enemies":"Gremlin Gang","floor":12,"turns":2}],"seed_played":"5202372970505004179","potions_obtained":[{"floor":3,"key":"Dexterity Potion"},{"floor":8,"key":"Ancient Potion"},{"floor":11,"key":"EssenceOfSteel"}],"is_trial":false,"path_per_floor":["M","$","M","?","M","R","?","M","T","?","?","M"],"character_chosen":"IRONCLAD","items_purchased":["PrismaticShard","Lantern"],"campfire_rested":0,"item_purchase_floors":[2,2],"current_hp_per_floor":[60,60,56,42,48,48,48,39,39,28,28,0],"gold":340,"neow_bonus":"TWO_FIFTY_GOLD","is_prod":false,"is_daily":false,"chose_seed":false,"campfire_upgraded":1,"win_rate":0,"timestamp":1552589595,"path_taken":["M","$","M","?","M","R","?","M","T","?","?","M"],"build_version":"2019-01-23","purchased_purges":0,"victory":false,"max_hp_per_floor":[72,72,72,72,72,72,72,72,72,72,72,72],"card_choices":[{"not_picked":["Iron Wave","Heavy Blade"],"picked":"Uppercut","floor":1},{"not_picked":["Armaments","Concentrate"],"picked":"Ball Lightning","floor":3},{"not_picked":["Violence","Armaments"],"picked":"Hologram","floor":5},{"not_picked":["Sweeping Beam","True Grit"],"picked":"Metallicize","floor":8}],"player_experience":378515,"relics_obtained":[{"floor":9,"key":"Tiny Chest"}],"event_choices":[{"damage_healed":0,"gold_gain":0,"player_choice":"Entered Light","damage_taken":14,"max_hp_gain":0,"max_hp_loss":0,"event_name":"Shining Light","floor":4,"gold_loss":0,"cards_upgraded":["Strike_R","Uppercut"]},{"damage_healed":0,"gold_gain":175,"player_choice":"AGREE","damage_taken":0,"max_hp_gain":0,"max_hp_loss":0,"event_name":"Liars Game","floor":7,"gold_loss":0,"cards_obtained":["Doubt"]},{"damage_healed":0,"gold_gain":75,"player_choice":"Gather Gold","damage_taken":11,"max_hp_gain":0,"max_hp_loss":0,"event_name":"World of Goop","floor":10,"gold_loss":0},{"damage_healed":0,"gold_gain":0,"player_choice":"Bought 1 Potion","damage_taken":0,"max_hp_gain":0,"max_hp_loss":0,"event_name":"The Woman in Blue","floor":11,"gold_loss":0}],"is_beta":false,"boss_relics":[],"items_purged_floors":[],"is_endless":false,"potions_floor_spawned":[3,8],"killed_by":"Gremlin Gang","ascension_level":8}