{"gold_per_floor":[118,131,55,55,70,105,105,117,195,195,224,224,243,57,57,157,157,168,188,188],"floor_reached":20,"playtime":621,"items_purged":[],"score":193,"play_id":"7442f26f-d337-4ec0-baa7-98421c6ba135","local_time":"20190312181828","is_ascension_mode":true,"campfire_choices":[{"data":"Defragment","floor":7,"key":"SMITH"},{"floor":12,"key":"REST"},{"data":"Electrodynamics","floor":15,"key":"SMITH"}],"neow_cost":"NONE","seed_source_timestamp":35838527513123,"circlet_count":0,"master_deck":["Strike_B","Strike_B","Strike_B","Defend_B","Defend_B","Defend_B","Defend_B","Zap","Dualcast","Steam","Defragment+1","Ball Lightning","Redo","White Noise","Electrodynamics+1","Self Repair","Storm","Echo Form","Leap","BootSequence+1"],"relics":["Cracked Core","Thread and Needle","Bottled Tornado","PreservedInsect","Regal Pillow","Sozu"],"potions_floor_usage":[16,20],"damage_taken":[{"damage":4,"enemies":"2 Louse","floor":1,"turns":2},{"damage":0,"enemies":"Cultist","floor":2,"turns":2},{"damage":2,"enemies":"Small Slimes","floor":5,"turns":3},{"damage":6,"enemies":"Gremlin Nob","floor":6,"turns":3},{"damage":5,"enemies":"2 Fungi Beasts","floor":8,"turns":3},{"damage":12,"enemies":"3 Sentries","floor":11,"turns":5},{"damage":1,"enemies":"Looter","floor":13,"turns":3},{"damage":34,"enemies":"Hexaghost","floor":16,"turns":8},{"damage":34,"enemies":"2 Thieves","floor":18,"turns":3},{"damage":6,"enemies":"Shell Parasite","floor":19,"turns":4},{"damage":58,"enemies":"Masked Bandits","floor":20,"turns":3}],"seed_played":"-8842366566036831818","potions_obtained":[{"floor":2,"key":"EntropicBrew"},{"floor":8,"key":"Explosive Potion"},{"floor":11,"key":"SkillPotion"},{"floor":16,"key":"LiquidBronze"}],"is_trial":false,"path_per_floor":["?","M","?","?"],"character_chosen":"DEFECT","items_purchased":["Defragment","Regal Pillow","Storm"],"campfire_rested":1,"item_purchase_floors":[3,14,14],"current_hp_per_floor":[71,71,71,71,69,63,63,58,58,58,46,68,67,67,67,40,75,55,56,0],"gold":188,"neow_bonus":"THREE_CARDS","is_prod":false,"is_daily":false,"chose_seed":false,"campfire_upgraded":2,"win_rate":0,"timestamp":1552411108,"path_taken":["M","M","$","?","M","E","R","?","T","?","E","R","M","$","R","BOSS","M","M","?"],"build_version":"2019-01-23","purchased_purges":0,"victory":false,"max_hp_per_floor":[75,75,75,75,75,75,75,75,75,75,75,75,75,75,75,75,75,75,75,75],"card_choices":[{"not_picked":["Hologram","Stack"],"picked":"Steam","floor":1},{"not_picked":["Force Field","Gash","Chill"],"picked":"SKIP","floor":2},{"not_picked":["Chill","Fusion"],"picked":"Ball Lightning","floor":5},{"not_picked":["Reinforced Body","Heatsinks"],"picked":"Redo","floor":6},{"not_picked":["Sweeping Beam","Gash"],"picked":"White Noise","floor":8},{"not_picked":["Beam Cell","Compile Driver"],"picked":"Electrodynamics","floor":11},{"not_picked":["Steam Power","Hello World"],"picked":"Self Repair","floor":13},{"not_picked":["All For One","Biased Cognition"],"picked":"Echo Form","floor":16},{"not_picked":["Go for the Eyes+1","Fusion"],"picked":"Leap","floor":18},{"not_picked":["Hologram","Doom and Gloom"],"picked":"BootSequence+1","floor":19}],"player_experience":237837,"relics_obtained":[{"floor":6,"key":"Thread and Needle"},{"floor":9,"key":"Bottled Tornado"},{"floor":11,"key":"PreservedInsect"}],"event_choices":[{"cards_removed":["Strike_B"],"damage_healed":0,"gold_gain":0,"player_choice":"Offered Basic","damage_taken":0,"max_hp_gain":0,"max_hp_loss":0,"event_name":"Bonfire Elementals","floor":4,"gold_loss":0},{"damage_healed":0,"gold_gain":0,"player_choice":"Searched \u00271\u0027 times","damage_taken":0,"max_hp_gain":0,"max_hp_loss":0,"event_name":"Dead Adventurer","floor":10,"gold_loss":0},{"damage_healed":0,"gold_gain":0,"player_choice":"Fought Bandits","damage_taken":0,"max_hp_gain":0,"max_hp_loss":0,"event_name":"Masked Bandits","floor":20,"gold_loss":0}],"is_beta":false,"boss_relics":[{"not_picked":["White Beast Statue","Tiny House"],"picked":"Sozu"}],"items_purged_floors":[],"is_endless":false,"potions_floor_spawned":[2,8,11,16],"killed_by":"Masked Bandits","ascension_level":1}