{"gold_per_floor":[115,133,58,58,69,69,98,98,98,98,114,14,25,39,39,39],"floor_reached":16,"playtime":624,"items_purged":["Strike_R","Strike_R"],"score":102,"play_id":"fdc90177-9507-4b89-bee7-a61f3fcd5775","local_time":"20180713131006","is_ascension_mode":false,"campfire_choices":[{"data":"Body Slam","floor":6,"key":"SMITH"},{"floor":15,"key":"REST"}],"neow_cost":"NONE","seed_source_timestamp":41843315724567,"circlet_count":0,"master_deck":["Strike_R","Defend_R","Defend_R","Defend_R","Bash","Body Slam+1","Body Slam"],"relics":["Burning Blood","Letter Opener","Potion Belt"],"potions_floor_usage":[14,16,16],"damage_taken":[{"damage":0,"enemies":"2 Louse","floor":1,"turns":3},{"damage":0,"enemies":"Small Slimes","floor":2,"turns":3},{"damage":5,"enemies":"Jaw Worm","floor":5,"turns":5},{"damage":48,"enemies":"3 Sentries","floor":7,"turns":17},{"damage":2,"enemies":"3 Louse","floor":11,"turns":4},{"damage":5,"enemies":"Looter","floor":13,"turns":4},{"damage":13,"enemies":"Exordium Thugs","floor":14,"turns":5},{"damage":54,"enemies":"Hexaghost","floor":16,"turns":9}],"seed_played":"7289904423658941986","potions_obtained":[{"floor":2,"key":"Ancient Potion"},{"floor":7,"key":"Block Potion"},{"floor":11,"key":"Fire Potion"},{"floor":14,"key":"SpeedPotion"}],"is_trial":false,"path_per_floor":["M","M","$","?","M","R","E","$","T","?","M","$","M","M","R"],"character_chosen":"IRONCLAD","items_purchased":[],"campfire_rested":1,"item_purchase_floors":[],"current_hp_per_floor":[80,80,80,80,80,80,38,38,38,31,35,35,36,29,53,0],"gold":39,"neow_bonus":"REMOVE_CARD","is_prod":false,"is_daily":false,"chose_seed":false,"campfire_upgraded":1,"win_rate":0,"timestamp":1531509006,"path_taken":["M","M","$","?","M","R","E","?","T","?","?","?","M","M","R","BOSS"],"build_version":"2018-07-12","purchased_purges":2,"victory":false,"max_hp_per_floor":[80,80,80,80,80,80,80,80,80,80,80,80,80,80,80,80],"card_choices":[{"not_picked":["Wild Strike","Clash","Clothesline"],"picked":"SKIP","floor":1},{"not_picked":["Rage","Burning Pact","Intimidate"],"picked":"SKIP","floor":2},{"not_picked":["Anger","Dropkick"],"picked":"Body Slam","floor":5},{"not_picked":["Bludgeon","Uppercut","Armaments"],"picked":"SKIP","floor":7},{"not_picked":["Reckless Charge","Warcry"],"picked":"Body Slam","floor":11},{"not_picked":["Body Slam","Reckless Charge","Whirlwind"],"picked":"SKIP","floor":13},{"not_picked":["Body Slam","Infernal Blade","Twin Strike"],"picked":"SKIP","floor":14}],"player_experience":192040,"relics_obtained":[{"floor":7,"key":"Letter Opener"},{"floor":9,"key":"Potion Belt"}],"event_choices":[{"event_name":"Living Wall","player_choice":"Forget","floor":4,"damage_taken":0},{"event_name":"Golden Wing","player_choice":"Card Removal","floor":10,"damage_taken":0}],"boss_relics":[],"items_purged_floors":[3,12],"is_endless":false,"potions_floor_spawned":[2,7,11,14],"killed_by":"Hexaghost","ascension_level":0}