{"gold_per_floor":[109,122,132,132,30,60,60,91,117,117,117,117,133,152,152,278,278,203,218,27,40,40,40,64,64,64,64,84,84],"floor_reached":29,"playtime":1261,"items_purged":[],"score":256,"play_id":"04830ffd-5a22-4529-ac28-cdc3e1623d9c","local_time":"20180717003453","is_ascension_mode":true,"campfire_choices":[{"data":"Darkness","floor":7,"key":"SMITH"},{"floor":10,"key":"REST"},{"floor":15,"key":"REST"},{"data":"Creative AI","floor":23,"key":"SMITH"},{"data":"Defragment","floor":25,"key":"SMITH"},{"data":"Heatsinks","floor":27,"key":"SMITH"}],"neow_cost":"NONE","seed_source_timestamp":0,"circlet_count":0,"master_deck":["Strike_B","Strike_B","Strike_B","Defend_B","Defend_B","Defend_B","Defend_B","Zap+1","Dualcast","Force Field","Gash","Heatsinks+1","Zap","Reboot","Redo","Coolheaded","Darkness+1","Cold Snap","Beam Cell","Go for the Eyes","Creative AI+1","Hello World+1","Defragment+1","Ball Lightning","Ball Lightning"],"special_seed":0,"relics":["FrozenCore","Vajra","Pen Nib","Boot","Golden Idol","DataDisk","Ginger"],"potions_floor_usage":[8,14,24,28,29],"damage_taken":[{"damage":2,"enemies":"Jaw Worm","floor":1,"turns":3},{"damage":1,"enemies":"Cultist","floor":2,"turns":3},{"damage":12,"enemies":"Small Slimes","floor":3,"turns":3},{"damage":14,"enemies":"3 Sentries","floor":6,"turns":6},{"damage":21,"enemies":"Lagavulin","floor":8,"turns":5},{"damage":1,"enemies":"Looter","floor":13,"turns":2},{"damage":8,"enemies":"Exordium Thugs","floor":14,"turns":3},{"damage":7,"enemies":"The Guardian","floor":16,"turns":11},{"damage":29,"enemies":"2 Thieves","floor":18,"turns":5},{"damage":1,"enemies":"Spheric Guardian","floor":19,"turns":7},{"damage":21,"enemies":"Chosen and Byrds","floor":21,"turns":4},{"damage":7,"enemies":"Snake Plant","floor":24,"turns":4},{"damage":8,"enemies":"3 Cultists","floor":28,"turns":5},{"damage":35,"enemies":"Gremlin Leader","floor":29,"turns":6}],"seed_played":"7838355736974852130","potions_obtained":[{"floor":2,"key":"SpeedPotion"},{"floor":8,"key":"Fire Potion"},{"floor":14,"key":"Regen Potion"},{"floor":24,"key":"Regen Potion"},{"floor":28,"key":"Weak Potion"}],"is_trial":false,"path_per_floor":["M","M","M","?","$","E","R","E","T","R","?","?","M","M","R","B",null,"M","M","$","M","?","R","M","R","T","R","M"],"character_chosen":"DEFECT","items_purchased":["Redo","Coolheaded","DataDisk","Defragment"],"campfire_rested":2,"item_purchase_floors":[5,5,20,20],"current_hp_per_floor":[73,72,60,60,60,46,46,25,25,47,47,29,28,20,42,35,75,46,45,45,24,24,24,22,22,22,22,26,0],"gold":84,"neow_bonus":"UPGRADE_CARD","is_prod":false,"is_daily":false,"chose_seed":false,"campfire_upgraded":4,"win_rate":0,"timestamp":1531809293,"path_taken":["M","M","M","?","$","E","R","E","T","R","?","?","M","M","R","BOSS","M","M","$","?","?","R","?","R","T","R","M","E"],"build_version":"2018-07-12","purchased_purges":0,"victory":false,"max_hp_per_floor":[75,75,75,75,75,75,75,75,75,75,75,75,75,75,75,75,75,75,75,75,75,75,75,75,75,75,75,75,75],"card_choices":[{"not_picked":["Streamline","Stack"],"picked":"Force Field","floor":1},{"not_picked":["White Noise","Compile Driver"],"picked":"Gash","floor":2},{"not_picked":["Stack","Ball Lightning"],"picked":"Heatsinks","floor":3},{"not_picked":["Heatsinks","Static Discharge"],"picked":"Darkness","floor":6},{"not_picked":["Lockon","White Noise"],"picked":"Cold Snap","floor":8},{"not_picked":["Cold Snap","Stack"],"picked":"Beam Cell","floor":13},{"not_picked":["Turbo","Beam Cell"],"picked":"Go for the Eyes","floor":14},{"not_picked":["Hyperbeam","Biased Cognition"],"picked":"Creative AI","floor":16},{"not_picked":["Turbo+1","Ball Lightning"],"picked":"Hello World+1","floor":18},{"not_picked":["Coolheaded","Genetic Algorithm","Doom and Gloom"],"picked":"SKIP","floor":19},{"not_picked":["Turbo+1","Creative AI"],"picked":"Ball Lightning","floor":21},{"not_picked":["Sweeping Beam","Steam"],"picked":"Ball Lightning","floor":24},{"not_picked":["Rebound","Sweeping Beam+1","Doom and Gloom+1"],"picked":"SKIP","floor":28}],"player_experience":214587,"relics_obtained":[{"floor":6,"key":"Vajra"},{"floor":8,"key":"Pen Nib"},{"floor":9,"key":"Boot"},{"floor":26,"key":"Ginger"}],"event_choices":[{"event_name":"Match and Keep!","player_choice":"2 cards matched","floor":4,"damage_taken":0},{"event_name":"Purifier","player_choice":"One Purge","floor":11,"damage_taken":0},{"event_name":"Golden Idol","player_choice":"Take Damage","floor":12,"damage_taken":0},{"event_name":"The Mausoleum","player_choice":"No","floor":22,"damage_taken":0}],"boss_relics":[{"not_picked":["Runic Dome","Calling Bell"],"picked":"FrozenCore"}],"items_purged_floors":[],"is_endless":false,"potions_floor_spawned":[2,8,14,24,28],"killed_by":"Gremlin Leader","ascension_level":2}