{"gold_per_floor":[117,129,144,157,51,51,83,93,93,103,119,134,150,0,0,97,97,97,97,97,57,57,57,57,57,57,57,57,57,57,57,57,57],"floor_reached":33,"playtime":1969,"items_purged":[],"score":408,"play_id":"ea9730cc-442d-46a1-89f5-6a006b49dbe2","local_time":"20181031011844","is_ascension_mode":true,"campfire_choices":[{"data":"Footwork","floor":6.0,"key":"SMITH"},{"floor":15.0,"key":"REST"},{"floor":23,"key":"REST"},{"floor":27,"key":"REST"},{"floor":30,"key":"REST"},{"data":"Malaise","floor":32,"key":"SMITH"}],"neow_cost":"NONE","seed_source_timestamp":2339196690544952,"circlet_count":0,"master_deck":["Defend_G","Defend_G","Defend_G","Defend_G","Strike_G","Strike_G","Strike_G","Strike_G","Survivor","Neutralize","Quick Slash","Sucker Punch","Predator","PiercingWail","Terror","Footwork+1","Backstab","Malaise+1","Deflect","Sucker Punch","Heel Hook","Malaise","All Out Attack","Footwork+1","Well Laid Plans","Dagger Throw","Prepared+1","Dash"],"special_seed":0,"relics":["Empty Cage","Ornamental Fan","Letter Opener","PreservedInsect","Ectoplasm","Anchor","Sundial","Nilry\u0027s Codex","StoneCalendar"],"potions_floor_usage":[29,29],"damage_taken":[{"damage":4.0,"enemies":"Cultist","floor":1.0,"turns":5.0},{"damage":4.0,"enemies":"Small Slimes","floor":2.0,"turns":3.0},{"damage":11.0,"enemies":"Jaw Worm","floor":3.0,"turns":5.0},{"damage":0.0,"enemies":"Exordium Wildlife","floor":4.0,"turns":3.0},{"damage":28.0,"enemies":"Gremlin Nob","floor":7.0,"turns":4.0},{"damage":4.0,"enemies":"3 Louse","floor":8.0,"turns":3.0},{"damage":0.0,"enemies":"Gremlin Gang","floor":10.0,"turns":6.0},{"damage":1.0,"enemies":"Exordium Thugs","floor":11.0,"turns":4.0},{"damage":3.0,"enemies":"Blue Slaver","floor":12.0,"turns":4.0},{"damage":0.0,"enemies":"2 Fungi Beasts","floor":13.0,"turns":3.0},{"damage":22,"enemies":"Hexaghost","floor":16,"turns":15},{"damage":10,"enemies":"Spheric Guardian","floor":18,"turns":6},{"damage":19,"enemies":"Colosseum Slavers","floor":22,"turns":4},{"damage":29,"enemies":"Slavers","floor":24,"turns":7},{"damage":0,"enemies":"Chosen","floor":25,"turns":6},{"damage":0,"enemies":"Gremlin Leader","floor":29,"turns":11},{"damage":3,"enemies":"Snake Plant","floor":31,"turns":6},{"damage":43,"enemies":"Champ","floor":33,"turns":12}],"seed_played":"-1611785036811800229","potions_obtained":[{"floor":4.0,"key":"FearPotion"},{"floor":8.0,"key":"Block Potion"},{"floor":10.0,"key":"Ancient Potion"},{"floor":13.0,"key":"Strength Potion"},{"floor":31,"key":"Strength Potion"}],"is_trial":false,"path_per_floor":["M","M","M","M","$","R","E","M","T","M","M","M","M","$","R","B",null,"M","?","?","$","?","R","E","M","T","R","?","E","R","M","R"],"character_chosen":"THE_SILENT","items_purchased":["Terror","Footwork","PreservedInsect","Well Laid Plans"],"campfire_rested":4,"item_purchase_floors":[5,5,14,21],"current_hp_per_floor":[59,55,44,44,44,44,16,12,12,12,11,8,8,8,29,7,54,44,31,31,31,12,34,5,5,5,27,11,11,33,30,30,0],"gold":57,"neow_bonus":"BOSS_RELIC","is_prod":false,"is_daily":false,"chose_seed":false,"campfire_upgraded":2,"win_rate":0,"timestamp":1540970324,"path_taken":["M","M","?","M","$","R","E","?","T","M","M","M","M","$","R","BOSS","M","?","?","$","?","R","E","M","T","R","?","E","R","M","R","BOSS"],"build_version":"2018-10-25v2","purchased_purges":0,"victory":false,"max_hp_per_floor":[70,70,70,70,70,70,70,70,70,70,70,70,70,70,70,70,70,70,75,75,75,75,75,75,75,75,75,75,75,75,75,75,75],"card_choices":[{"not_picked":["Poisoned Stab","Slice"],"picked":"Quick Slash","floor":1.0},{"not_picked":["Tactician","Infinite Blades"],"picked":"Sucker Punch","floor":2.0},{"not_picked":["Poisoned Stab","Quick Slash"],"picked":"Predator","floor":3.0},{"not_picked":["Flying Knee","Bane"],"picked":"PiercingWail","floor":4.0},{"not_picked":["Dagger Throw","Predator"],"picked":"Backstab","floor":7.0},{"not_picked":["Heel Hook","Tactician"],"picked":"Malaise","floor":8.0},{"not_picked":["Eviscerate","Outmaneuver"],"picked":"Deflect","floor":10.0},{"not_picked":["Expertise","Bane","Riddle With Holes"],"picked":"SKIP","floor":11.0},{"not_picked":["Blade Dance","Skewer"],"picked":"Sucker Punch","floor":12.0},{"not_picked":["Flying Knee","Sucker Punch"],"picked":"Heel Hook","floor":13.0},{"not_picked":["Venomology","Corpse Explosion"],"picked":"Malaise","floor":16},{"not_picked":["Dodge and Roll","Catalyst+1"],"picked":"All Out Attack","floor":18},{"not_picked":["Riddle With Holes","Quick Slash","Outmaneuver"],"picked":"SKIP","floor":24},{"not_picked":["Slice","Reflex+1"],"picked":"Dagger Throw","floor":25},{"not_picked":["Eviscerate","Slice"],"picked":"Prepared+1","floor":29},{"not_picked":["Dash","Dodge and Roll","Blade Dance"],"picked":"SKIP","floor":31},{"not_picked":["Dodge and Roll","Blade Dance"],"picked":"Dash","floor":31}],"player_experience":533298,"relics_obtained":[{"floor":7.0,"key":"Ornamental Fan"},{"floor":9.0,"key":"Letter Opener"},{"floor":24,"key":"Anchor"},{"floor":26,"key":"Sundial"},{"floor":28,"key":"Nilry\u0027s Codex"},{"floor":29,"key":"StoneCalendar"}],"event_choices":[{"damage_healed":0,"gold_gain":0,"player_choice":"Shed Blood","damage_taken":18,"max_hp_gain":5,"max_hp_loss":0,"event_name":"Forgotten Altar","floor":19,"gold_loss":0},{"damage_healed":0,"gold_gain":0,"player_choice":"Copied","damage_taken":0,"max_hp_gain":0,"max_hp_loss":0,"event_name":"Duplicator","floor":20,"gold_loss":0,"cards_obtained":["Footwork"]},{"damage_healed":0,"gold_gain":0,"player_choice":"Fight","damage_taken":0,"max_hp_gain":0,"max_hp_loss":0,"event_name":"Colosseum","floor":22,"gold_loss":0},{"damage_healed":0,"gold_gain":0,"player_choice":"Fled From Nobs","damage_taken":0,"max_hp_gain":0,"max_hp_loss":0,"event_name":"Colosseum","floor":22,"gold_loss":0},{"damage_healed":0,"gold_gain":0,"player_choice":"Obtained Book","damage_taken":16,"max_hp_gain":0,"max_hp_loss":0,"event_name":"Cursed Tome","floor":28,"gold_loss":0}],"is_beta":false,"boss_relics":[{"not_picked":["Runic Pyramid","Busted Crown"],"picked":"Ectoplasm"}],"items_purged_floors":[],"is_endless":false,"potions_floor_spawned":[4,8,10,13,24,31],"killed_by":"Champ","ascension_level":6}