{"gold_per_floor":[109,124,49,49,65,65,65,65,65,98,117,129,149,149,149,149],"floor_reached":16,"playtime":963,"items_purged":["Strike_R"],"score":112,"play_id":"f93412a5-db3a-422b-8a53-332ce2df15fd","local_time":"20190206134257","is_ascension_mode":true,"campfire_choices":[{"data":"Rupture","floor":6,"key":"SMITH"},{"data":"PanicButton","floor":8,"key":"SMITH"},{"floor":15,"key":"REST"}],"neow_cost":"NONE","seed_source_timestamp":185036384322393,"circlet_count":0,"master_deck":["Strike_R","Strike_R","Strike_R","Strike_R+1","Defend_R","Defend_R","Defend_R","Defend_R","Bash+1","Rupture+1","PanicButton+1","Ghostly Armor"],"relics":["Burning Blood","NeowsBlessing","Pen Nib","Oddly Smooth Stone"],"potions_floor_usage":[11,16,16,16],"damage_taken":[{"damage":0,"enemies":"Jaw Worm","floor":1,"turns":1},{"damage":0,"enemies":"Cultist","floor":2,"turns":1},{"damage":0,"enemies":"Small Slimes","floor":5,"turns":1},{"damage":37,"enemies":"3 Sentries","floor":10,"turns":12},{"damage":4,"enemies":"Exordium Thugs","floor":11,"turns":6},{"damage":7,"enemies":"3 Louse","floor":12,"turns":4},{"damage":22,"enemies":"Lots of Slimes","floor":13,"turns":5},{"damage":45,"enemies":"Hexaghost","floor":16,"turns":14}],"seed_played":"-2566730418625473302","potions_obtained":[{"floor":1,"key":"SteroidPotion"},{"floor":2,"key":"GamblersBrew"},{"floor":12,"key":"PowerPotion"},{"floor":13,"key":"SteroidPotion"}],"is_trial":false,"path_per_floor":["?","?","M","M","?"],"character_chosen":"IRONCLAD","items_purchased":[],"campfire_rested":1,"item_purchase_floors":[],"current_hp_per_floor":[80,80,80,64,70,70,70,70,70,39,41,40,24,24,48,3],"gold":149,"neow_bonus":"THREE_ENEMY_KILL","is_prod":false,"is_daily":false,"chose_seed":false,"campfire_upgraded":2,"win_rate":0,"timestamp":1549456977,"path_taken":["M","M","$","?","M","R","?","R","T","E","?","M","?","?","R","BOSS"],"build_version":"2019-01-23","purchased_purges":1,"victory":false,"max_hp_per_floor":[80,80,80,80,80,80,80,80,80,80,80,80,80,80,80,80],"card_choices":[{"not_picked":["Rage","Iron Wave","Sword Boomerang"],"picked":"SKIP","floor":1},{"not_picked":["Heavy Blade","Perfected Strike","Fire Breathing"],"picked":"SKIP","floor":2},{"not_picked":["Cleave","Flex"],"picked":"Rupture","floor":5},{"not_picked":["Body Slam","Wild Strike","Havoc"],"picked":"SKIP","floor":10},{"not_picked":["Sword Boomerang","Wild Strike","Burning Pact"],"picked":"SKIP","floor":11},{"not_picked":["Exhume","Seeing Red"],"picked":"Ghostly Armor","floor":12},{"not_picked":["Blood for Blood","Thunderclap","Entrench"],"picked":"SKIP","floor":13}],"player_experience":106578,"relics_obtained":[{"floor":9,"key":"Pen Nib"},{"floor":10,"key":"Oddly Smooth Stone"}],"event_choices":[{"damage_healed":0,"gold_gain":0,"player_choice":"Entered Light","damage_taken":16,"max_hp_gain":0,"max_hp_loss":0,"event_name":"Shining Light","floor":4,"gold_loss":0,"cards_upgraded":["Strike_R","Bash"]},{"damage_healed":0,"gold_gain":0,"player_choice":"1 cards matched","damage_taken":0,"max_hp_gain":0,"max_hp_loss":0,"event_name":"Match and Keep!","floor":7,"gold_loss":0,"cards_obtained":["PanicButton"]},{"damage_healed":0,"gold_gain":0,"player_choice":"Ignored","damage_taken":0,"max_hp_gain":0,"max_hp_loss":0,"event_name":"Liars Game","floor":14,"gold_loss":0}],"is_beta":false,"boss_relics":[],"items_purged_floors":[3],"is_endless":false,"potions_floor_spawned":[1,2,12,13],"killed_by":"Hexaghost","ascension_level":2}