{"gold_per_floor":[20,20,20,32,4,4,19,49,49,49,64,83,101,113,113,113],"floor_reached":16,"playtime":888,"items_purged":[],"score":130,"play_id":"9966bf30-d3c8-49ea-9b7a-8c9a09c48994","local_time":"20190210171645","is_ascension_mode":true,"campfire_choices":[{"data":"Barricade","floor":6,"key":"SMITH"},{"floor":10,"key":"REST"},{"floor":15,"key":"REST"}],"neow_cost":"NO_GOLD","seed_source_timestamp":264687156767555,"circlet_count":0,"master_deck":["Strike_R","Strike_R","Strike_R","Strike_R","Strike_R","Defend_R","Defend_R","Defend_R","Defend_R","Bash","Barricade+1","Shrug It Off","Shrug It Off"],"relics":["Burning Blood","Mummified Hand","Oddly Smooth Stone"],"potions_floor_usage":[8,14,16],"damage_taken":[{"damage":7,"enemies":"Jaw Worm","floor":1,"turns":3},{"damage":5,"enemies":"2 Louse","floor":4,"turns":4},{"damage":7,"enemies":"Cultist","floor":7,"turns":6},{"damage":56,"enemies":"3 Sentries","floor":8,"turns":16},{"damage":4,"enemies":"Blue Slaver","floor":11,"turns":7},{"damage":10,"enemies":"Looter","floor":12,"turns":5},{"damage":0,"enemies":"Large Slime","floor":13,"turns":5},{"damage":53,"enemies":"Gremlin Gang","floor":14,"turns":9},{"damage":36,"enemies":"The Guardian","floor":16,"turns":26}],"seed_played":"1291142251461247438","potions_obtained":[{"floor":4,"key":"LiquidBronze"},{"floor":7,"key":"SteroidPotion"},{"floor":11,"key":"Ancient Potion"},{"floor":14,"key":"AttackPotion"}],"is_trial":false,"path_per_floor":["?","?","M","?"],"character_chosen":"IRONCLAD","items_purchased":[],"campfire_rested":2,"item_purchase_floors":[],"current_hp_per_floor":[79,79,80,80,80,80,79,29,29,53,55,51,57,10,34,0],"gold":113,"neow_bonus":"THREE_RARE_CARDS","is_prod":false,"is_daily":false,"chose_seed":false,"campfire_upgraded":1,"win_rate":0,"timestamp":1549815405,"path_taken":["M","?","?","?","?","R","M","E","T","R","M","M","M","M","R","BOSS"],"build_version":"2019-01-23","purchased_purges":0,"victory":false,"max_hp_per_floor":[80,80,80,80,80,80,80,80,80,80,80,80,80,80,80,80],"card_choices":[{"not_picked":["Dark Embrace","Double Tap"],"picked":"Barricade","floor":0},{"not_picked":["Iron Wave","Rupture"],"picked":"Shrug It Off","floor":1},{"not_picked":["Uppercut","Clothesline","Twin Strike"],"picked":"SKIP","floor":4},{"not_picked":["Exhume","Bloodletting","Flex"],"picked":"SKIP","floor":7},{"not_picked":["Searing Blow","Fiend Fire"],"picked":"Shrug It Off","floor":8},{"not_picked":["Inflame","Dual Wield","Sword Boomerang"],"picked":"SKIP","floor":11},{"not_picked":["Flex","Bloodletting","Spot Weakness"],"picked":"SKIP","floor":12},{"not_picked":["Power Through","Headbutt","Inflame"],"picked":"SKIP","floor":13},{"not_picked":["Sever Soul","Disarm","Thunderclap"],"picked":"SKIP","floor":14}],"player_experience":143265,"relics_obtained":[{"floor":8,"key":"Mummified Hand"},{"floor":9,"key":"Oddly Smooth Stone"}],"event_choices":[{"damage_healed":0,"gold_gain":0,"player_choice":"Ignored","damage_taken":0,"max_hp_gain":0,"max_hp_loss":0,"event_name":"Shining Light","floor":2,"gold_loss":0},{"damage_healed":1,"gold_gain":0,"player_choice":"Full Heal","damage_taken":0,"max_hp_gain":0,"max_hp_loss":0,"event_name":"Wheel of Change","floor":3,"gold_loss":0},{"damage_healed":0,"gold_gain":0,"player_choice":"Left Gold","damage_taken":0,"max_hp_gain":0,"max_hp_loss":0,"event_name":"World of Goop","floor":5,"gold_loss":28}],"is_beta":false,"boss_relics":[],"items_purged_floors":[],"is_endless":false,"potions_floor_spawned":[4,7,11,14],"killed_by":"The Guardian","ascension_level":5}