{"gold_per_floor":[111,111,111,111,162,195,213,213,213,247,260,295,295,311,311,414,414,403,313,326,326,291,291,326,338,361,361,361,375,426,441,441,540,540,557,557,557,571,585,585,603,622,622,166,191,209,225,251,251,251],"floor_reached":51,"playtime":4069,"items_purged":["Defend_G"],"score":1346,"play_id":"09673287-f22f-4544-801e-e33a7173caeb","local_time":"20181120231856","is_ascension_mode":true,"campfire_choices":[{"floor":8.0,"key":"REST"},{"data":"Deflect","floor":15.0,"key":"SMITH"},{"data":"Footwork","floor":23.0,"key":"SMITH"},{"floor":28.0,"key":"REST"},{"data":"Cloak And Dagger","floor":32.0,"key":"SMITH"},{"data":"Cloak And Dagger","floor":40.0,"key":"SMITH"},{"data":"Footwork","floor":49.0,"key":"SMITH"}],"neow_cost":"CURSE","seed_source_timestamp":1317722027035,"circlet_count":0,"master_deck":["AscendersBane","Defend_G","Defend_G","Defend_G+1","Defend_G","Survivor","Neutralize+1","Blade Dance+1","Cloak And Dagger+1","Deflect+1","Cloak And Dagger+1","Quick Slash","After Image","Endless Agony+1","Sucker Punch+1","Footwork+1","Deflect+1","Bite","Bite+1","Bite","Bite","Bite+1","Deflect+1","Cloak And Dagger+1","Escape Plan","Terror+1","Metamorphosis+1","Madness+1","Footwork+1","Blur+1","Footwork+1","Deflect+1"],"special_seed":0,"relics":["Ring of the Snake","Thread and Needle","Unceasing Top","Matryoshka","Centennial Puzzle","Bag of Preparation","Strawberry","Pantograph","Letter Opener","Kunai","Sozu","Calipers","Anchor","Whetstone","WristBlade","Toxic Egg 2","Ancient Tea Set","Mercury Hourglass"],"potions_floor_usage":[],"damage_taken":[{"damage":0.0,"enemies":"2 Louse","floor":1.0,"turns":4.0},{"damage":38.0,"enemies":"Gremlin Nob","floor":6.0,"turns":6.0},{"damage":0.0,"enemies":"Jaw Worm","floor":7.0,"turns":3.0},{"damage":5.0,"enemies":"3 Sentries","floor":10.0,"turns":14.0},{"damage":0.0,"enemies":"Small Slimes","floor":11.0,"turns":3.0},{"damage":22.0,"enemies":"Lagavulin","floor":12.0,"turns":6.0},{"damage":0.0,"enemies":"Looter","floor":14.0,"turns":3.0},{"damage":15.0,"enemies":"Hexaghost","floor":16.0,"turns":19.0},{"damage":0.0,"enemies":"2 Thieves","floor":18.0,"turns":4.0},{"damage":0.0,"enemies":"3 Byrds","floor":20.0,"turns":5.0},{"damage":30.0,"enemies":"Gremlin Leader","floor":24.0,"turns":19.0},{"damage":4.0,"enemies":"Snecko","floor":25.0,"turns":7.0},{"damage":0.0,"enemies":"Snake Plant","floor":29.0,"turns":7.0},{"damage":0.0,"enemies":"Sentry and Sphere","floor":31.0,"turns":6.0},{"damage":0.0,"enemies":"Automaton","floor":33.0,"turns":18.0},{"damage":0.0,"enemies":"3 Shapes","floor":35.0,"turns":5.0},{"damage":0.0,"enemies":"Orb Walker","floor":38.0,"turns":3.0},{"damage":0.0,"enemies":"Maw","floor":39.0,"turns":10.0},{"damage":0.0,"enemies":"4 Shapes","floor":41.0,"turns":4.0},{"damage":0.0,"enemies":"Transient","floor":42.0,"turns":5.0},{"damage":0.0,"enemies":"Nemesis","floor":45.0,"turns":9.0},{"damage":0.0,"enemies":"3 Darklings","floor":46.0,"turns":4.0},{"damage":0.0,"enemies":"Spire Growth","floor":47.0,"turns":3.0},{"damage":0.0,"enemies":"Giant Head","floor":48.0,"turns":8.0},{"damage":0,"enemies":"Awakened One","floor":50,"turns":22}],"seed_played":"5384249322246349381","potions_obtained":[{"floor":7.0,"key":"EssenceOfSteel"},{"floor":11.0,"key":"Strength Potion"},{"floor":16.0,"key":"GamblersBrew"}],"is_trial":false,"path_per_floor":["M","?","?","?","T","E","M","R","T","E","M","E","?","M","R","B",null,"M","?","M","?","$","R","E","M","T","?","R","M","T","M","R","B",null,"M","?","?","M","M","R","M","M","T","$","E","M","M","E","R","B",null],"character_chosen":"THE_SILENT","items_purchased":["Footwork","Metamorphosis+1","Madness+1","Footwork","Blur+1"],"campfire_rested":2,"item_purchase_floors":[22,44,44,44,44],"current_hp_per_floor":[63,63,56,53,53,17,19,40,47,44,46,26,11,13,13,25,64,66,66,68,54,54,54,26,24,24,24,48,66,66,82,82,82,82,82,82,82,82,82,82,82,82,82,82,82,82,82,82,82,82],"gold":251,"neow_bonus":"ONE_RARE_RELIC","is_prod":false,"is_daily":false,"chose_seed":false,"campfire_upgraded":5,"win_rate":0,"timestamp":1542784736,"path_taken":["M","?","?","?","?","E","M","R","T","E","?","E","?","M","R","BOSS","M","?","?","?","?","R","E","M","T","?","R","M","?","?","R","BOSS","M","?","?","?","M","R","M","M","T","$","E","?","M","E","R","BOSS"],"build_version":"2018-11-15","purchased_purges":1,"victory":true,"max_hp_per_floor":[70,70,70,70,70,70,70,70,77,77,77,77,77,77,77,77,77,77,77,77,82,82,82,82,82,82,82,82,82,82,82,82,82,82,82,82,82,82,82,82,82,82,82,82,82,82,82,82,82,82],"card_choices":[{"not_picked":["Underhanded Strike","Bane"],"picked":"Blade Dance","floor":1.0},{"not_picked":["Underhanded Strike","Blade Dance"],"picked":"Cloak And Dagger","floor":6.0},{"not_picked":["Dodge and Roll","Blur"],"picked":"Deflect","floor":7.0},{"not_picked":["Flying Knee","PiercingWail","Dagger Spray"],"picked":"SKIP","floor":10.0},{"not_picked":["Distraction","Unload"],"picked":"Cloak And Dagger","floor":11.0},{"not_picked":["Skewer","Bane"],"picked":"Quick Slash","floor":12.0},{"not_picked":["Quick Slash","Masterful Stab","Crippling Poison"],"picked":"SKIP","floor":14.0},{"not_picked":["Burst","Glass Knife"],"picked":"After Image","floor":16.0},{"not_picked":["Backflip","Reflex"],"picked":"Endless Agony+1","floor":18.0},{"not_picked":["Dagger Spray+1","Blur+1"],"picked":"Sucker Punch+1","floor":20.0},{"not_picked":["Flechettes","All Out Attack","PiercingWail"],"picked":"SKIP","floor":24.0},{"not_picked":["Bane","Tactician"],"picked":"Deflect+1","floor":25.0},{"not_picked":["All Out Attack","Bouncing Flask","Accuracy"],"picked":"SKIP","floor":29.0},{"not_picked":["Blur+1","Blade Dance"],"picked":"Deflect+1","floor":31.0},{"not_picked":["Flying Knee","Poisoned Stab"],"picked":"Cloak And Dagger+1","floor":35.0},{"not_picked":["Deadly Poison+1","Bane","Dagger Throw+1"],"picked":"SKIP","floor":38.0},{"not_picked":["Dagger Throw+1","Sucker Punch"],"picked":"Escape Plan","floor":39.0},{"not_picked":["Underhanded Strike","Outmaneuver"],"picked":"Terror+1","floor":41.0},{"not_picked":["Choke","Poisoned Stab","Quick Slash+1"],"picked":"SKIP","floor":42.0},{"not_picked":["Dagger Spray+1","Malaise+1"],"picked":"Footwork+1","floor":45.0},{"not_picked":["Deadly Poison+1","Dagger Spray+1","Flying Knee"],"picked":"SKIP","floor":46.0},{"not_picked":["PiercingWail+1","Underhanded Strike+1"],"picked":"Deflect+1","floor":47.0},{"not_picked":["Choke","Riddle With Holes","Caltrops+1"],"picked":"SKIP","floor":48.0}],"player_experience":581325,"relics_obtained":[{"floor":5.0,"key":"Centennial Puzzle"},{"floor":5.0,"key":"Blood Vial"},{"floor":6.0,"key":"Bag of Preparation"},{"floor":9.0,"key":"Strawberry"},{"floor":9.0,"key":"Pantograph"},{"floor":10.0,"key":"Letter Opener"},{"floor":12.0,"key":"Kunai"},{"floor":24.0,"key":"Calipers"},{"floor":26.0,"key":"Anchor"},{"floor":30.0,"key":"Whetstone"},{"floor":43.0,"key":"Toxic Egg 2"},{"floor":45.0,"key":"Ancient Tea Set"},{"floor":48.0,"key":"Mercury Hourglass"}],"event_choices":[{"damage_healed":0.0,"max_hp_gain":0.0,"max_hp_loss":0.0,"gold_gain":0.0,"event_name":"Big Fish","player_choice":"Box","floor":2.0,"gold_loss":0.0,"damage_taken":0.0,"relics_obtained":["Unceasing Top"],"cards_obtained":["Regret"]},{"cards_removed":["Regret"],"damage_healed":0.0,"max_hp_gain":0.0,"max_hp_loss":0.0,"gold_gain":0.0,"event_name":"Golden Wing","player_choice":"Card Removal","floor":3.0,"gold_loss":0.0,"damage_taken":7.0},{"damage_healed":0.0,"max_hp_gain":0.0,"max_hp_loss":0.0,"gold_gain":0.0,"event_name":"Scrap Ooze","player_choice":"Success","floor":4.0,"gold_loss":0.0,"damage_taken":3.0,"relics_obtained":["Matryoshka"]},{"damage_healed":0.0,"max_hp_gain":0.0,"max_hp_loss":0.0,"gold_gain":0.0,"event_name":"Shining Light","player_choice":"Entered Light","floor":13.0,"gold_loss":0.0,"damage_taken":15.0,"cards_upgraded":["Blade Dance","Neutralize"]},{"cards_removed":["Injury"],"damage_healed":0.0,"max_hp_gain":0.0,"max_hp_loss":0.0,"gold_gain":0.0,"event_name":"Designer","player_choice":"Upgrade and Remove","floor":19.0,"gold_loss":90.0,"damage_taken":0.0,"cards_upgraded":["Defend_G"]},{"damage_healed":0.0,"max_hp_gain":5.0,"max_hp_loss":0.0,"gold_gain":0.0,"event_name":"Forgotten Altar","player_choice":"Shed Blood","floor":21.0,"gold_loss":0.0,"damage_taken":19.0},{"damage_healed":0.0,"max_hp_gain":0.0,"max_hp_loss":0.0,"gold_gain":0.0,"event_name":"Vampires","player_choice":"Became a vampire (Vial)","floor":27.0,"relics_lost":["Blood Vial"],"gold_loss":0.0,"damage_taken":0.0,"cards_obtained":["Bite","Bite","Bite","Bite","Bite"]},{"damage_healed":0.0,"max_hp_gain":0.0,"max_hp_loss":0.0,"gold_gain":0.0,"event_name":"Tomb of Lord Red Mask","player_choice":"Ignored","floor":36.0,"gold_loss":0.0,"damage_taken":0.0},{"damage_healed":0.0,"max_hp_gain":0.0,"max_hp_loss":0.0,"gold_gain":0.0,"event_name":"The Woman in Blue","player_choice":"Bought 0 Potions","floor":37.0,"gold_loss":0.0,"damage_taken":0.0}],"is_beta":false,"boss_relics":[{"not_picked":["Calling Bell","Fusion Hammer"],"picked":"Sozu"},{"not_picked":["Black Star","Eternal Feather"],"picked":"WristBlade"}],"items_purged_floors":[44],"is_endless":false,"potions_floor_spawned":[7,11,16,20,24,29,33,35,41,42,46],"ascension_level":10}