{"gold_per_floor":[110,121,121,121,141,171,171,183,183,195,209,209,225,241,241,241],"floor_reached":16,"playtime":567,"items_purged":[],"score":106,"play_id":"09ddf480-c368-4b0a-b240-3f187e17ad5b","local_time":"20190307190320","is_ascension_mode":false,"campfire_choices":[{"data":"Heavy Blade","floor":7,"key":"SMITH"},{"floor":12,"key":"RECALL"},{"data":"Bash","floor":15,"key":"SMITH"}],"neow_cost":"NONE","seed_source_timestamp":1896569623785871,"circlet_count":0,"master_deck":["Strike_R","Strike_R","Strike_R","Defend_R","Defend_R","Defend_R","Defend_R","Bash+1","Pummel","Pummel","Heavy Blade+1","Flex+1","Twin Strike","Flame Barrier+1","Infernal Blade+1"],"relics":["Burning Blood","NeowsBlessing","Toxic Egg 2","Blue Candle"],"potions_floor_usage":[6,6],"damage_taken":[{"damage":0,"enemies":"Small Slimes","floor":1,"turns":2},{"damage":0,"enemies":"Cultist","floor":2,"turns":1},{"damage":0,"enemies":"Jaw Worm","floor":5,"turns":1},{"damage":25,"enemies":"3 Sentries","floor":6,"turns":7},{"damage":0,"enemies":"Looter","floor":8,"turns":1},{"damage":7,"enemies":"Blue Slaver","floor":10,"turns":2},{"damage":18,"enemies":"3 Louse","floor":11,"turns":3},{"damage":0,"enemies":"Looter","floor":13,"turns":2},{"damage":7,"enemies":"Blue Slaver","floor":14,"turns":3},{"damage":59,"enemies":"Hexaghost","floor":16,"turns":8}],"seed_played":"6214952394719999096","potions_obtained":[{"floor":1,"key":"EssenceOfSteel"},{"floor":2,"key":"PowerPotion"},{"floor":8,"key":"Ancient Potion"},{"floor":13,"key":"Explosive Potion"}],"is_trial":false,"path_per_floor":["M","M","?","?","M","E","R","M","T","M","M","R","M","M","R","B"],"character_chosen":"IRONCLAD","items_purchased":[],"campfire_rested":0,"item_purchase_floors":[],"current_hp_per_floor":[80,80,80,80,80,61,61,67,67,66,54,54,60,59,59,0],"gold":241,"neow_bonus":"THREE_ENEMY_KILL","is_prod":false,"is_daily":false,"chose_seed":false,"campfire_upgraded":2,"win_rate":0,"timestamp":1551953000,"path_taken":["M","M","?","?","M","E","R","M","T","?","M","R","?","M","R","BOSS"],"build_version":"2019-01-23","purchased_purges":0,"victory":false,"max_hp_per_floor":[80,80,80,80,80,80,80,80,80,80,80,80,80,80,80,80],"card_choices":[{"not_picked":["Intimidate","Clash"],"picked":"Pummel","floor":1},{"not_picked":["Havoc","Infernal Blade","Pummel"],"picked":"SKIP","floor":2},{"not_picked":["Havoc","Infernal Blade"],"picked":"Pummel","floor":2},{"not_picked":["Havoc","Blood for Blood"],"picked":"Heavy Blade","floor":5},{"not_picked":["Dropkick","Power Through"],"picked":"Flex","floor":6},{"not_picked":["True Grit+1","Iron Wave","Blood for Blood"],"picked":"SKIP","floor":8},{"not_picked":["Clothesline","Body Slam"],"picked":"Twin Strike","floor":10},{"not_picked":["Clash","Entrench+1"],"picked":"Flame Barrier+1","floor":11},{"not_picked":["Havoc+1","Ghostly Armor+1"],"picked":"Infernal Blade+1","floor":13},{"not_picked":["Headbutt","Cleave","Wild Strike"],"picked":"SKIP","floor":14}],"player_experience":187948,"relics_obtained":[{"floor":6,"key":"Toxic Egg 2"},{"floor":9,"key":"Blue Candle"}],"event_choices":[{"cards_removed":["Strike_R"],"damage_healed":0,"gold_gain":0,"player_choice":"Forget","damage_taken":0,"max_hp_gain":0,"max_hp_loss":0,"event_name":"Living Wall","floor":3,"gold_loss":0},{"cards_removed":["Strike_R"],"damage_healed":0,"gold_gain":0,"player_choice":"Offered Basic","damage_taken":0,"max_hp_gain":0,"max_hp_loss":0,"event_name":"Bonfire Elementals","floor":4,"gold_loss":0}],"is_beta":false,"boss_relics":[],"items_purged_floors":[],"is_endless":false,"potions_floor_spawned":[1,2,8,13],"killed_by":"Hexaghost","ascension_level":0}