{"gold_per_floor":[119,119,132,147,165,193,193,209,259,287,307,327,327,342,342,440,440,440,440,7,7,0,0,0,0,0,0,0,0,0,0,0,0,0,0,0,0,0,0,0,0,0,0,0,0,0,0,0,0,0],"floor_reached":51,"playtime":1658,"items_purged":[],"score":762,"play_id":"67008b87-9759-411b-9e94-362062990d36","local_time":"20181002235717","is_ascension_mode":false,"campfire_choices":[{"floor":7.0,"key":"REST"},{"data":"Immolate","floor":13.0,"key":"SMITH"},{"data":"Spot Weakness","floor":15.0,"key":"SMITH"},{"data":"Pummel","floor":23.0,"key":"SMITH"},{"data":"Panache","floor":28.0,"key":"SMITH"},{"data":"Flex","floor":32.0,"key":"SMITH"},{"data":"Double Tap","floor":42,"key":"SMITH"},{"data":"Reaper","floor":44,"key":"SMITH"},{"data":"Evolve","floor":46,"key":"SMITH"},{"data":"Reaper","floor":49,"key":"SMITH"}],"neow_cost":"NONE","seed_source_timestamp":992296445400308,"circlet_count":0,"master_deck":["Strike_R","Strike_R","Strike_R","Defend_R","Defend_R+1","Defend_R","Bash","Evolve+1","Immolate+1","Disarm","Thunderclap","Shockwave","Infernal Blade","Sword Boomerang","Bloodletting+1","Thunderclap","Pommel Strike","Spot Weakness+1","Reaper+1","Reckless Charge+1","Metallicize+1","Panache+1","Pummel+1","Cleave","Flex+1","RitualDagger","Twin Strike+1","Double Tap+1","Wild Strike","Reaper+1","Armaments+1"],"special_seed":0,"relics":["Burning Blood","Incense Burner","Bag of Preparation","Meat on the Bone","Ectoplasm","Mango","Sundial","Juzu Bracelet","War Paint","Centennial Puzzle","Red Skull","Busted Crown","Red Mask","Bottled Lightning","Happy Flower","Bottled Tornado","Ornamental Fan"],"potions_floor_usage":[],"damage_taken":[{"damage":0.0,"enemies":"Small Slimes","floor":1.0,"turns":4.0},{"damage":14.0,"enemies":"2 Louse","floor":3.0,"turns":2.0},{"damage":5.0,"enemies":"Cultist","floor":4.0,"turns":4.0},{"damage":16.0,"enemies":"Exordium Thugs","floor":5.0,"turns":4.0},{"damage":48.0,"enemies":"Lagavulin","floor":6.0,"turns":6.0},{"damage":13.0,"enemies":"2 Fungi Beasts","floor":8.0,"turns":3.0},{"damage":23.0,"enemies":"3 Sentries","floor":10.0,"turns":5.0},{"damage":0.0,"enemies":"3 Louse","floor":11.0,"turns":1.0},{"damage":0.0,"enemies":"Blue Slaver","floor":12.0,"turns":1.0},{"damage":13.0,"enemies":"Looter","floor":14.0,"turns":2.0},{"damage":43.0,"enemies":"The Guardian","floor":16.0,"turns":10.0},{"damage":21.0,"enemies":"Spheric Guardian","floor":18.0,"turns":4.0},{"damage":9.0,"enemies":"Colosseum Slavers","floor":19.0,"turns":2.0},{"damage":17.0,"enemies":"Colosseum Nobs","floor":19.0,"turns":4.0},{"damage":10.0,"enemies":"2 Thieves","floor":22.0,"turns":2.0},{"damage":26.0,"enemies":"Book of Stabbing","floor":24.0,"turns":4.0},{"damage":0.0,"enemies":"Chosen and Byrds","floor":29.0,"turns":2.0},{"damage":17.0,"enemies":"Snecko","floor":31.0,"turns":5.0},{"damage":14.0,"enemies":"Champ","floor":33.0,"turns":5.0},{"damage":31.0,"enemies":"3 Shapes","floor":35.0,"turns":3.0},{"damage":21,"enemies":"Giant Head","floor":40,"turns":6},{"damage":4,"enemies":"3 Darklings","floor":41,"turns":2},{"damage":10,"enemies":"Reptomancer","floor":45,"turns":2},{"damage":39,"enemies":"Nemesis","floor":47,"turns":5},{"damage":39,"enemies":"Maw","floor":48,"turns":6},{"damage":94,"enemies":"Time Eater","floor":50,"turns":10}],"seed_played":"4831989626642360173","potions_obtained":[{"floor":4.0,"key":"GamblersBrew"},{"floor":8.0,"key":"Poison Potion"},{"floor":10.0,"key":"Ancient Potion"},{"floor":11.0,"key":"SkillPotion"},{"floor":12.0,"key":"Ancient Potion"},{"floor":18.0,"key":"PowerPotion"},{"floor":22.0,"key":"PowerPotion"},{"floor":35.0,"key":"FearPotion"}],"is_trial":false,"path_per_floor":["M","?","M","M","M","E","R","M","T","E","M","M","R","M","R","B",null,"M","?","$","?","M","R","E","$","T","?","R","M","?","M","R","B",null,"M","?","$","?","T","E","M","R","T","R","M","R","E","M","R","B"],"character_chosen":"IRONCLAD","items_purchased":["Panache","Juzu Bracelet","Pummel"],"campfire_rested":1,"item_purchase_floors":[20,20,20],"current_hp_per_floor":[80,80,72,73,63,21,45,38,38,21,39,57,57,50,50,25,80,65,77,77,77,73,73,65,65,65,46,46,64,58,59,59,63,99,89,89,89,89,89,74,79,79,79,79,97,97,99,73,73,19],"gold":0,"neow_bonus":"TRANSFORM_CARD","is_prod":false,"is_daily":false,"chose_seed":false,"campfire_upgraded":9,"win_rate":0,"timestamp":1538546237,"path_taken":["M","?","M","M","M","E","R","M","T","E","M","M","R","M","R","BOSS","M","?","$","?","M","R","E","$","T","?","R","M","?","M","R","BOSS","M","?","$","?","?","E","M","R","T","R","M","R","E","M","R","BOSS"],"build_version":"2018-09-27","purchased_purges":0,"victory":true,"max_hp_per_floor":[80,80,80,80,80,80,80,80,80,80,80,80,80,80,80,80,80,80,94,94,94,94,94,94,94,94,99,99,99,99,99,99,99,99,99,99,99,99,99,99,99,99,99,99,99,99,99,99,99,99],"card_choices":[{"not_picked":["Heavy Blade","Feel No Pain","Headbutt"],"picked":"SKIP","floor":1.0},{"not_picked":["Clothesline","Pummel"],"picked":"Disarm","floor":3.0},{"not_picked":["Dual Wield","Whirlwind"],"picked":"Thunderclap","floor":4.0},{"not_picked":["Shockwave","Heavy Blade","Disarm"],"picked":"SKIP","floor":5.0},{"not_picked":["Heavy Blade","Disarm"],"picked":"Shockwave","floor":5.0},{"not_picked":["Body Slam","Disarm"],"picked":"Infernal Blade","floor":6.0},{"not_picked":["True Grit","Clothesline"],"picked":"Sword Boomerang","floor":8.0},{"not_picked":["Clothesline","Twin Strike"],"picked":"Bloodletting","floor":10.0},{"not_picked":["Second Wind","Sword Boomerang"],"picked":"Thunderclap","floor":11.0},{"not_picked":["True Grit","Seeing Red"],"picked":"Pommel Strike","floor":12.0},{"not_picked":["Disarm","Hemokinesis"],"picked":"Spot Weakness","floor":14.0},{"not_picked":["Double Tap","Dark Embrace"],"picked":"Reaper","floor":16.0},{"not_picked":["Second Wind","Thunderclap"],"picked":"Reckless Charge+1","floor":18.0},{"not_picked":["Thunderclap","Iron Wave"],"picked":"Metallicize+1","floor":19.0},{"not_picked":["Uppercut","Metallicize","Iron Wave"],"picked":"SKIP","floor":22.0},{"not_picked":["Intimidate","Searing Blow"],"picked":"Cleave","floor":24.0},{"not_picked":["Headbutt","Heavy Blade"],"picked":"Flex","floor":29.0},{"not_picked":["Rage","Anger"],"picked":"Twin Strike+1","floor":31.0},{"not_picked":["Juggernaut","Fiend Fire"],"picked":"Double Tap","floor":33.0},{"not_picked":["Second Wind"],"picked":"SKIP","floor":35.0},{"not_picked":[],"picked":"Wild Strike","floor":40},{"not_picked":["Clash+1"],"picked":"SKIP","floor":41},{"not_picked":["Battle Trance"],"picked":"SKIP","floor":45},{"not_picked":[],"picked":"Reaper","floor":47},{"not_picked":[],"picked":"Armaments+1","floor":48}],"player_experience":490886,"relics_obtained":[{"floor":6.0,"key":"Incense Burner"},{"floor":9.0,"key":"Bag of Preparation"},{"floor":10.0,"key":"Meat on the Bone"},{"floor":19.0,"key":"Mango"},{"floor":19.0,"key":"Sundial"},{"floor":24.0,"key":"Centennial Puzzle"},{"floor":26.0,"key":"Red Skull"},{"floor":39,"key":"Bottled Lightning"},{"floor":40,"key":"Happy Flower"},{"floor":43,"key":"Bottled Tornado"},{"floor":47,"key":"Ornamental Fan"}],"event_choices":[{"event_name":"Living Wall","player_choice":"Change","floor":2.0,"damage_taken":0.0},{"event_name":"Colosseum","player_choice":"Fight","floor":19.0,"damage_taken":0.0},{"event_name":"Colosseum","player_choice":"Fought Nobs","floor":19.0,"damage_taken":0.0},{"event_name":"The Mausoleum","player_choice":"Yes","floor":21.0,"damage_taken":0.0},{"event_name":"Forgotten Altar","player_choice":"Shed Blood","floor":27.0,"damage_taken":0.0},{"event_name":"Nest","player_choice":"Joined the Cult","floor":30.0,"damage_taken":0.0},{"event_name":"Purifier","player_choice":"One Purge","floor":36.0,"damage_taken":0.0},{"event_name":"Tomb of Lord Red Mask","player_choice":"Paid","floor":38.0,"damage_taken":0.0}],"is_beta":false,"boss_relics":[{"not_picked":["Philosopher\u0027s Stone","Calling Bell"],"picked":"Ectoplasm"},{"not_picked":["Empty Cage","Velvet Choker"],"picked":"Busted Crown"}],"items_purged_floors":[],"is_endless":false,"potions_floor_spawned":[4,8,10,11,12,18,22,29,31,35,41],"ascension_level":0}