{"gold_per_floor":[113,129,129,142,162,162,188,207,207,241,241,241],"floor_reached":12,"playtime":522,"items_purged":[],"score":104,"play_id":"53eaaa08-adbe-444a-bc0b-db2b3f39149d","local_time":"20180729015836","is_ascension_mode":true,"campfire_choices":[{"data":"Flame Barrier","floor":6,"key":"SMITH"},{"data":"Flex","floor":11,"key":"SMITH"}],"neow_cost":"NONE","seed_source_timestamp":1215194769727492,"circlet_count":0,"master_deck":["Strike_R","Strike_R","Strike_R","Strike_R","Defend_R","Defend_R","Defend_R","Defend_R","Bash","Flame Barrier+1","Heavy Blade","Searing Blow","Spot Weakness","Flex+1"],"relics":["Burning Blood","Darkstone Periapt","Red Skull","Pen Nib"],"potions_floor_usage":[7,8],"damage_taken":[{"damage":2,"enemies":"Jaw Worm","floor":1,"turns":3},{"damage":2,"enemies":"Small Slimes","floor":2,"turns":5},{"damage":9,"enemies":"Cultist","floor":4,"turns":5},{"damage":33,"enemies":"Lots of Slimes","floor":5,"turns":6},{"damage":47,"enemies":"Lagavulin","floor":7,"turns":8},{"damage":2,"enemies":"3 Louse","floor":8,"turns":5},{"damage":17,"enemies":"3 Sentries","floor":10,"turns":8},{"damage":35,"enemies":"Lagavulin","floor":12,"turns":3}],"seed_played":"3752868016748499009","potions_obtained":[{"floor":2,"key":"Regen Potion"},{"floor":4,"key":"Strength Potion"}],"is_trial":false,"path_per_floor":["M","M","?","M","M","R","E","M","T","E","R"],"character_chosen":"IRONCLAD","items_purchased":[],"campfire_rested":0,"item_purchase_floors":[],"current_hp_per_floor":[80,80,80,77,50,50,9,27,27,16,16,0],"gold":241,"neow_bonus":"REMOVE_CARD","is_prod":false,"is_daily":false,"chose_seed":false,"campfire_upgraded":2,"win_rate":0,"timestamp":1532851116,"path_taken":["M","M","?","?","M","R","E","?","T","E","R","E"],"build_version":"2018-07-26","purchased_purges":0,"victory":false,"max_hp_per_floor":[80,80,80,80,80,80,80,80,80,80,80,80],"card_choices":[{"not_picked":["Havoc","Clothesline","Entrench"],"picked":"SKIP","floor":1},{"not_picked":["Warcry","Perfected Strike"],"picked":"Flame Barrier","floor":2},{"not_picked":["Reckless Charge","Corruption"],"picked":"Heavy Blade","floor":4},{"not_picked":["Heavy Blade","Pommel Strike"],"picked":"Searing Blow","floor":5},{"not_picked":["Reckless Charge","Sever Soul"],"picked":"Spot Weakness","floor":7},{"not_picked":["Havoc","Uppercut","Evolve"],"picked":"SKIP","floor":8},{"not_picked":["Havoc","Rupture"],"picked":"Flex","floor":10}],"player_experience":287854,"relics_obtained":[{"floor":7,"key":"Darkstone Periapt"},{"floor":9,"key":"Red Skull"},{"floor":10,"key":"Pen Nib"}],"event_choices":[{"event_name":"Liars Game","player_choice":"disagreed","floor":3,"damage_taken":0}],"is_beta":false,"boss_relics":[],"items_purged_floors":[],"is_endless":false,"potions_floor_spawned":[2,4],"killed_by":"Lagavulin","ascension_level":3}