{"gold_per_floor":[111,122,135,147,161,224,224,240,240,240,253,271,271,271,271,370,370,387,404,28,28,28,28,45,45],"floor_reached":25,"playtime":1940,"items_purged":[],"score":207,"play_id":"a71b436b-d7da-49aa-851f-ee49c42ffddb","local_time":"20180629121856","is_ascension_mode":false,"campfire_choices":[{"data":"Barricade","floor":7,"key":"SMITH"},{"data":"Inflame","floor":10,"key":"SMITH"},{"data":"Iron Wave","floor":15,"key":"SMITH"},{"data":"Limit Break","floor":23,"key":"SMITH"}],"neow_cost":"NONE","seed_source_timestamp":242528025334503,"circlet_count":0,"master_deck":["Strike_R","Strike_R","Strike_R","Strike_R","Defend_R","Defend_R","Defend_R","Defend_R","Bash","Inflame+1","Headbutt","Heavy Blade","Uppercut+1","Blood for Blood","Barricade+1","Iron Wave+1","Pommel Strike","Thunderclap","Limit Break+1","Flame Barrier+1","Intimidate+1","Shrug It Off","Armaments","Iron Wave","Flame Barrier+1","Dropkick+1"],"relics":["Black Blood","NeowsBlessing","Tiny Chest","Gremlin Horn","Self Forming Clay"],"potions_floor_usage":[16,24,25,25],"damage_taken":[{"damage":0,"enemies":"Jaw Worm","floor":1,"turns":1},{"damage":0,"enemies":"Cultist","floor":2,"turns":1},{"damage":0,"enemies":"Small Slimes","floor":3,"turns":1},{"damage":5,"enemies":"Exordium Thugs","floor":4,"turns":4},{"damage":19,"enemies":"Gremlin Gang","floor":5,"turns":5},{"damage":30,"enemies":"Lagavulin","floor":6,"turns":6},{"damage":18,"enemies":"Blue Slaver","floor":8,"turns":5},{"damage":6,"enemies":"Exordium Wildlife","floor":11,"turns":5},{"damage":8,"enemies":"2 Fungi Beasts","floor":12,"turns":3},{"damage":11,"enemies":"Slime Boss","floor":16,"turns":9},{"damage":44,"enemies":"Spheric Guardian","floor":18,"turns":6},{"damage":34,"enemies":"2 Thieves","floor":19,"turns":5},{"damage":8,"enemies":"Sentry and Sphere","floor":24,"turns":10},{"damage":29,"enemies":"Chosen and Byrds","floor":25,"turns":5}],"seed_played":"-212911532467174162","potions_obtained":[{"floor":1,"key":"EssenceOfSteel"},{"floor":4,"key":"SteroidPotion"},{"floor":11,"key":"SpeedPotion"},{"floor":16,"key":"Ancient Potion"},{"floor":24,"key":"Swift Potion"}],"is_trial":false,"path_per_floor":["M","M","M","M","M","E","R","M","T","R","M","M","?","?","R","B",null,"M","M","$","?","?","R","M"],"character_chosen":"IRONCLAD","items_purchased":["Self Forming Clay","Shrug It Off","Armaments","Iron Wave"],"campfire_rested":0,"item_purchase_floors":[20,20,20,20],"current_hp_per_floor":[80,80,80,80,67,43,43,31,31,31,31,29,29,29,29,24,80,46,22,22,22,22,22,24,0],"gold":45,"neow_bonus":"THREE_ENEMY_KILL","is_prod":false,"is_daily":false,"chose_seed":false,"campfire_upgraded":4,"win_rate":0.0,"timestamp":1530296336,"path_taken":["M","M","M","M","M","E","R","M","T","R","M","M","?","?","R","BOSS","M","M","$","?","?","R","M","M"],"build_version":"2018-06-28","purchased_purges":0,"victory":false,"max_hp_per_floor":[80,80,80,80,80,80,80,80,80,80,80,80,80,80,80,80,80,80,80,80,80,80,80,80,80],"card_choices":[{"not_picked":["Burning Pact","Clothesline"],"picked":"Inflame","floor":1},{"not_picked":["Perfected Strike","Twin Strike"],"picked":"Headbutt","floor":2},{"not_picked":["Flex","Shrug It Off"],"picked":"Heavy Blade","floor":3},{"not_picked":["Shrug It Off","Body Slam"],"picked":"Uppercut","floor":4},{"not_picked":["Sever Soul","Armaments"],"picked":"Blood for Blood","floor":5},{"not_picked":["True Grit","Perfected Strike"],"picked":"Barricade","floor":6},{"not_picked":["True Grit","Twin Strike"],"picked":"Iron Wave","floor":8},{"not_picked":["True Grit","Clothesline"],"picked":"Pommel Strike","floor":11},{"not_picked":["Body Slam","Cleave"],"picked":"Thunderclap","floor":12},{"not_picked":["Impervious","Dark Embrace"],"picked":"Limit Break","floor":16},{"not_picked":["Burning Pact","Clothesline"],"picked":"Flame Barrier+1","floor":18},{"not_picked":["Clothesline+1","Perfected Strike"],"picked":"Intimidate+1","floor":19},{"not_picked":["Sword Boomerang","Intimidate"],"picked":"Dropkick+1","floor":24}],"player_experience":64079,"relics_obtained":[{"floor":6,"key":"Tiny Chest"},{"floor":9,"key":"Gremlin Horn"}],"event_choices":[{"event_name":"Upgrade Shrine","player_choice":"Upgraded","floor":13,"damage_taken":0},{"event_name":"Purifier","player_choice":"One Purge","floor":14,"damage_taken":0},{"event_name":"Duplicator","player_choice":"One dupe","floor":21,"damage_taken":0},{"event_name":"Drug Dealer","player_choice":"Ignored","floor":22,"damage_taken":0}],"boss_relics":[{"not_picked":["Eternal Feather","Runic Pyramid"],"picked":"Black Blood"}],"items_purged_floors":[],"is_endless":false,"potions_floor_spawned":[1,4,11,16,24],"killed_by":"Chosen and Byrds","ascension_level":0}