{"gold_per_floor":[19,19,38,53,70,105,105,130,157,157,157,169,187,199,199,295,295,235,267,68,68,68,68,85,101,128,156,166,166,199,199,199,294,294,305,305,305,8,8,8,43,43,115,143,143,158,158],"floor_reached":47,"playtime":1866,"items_purged":["Strike_B","Strike_B"],"score":555,"play_id":"4d725b1e-64c5-4d24-8382-c80c5572b224","local_time":"20181125115403","is_ascension_mode":true,"campfire_choices":[{"floor":7.0,"key":"REST"},{"floor":10.0,"key":"REST"},{"data":"Creative AI","floor":15.0,"key":"SMITH"},{"floor":23.0,"key":"RECALL"},{"data":"Fusion","floor":29.0,"key":"SMITH"},{"data":"Force Field","floor":32.0,"key":"SMITH"},{"data":"Coolheaded","floor":40.0,"key":"SMITH"},{"data":"Glacier","floor":42.0,"key":"SMITH"},{"data":"Consume","floor":45,"key":"SMITH"}],"neow_cost":"NO_GOLD","seed_source_timestamp":40109958837943,"circlet_count":0,"master_deck":["Defend_B","Defend_B","Zap","Dualcast","Rebound","Cold Snap","Beam Cell","Sunder","Creative AI+1","Conserve Battery","Consume+1","Coolheaded+1","Heatsinks","Core Surge","Loop+1","Capacitor","Cold Snap","Ball Lightning","Fusion+1","Force Field+1","White Noise","Writhe","Biased Cognition","Tempest+1","Madness","Madness","Panache","Glacier+1","Force Field","Glacier"],"special_seed":0,"relics":["Cracked Core","Oddly Smooth Stone","Blood Vial","Smiling Mask","Coffee Dripper","Red Mask","Bag of Marbles","PreservedInsect","Juzu Bracelet","Dream Catcher","StoneCalendar","Sozu","Gremlin Horn","Pen Nib","DataDisk"],"potions_floor_usage":[47],"damage_taken":[{"damage":3.0,"enemies":"Jaw Worm","floor":1.0,"turns":3.0},{"damage":1.0,"enemies":"Cultist","floor":3.0,"turns":3.0},{"damage":0.0,"enemies":"Small Slimes","floor":4.0,"turns":2.0},{"damage":6.0,"enemies":"3 Louse","floor":5.0,"turns":4.0},{"damage":26.0,"enemies":"Gremlin Nob","floor":6.0,"turns":4.0},{"damage":36.0,"enemies":"Lagavulin","floor":8.0,"turns":6.0},{"damage":0.0,"enemies":"2 Fungi Beasts","floor":12.0,"turns":3.0},{"damage":7.0,"enemies":"Blue Slaver","floor":13.0,"turns":2.0},{"damage":2.0,"enemies":"Exordium Wildlife","floor":14.0,"turns":5.0},{"damage":21.0,"enemies":"Slime Boss","floor":16.0,"turns":9.0},{"damage":10.0,"enemies":"2 Thieves","floor":18.0,"turns":4.0},{"damage":9.0,"enemies":"Masked Bandits","floor":19.0,"turns":4.0},{"damage":3.0,"enemies":"3 Byrds","floor":24.0,"turns":4.0},{"damage":17.0,"enemies":"Shelled Parasite and Fungi","floor":25.0,"turns":7.0},{"damage":8.0,"enemies":"Gremlin Leader","floor":27.0,"turns":8.0},{"damage":14.0,"enemies":"3 Cultists","floor":28.0,"turns":6.0},{"damage":34.0,"enemies":"Book of Stabbing","floor":30.0,"turns":6.0},{"damage":8.0,"enemies":"Champ","floor":33.0,"turns":11.0},{"damage":0.0,"enemies":"3 Shapes","floor":35.0,"turns":5.0},{"damage":1.0,"enemies":"Reptomancer","floor":41.0,"turns":4.0},{"damage":47,"enemies":"Nemesis","floor":44,"turns":5},{"damage":19,"enemies":"Orb Walker","floor":46,"turns":3},{"damage":10,"enemies":"3 Darklings","floor":47,"turns":2}],"seed_played":"3177802248045954230","potions_obtained":[{"floor":3.0,"key":"SkillPotion"},{"floor":5.0,"key":"Poison Potion"},{"floor":8.0,"key":"SteroidPotion"},{"floor":12.0,"key":"Block Potion"},{"floor":19.0,"key":"PowerPotion"},{"floor":27.0,"key":"SkillPotion"},{"floor":30.0,"key":"Fire Potion"},{"floor":33.0,"key":"Strength Potion"}],"is_trial":false,"path_per_floor":["M","?","M","M","M","E","R","E","T","R","?","M","M","M","M","R","B",null,"M","?","$","?","?","R","M","M","T","E","M","R","E","?","R","B",null,"M","?","?","$","?","R","E","R","T","E","R","M","M"],"character_chosen":"DEFECT","items_purchased":["Bag of Marbles","Gremlin Horn"],"campfire_rested":2,"item_purchase_floors":[20,38],"current_hp_per_floor":[72,65,64,64,58,32,54,18,18,40,40,42,37,37,37,18,75,65,58,58,58,75,75,72,57,57,51,39,39,7,7,7,1,75,75,66,66,66,66,66,67,67,67,22,22,5,0],"gold":158,"neow_bonus":"REMOVE_TWO","is_prod":false,"is_daily":false,"chose_seed":false,"campfire_upgraded":6,"win_rate":0,"timestamp":1543172043,"path_taken":["M","?","?","M","M","E","R","E","T","R","?","M","M","?","R","BOSS","M","?","$","?","?","R","M","M","T","E","M","R","E","?","R","BOSS","M","?","?","$","?","R","E","R","T","E","R","M","M"],"build_version":"2018-11-15","purchased_purges":2,"victory":false,"max_hp_per_floor":[75,75,75,75,75,75,75,75,75,75,75,75,75,75,75,75,75,75,75,75,75,75,75,75,75,75,75,75,75,75,75,75,75,75,75,75,75,75,75,75,75,75,75,75,75,75,75],"card_choices":[{"not_picked":["Double Energy","Reprogram"],"picked":"Rebound","floor":1.0},{"not_picked":["Sweeping Beam","Sunder"],"picked":"Cold Snap","floor":3.0},{"not_picked":["Rebound","Sunder"],"picked":"Beam Cell","floor":4.0},{"not_picked":["Rebound","Cold Snap"],"picked":"Sunder","floor":5.0},{"not_picked":["Rip and Tear","Cold Snap"],"picked":"Creative AI","floor":6.0},{"not_picked":["Scrape","Hello World"],"picked":"Conserve Battery","floor":8.0},{"not_picked":["Barrage","Doom and Gloom","Scrape"],"picked":"SKIP","floor":12.0},{"not_picked":["Heatsinks","Static Discharge"],"picked":"Coolheaded","floor":13.0},{"not_picked":["Steam Power","Aggregate"],"picked":"Heatsinks","floor":14.0},{"not_picked":["Multi-Cast","Thunder Strike"],"picked":"Core Surge","floor":16.0},{"not_picked":["Sweeping Beam+1","Darkness"],"picked":"Loop+1","floor":18.0},{"not_picked":["Self Repair","Barrage"],"picked":"Capacitor","floor":19.0},{"not_picked":["Beam Cell","Ball Lightning"],"picked":"Cold Snap","floor":24.0},{"not_picked":["Turbo+1","Recycle"],"picked":"Ball Lightning","floor":25.0},{"not_picked":["Heatsinks+1","Skim"],"picked":"Fusion","floor":27.0},{"not_picked":["Cold Snap+1","Auto Shields"],"picked":"Force Field","floor":28.0},{"not_picked":["Stack","Cold Snap"],"picked":"White Noise","floor":30.0},{"not_picked":["Seek","All For One"],"picked":"Biased Cognition","floor":33.0},{"not_picked":["Consume+1","Rip and Tear+1"],"picked":"Tempest+1","floor":35.0},{"not_picked":["Purity","Transmutation"],"picked":"Panache","floor":37.0},{"not_picked":["Conserve Battery+1","Creative AI"],"picked":"Glacier","floor":41.0},{"not_picked":["Ball Lightning+1","Consume"],"picked":"Force Field","floor":44},{"not_picked":["Redo+1","Ball Lightning+1"],"picked":"Glacier","floor":46}],"player_experience":647648,"relics_obtained":[{"floor":6.0,"key":"Oddly Smooth Stone"},{"floor":8.0,"key":"Blood Vial"},{"floor":9.0,"key":"Smiling Mask"},{"floor":19.0,"key":"Red Mask"},{"floor":26.0,"key":"PreservedInsect"},{"floor":27.0,"key":"Juzu Bracelet"},{"floor":30.0,"key":"Dream Catcher"},{"floor":41.0,"key":"Pen Nib"},{"floor":44,"key":"DataDisk"}],"event_choices":[{"damage_healed":0.0,"max_hp_gain":0.0,"max_hp_loss":0.0,"gold_gain":0.0,"event_name":"Wheel of Change","player_choice":"Damaged","floor":2.0,"gold_loss":0.0,"damage_taken":7.0},{"damage_healed":0.0,"max_hp_gain":0.0,"max_hp_loss":0.0,"gold_gain":0.0,"cards_transformed":["Strike_B"],"event_name":"Transmorgrifier","player_choice":"Transformed","floor":11.0,"gold_loss":0.0,"damage_taken":0.0,"cards_obtained":["Consume"]},{"damage_healed":0.0,"max_hp_gain":0.0,"max_hp_loss":0.0,"gold_gain":0.0,"event_name":"Masked Bandits","player_choice":"Fought Bandits","floor":19.0,"gold_loss":0.0,"damage_taken":0.0},{"damage_healed":0.0,"max_hp_gain":0.0,"max_hp_loss":0.0,"gold_gain":0.0,"event_name":"Beggar","player_choice":"Ignored","floor":21.0,"gold_loss":0.0,"damage_taken":0.0},{"damage_healed":25.0,"max_hp_gain":0.0,"max_hp_loss":0.0,"gold_gain":0.0,"event_name":"The Library","player_choice":"Heal","floor":22.0,"gold_loss":0.0,"damage_taken":0.0},{"damage_healed":0.0,"max_hp_gain":0.0,"max_hp_loss":0.0,"gold_gain":0.0,"event_name":"The Mausoleum","player_choice":"Opened","floor":31.0,"gold_loss":0.0,"damage_taken":0.0,"relics_obtained":["StoneCalendar"],"cards_obtained":["Writhe"]},{"damage_healed":0.0,"max_hp_gain":0.0,"max_hp_loss":0.0,"gold_gain":0.0,"event_name":"Winding Halls","player_choice":"Embrace Madness","floor":36.0,"gold_loss":0.0,"damage_taken":9.0,"cards_obtained":["Madness","Madness"]},{"damage_healed":0.0,"max_hp_gain":0.0,"max_hp_loss":0.0,"gold_gain":0.0,"event_name":"SensoryStone","player_choice":"Memory 1","floor":37.0,"gold_loss":0.0,"damage_taken":0.0},{"cards_removed":["Defend_B"],"damage_healed":0.0,"max_hp_gain":0.0,"max_hp_loss":0.0,"gold_gain":0.0,"event_name":"Falling","player_choice":"Removed Skill","floor":39.0,"gold_loss":0.0,"damage_taken":0.0}],"is_beta":false,"boss_relics":[{"not_picked":["Eternal Feather","Orrery"],"picked":"Coffee Dripper"},{"not_picked":["Astrolabe","Lizard Tail"],"picked":"Sozu"}],"items_purged_floors":[20,38],"is_endless":false,"potions_floor_spawned":[3,5,8,12,19,27,30,33,35,41,46],"killed_by":"3 Darklings","ascension_level":1}