{"gold_per_floor":[116,116,136,148,40,74,40,55,105,105,118,118,118,131,131,254,254,267,71,71,71],"floor_reached":21,"playtime":1194,"items_purged":["Strike_B"],"score":197,"play_id":"23c70e84-4010-4245-9459-a7d4d9ac419c","local_time":"20190318132703","is_ascension_mode":true,"campfire_choices":[{"floor":13,"key":"REST"},{"floor":15,"key":"REST"}],"neow_cost":"NONE","seed_source_timestamp":1855072591613438,"circlet_count":0,"master_deck":["Strike_B","Strike_B","Defend_B","Defend_B+1","Defend_B","Defend_B","Zap","Dualcast+1","Ball Lightning","Go for the Eyes","Barrage","Loop","Capacitor","Auto Shields+1","Double Energy","Storm","Leap","Injury","Tempest","Electrodynamics","Redo+1","Self Repair","Ball Lightning","Necronomicurse"],"relics":["Eternal Feather","Gremlin Horn","War Paint","Golden Idol","Inserter","Necronomicon"],"potions_floor_usage":[16,16,16],"damage_taken":[{"damage":1,"enemies":"Small Slimes","floor":1,"turns":4},{"damage":2,"enemies":"Jaw Worm","floor":3,"turns":3},{"damage":1,"enemies":"Cultist","floor":4,"turns":3},{"damage":39,"enemies":"3 Sentries","floor":6,"turns":8},{"damage":3,"enemies":"Blue Slaver","floor":8,"turns":3},{"damage":11,"enemies":"Looter","floor":11,"turns":3},{"damage":6,"enemies":"Large Slime","floor":14,"turns":7},{"damage":54,"enemies":"The Guardian","floor":16,"turns":12},{"damage":50,"enemies":"Chosen","floor":18,"turns":6},{"damage":15,"enemies":"Spheric Guardian","floor":21,"turns":3}],"seed_played":"-7192511889503491927","potions_obtained":[{"floor":6,"key":"SkillPotion"},{"floor":8,"key":"FearPotion"},{"floor":14,"key":"Weak Potion"},{"floor":18,"key":"FocusPotion"}],"is_trial":false,"path_per_floor":["M","?","M","M","$","E","$","M","T","?","M","?","R","M","R","B",null,"M","$","?","M"],"character_chosen":"DEFECT","items_purchased":["Capacitor","Auto Shields","Storm","Self Repair","Ball Lightning"],"campfire_rested":2,"item_purchase_floors":[5,5,7,19,19],"current_hp_per_floor":[74,74,72,71,71,32,32,29,29,29,18,18,49,43,75,21,75,25,25,9,0],"gold":71,"neow_bonus":"BOSS_RELIC","is_prod":false,"is_daily":false,"chose_seed":false,"campfire_upgraded":0,"win_rate":0,"timestamp":1552926423,"path_taken":["M","?","M","M","$","E","$","M","T","?","?","?","R","M","R","BOSS","M","$","?","M"],"build_version":"2019-01-23","purchased_purges":1,"victory":false,"max_hp_per_floor":[75,75,75,75,75,75,75,75,75,75,75,75,75,75,75,75,75,75,75,75,75],"card_choices":[{"not_picked":["Turbo","Cold Snap"],"picked":"Ball Lightning","floor":1},{"not_picked":["Coolheaded","Heatsinks"],"picked":"Barrage","floor":3},{"not_picked":["Rainbow","Conserve Battery"],"picked":"Loop","floor":4},{"not_picked":["Aggregate","Steam"],"picked":"Double Energy","floor":6},{"not_picked":["Doom and Gloom","Rebound","Aggregate"],"picked":"SKIP","floor":8},{"not_picked":["Hologram","Conserve Battery"],"picked":"Leap","floor":11},{"not_picked":["Turbo","Beam Cell"],"picked":"Tempest","floor":14},{"not_picked":["Rainbow","Fission"],"picked":"Electrodynamics","floor":16},{"not_picked":["Streamline","Turbo+1"],"picked":"Redo+1","floor":18}],"player_experience":92026,"relics_obtained":[{"floor":6,"key":"Gremlin Horn"},{"floor":9,"key":"War Paint"},{"floor":20,"key":"Necronomicon"}],"event_choices":[{"damage_healed":0,"gold_gain":0,"cards_transformed":["Strike_B"],"player_choice":"Change","damage_taken":0,"max_hp_gain":0,"max_hp_loss":0,"event_name":"Living Wall","floor":2,"gold_loss":0,"cards_obtained":["Go for the Eyes"]},{"damage_healed":0,"gold_gain":0,"player_choice":"Upgraded","damage_taken":0,"max_hp_gain":0,"max_hp_loss":0,"event_name":"Upgrade Shrine","floor":10,"gold_loss":0,"cards_upgraded":["Auto Shields"]},{"damage_healed":0,"gold_gain":0,"player_choice":"Take Wound","damage_taken":0,"relics_obtained":["Golden Idol"],"max_hp_gain":0,"max_hp_loss":0,"event_name":"Golden Idol","floor":12,"gold_loss":0,"cards_obtained":["Injury"]},{"damage_healed":0,"gold_gain":0,"player_choice":"Obtained Book","damage_taken":16,"max_hp_gain":0,"max_hp_loss":0,"event_name":"Cursed Tome","floor":20,"gold_loss":0}],"is_beta":false,"boss_relics":[{"not_picked":["Astrolabe","Coffee Dripper"],"picked":"Inserter"}],"items_purged_floors":[19],"is_endless":false,"potions_floor_spawned":[6,8,14,18],"killed_by":"Spheric Guardian","ascension_level":2}