{"gold_per_floor":[118,118,129,149,164,164,194,194,194,220,220,236,264,19,19,19],"floor_reached":16,"playtime":695,"items_purged":["Strike_G"],"score":144,"play_id":"aeb94fda-32a8-4e62-ac48-80df0d4503dd","local_time":"20190316164714","is_ascension_mode":true,"campfire_choices":[{"data":"Riddle With Holes","floor":6,"key":"SMITH"},{"floor":8,"key":"REST"},{"floor":11,"key":"REST"},{"floor":15,"key":"REST"}],"neow_cost":"NONE","seed_source_timestamp":145132284088191,"circlet_count":0,"master_deck":["Defend_G","Defend_G","Defend_G","Defend_G","Defend_G","Strike_G","Strike_G","Strike_G","Strike_G","Survivor","Neutralize+1","Masterful Stab","Riddle With Holes+1","Poisoned Stab","Noxious Fumes","Deflect","PiercingWail"],"relics":["Ring of the Snake","Art of War","Blue Candle","Dead Branch","Matryoshka","Anchor"],"potions_floor_usage":[10],"damage_taken":[{"damage":0,"enemies":"Jaw Worm","floor":1,"turns":5},{"damage":0,"enemies":"Cultist","floor":3,"turns":4},{"damage":0,"enemies":"2 Louse","floor":4,"turns":2},{"damage":0,"enemies":"Exordium Wildlife","floor":5,"turns":5},{"damage":44,"enemies":"3 Sentries","floor":7,"turns":10},{"damage":32,"enemies":"Lagavulin","floor":10,"turns":9},{"damage":0,"enemies":"Exordium Thugs","floor":12,"turns":4},{"damage":40,"enemies":"3 Sentries","floor":13,"turns":7},{"damage":42,"enemies":"The Guardian","floor":16,"turns":10}],"seed_played":"-2387201521048331358","potions_obtained":[{"floor":2,"key":"Regen Potion"},{"floor":2,"key":"Ancient Potion"},{"floor":2,"key":"EssenceOfSteel"},{"floor":4,"key":"FairyPotion"},{"floor":12,"key":"LiquidBronze"}],"is_trial":false,"path_per_floor":["?","M"],"character_chosen":"THE_SILENT","items_purchased":["PiercingWail","Anchor"],"campfire_rested":3,"item_purchase_floors":[14,14],"current_hp_per_floor":[70,70,70,70,70,70,26,47,47,30,51,51,11,11,32,0],"gold":19,"neow_bonus":"UPGRADE_CARD","is_prod":false,"is_daily":false,"chose_seed":false,"campfire_upgraded":1,"win_rate":0,"timestamp":1552751234,"path_taken":["M","?","M","M","?","R","E","R","T","E","R","M","E","$","R","BOSS"],"build_version":"2019-01-23","purchased_purges":1,"victory":false,"max_hp_per_floor":[70,70,70,70,70,70,70,70,70,70,70,70,70,70,70,70],"card_choices":[{"not_picked":["Slice","Underhanded Strike"],"picked":"Masterful Stab","floor":1},{"not_picked":["Outmaneuver","Dash"],"picked":"Riddle With Holes","floor":3},{"not_picked":["Concentrate","Bouncing Flask","Underhanded Strike"],"picked":"SKIP","floor":4},{"not_picked":["Deadly Poison","Corpse Explosion","Sucker Punch"],"picked":"SKIP","floor":5},{"not_picked":["Flying Knee","Flechettes","Footwork"],"picked":"SKIP","floor":7},{"not_picked":["Bane","Bouncing Flask"],"picked":"Poisoned Stab","floor":10},{"not_picked":["Dagger Throw","Slice"],"picked":"Noxious Fumes","floor":12},{"not_picked":["Escape Plan","Dodge and Roll"],"picked":"Deflect","floor":13}],"player_experience":346716,"relics_obtained":[{"floor":7,"key":"Art of War"},{"floor":9,"key":"Blue Candle"},{"floor":10,"key":"Dead Branch"},{"floor":13,"key":"Matryoshka"}],"event_choices":[{"damage_healed":0,"gold_gain":0,"player_choice":"Got Potions","damage_taken":0,"max_hp_gain":0,"max_hp_loss":0,"event_name":"Lab","floor":2,"gold_loss":0}],"is_beta":false,"boss_relics":[],"items_purged_floors":[14],"is_endless":false,"potions_floor_spawned":[4,5,12,13],"killed_by":"The Guardian","ascension_level":4}