{"gold_per_floor":[115,19,29,29,44,77,77,104,185,185,203,47,62,82,82,179,179,197,212,40,58,58,58,70,99,99,133,8,41,41,57,57,154,154,170,182,182,197,47,47,77,77,77,94,94,194,194,194,194,194],"floor_reached":51,"playtime":2479,"items_purged":["Strike_G","Strike_G","Strike_G","Defend_G"],"score":1023,"play_id":"5a088f7f-8781-4325-b3b5-0113cb28e3e4","local_time":"20181111151812","is_ascension_mode":true,"campfire_choices":[{"floor":7.0,"key":"REST"},{"data":"Predator","floor":10.0,"key":"SMITH"},{"data":"Footwork","floor":15.0,"key":"SMITH"},{"floor":23.0,"key":"REST"},{"floor":32.0,"key":"REST"},{"floor":40.0,"key":"REST"},{"floor":42,"key":"REST"},{"floor":49,"key":"REST"}],"neow_cost":"NONE","seed_source_timestamp":10436415165971,"circlet_count":0,"master_deck":["Defend_G","Defend_G","Defend_G","Defend_G","Survivor","Neutralize","Crippling Poison","Deadly Poison","Backflip","Predator+1","Escape Plan","Deadly Poison","Footwork+1","Acrobatics","All Out Attack","Malaise","Bane+1","Noxious Fumes","Blur","Backflip+1","Expertise+1","Caltrops","Die Die Die","Calculated Gamble","Deadly Poison+1","Blade Dance+1","Madness","Madness","Enlightenment","Good Instincts","Blind"],"special_seed":0,"relics":["Busted Crown","Incense Burner","Omamori","Letter Opener","Fusion Hammer","Shuriken","Du-Vu Doll","Bronze Scales","Kunai","Runic Pyramid","Bottled Lightning","Frozen Egg 2","Ginger"],"potions_floor_usage":[50,50,50],"damage_taken":[{"damage":2.0,"enemies":"2 Louse","floor":1.0,"turns":3.0},{"damage":2.0,"enemies":"Jaw Worm","floor":3.0,"turns":3.0},{"damage":0.0,"enemies":"Cultist","floor":5.0,"turns":3.0},{"damage":33.0,"enemies":"Gremlin Nob","floor":6.0,"turns":5.0},{"damage":11.0,"enemies":"3 Sentries","floor":8.0,"turns":10.0},{"damage":2.0,"enemies":"Large Slime","floor":11.0,"turns":4.0},{"damage":1.0,"enemies":"3 Louse","floor":13.0,"turns":3.0},{"damage":0.0,"enemies":"2 Fungi Beasts","floor":14.0,"turns":3.0},{"damage":13.0,"enemies":"The Guardian","floor":16.0,"turns":9.0},{"damage":0.0,"enemies":"Shell Parasite","floor":18.0,"turns":5.0},{"damage":0.0,"enemies":"3 Byrds","floor":19.0,"turns":4.0},{"damage":5.0,"enemies":"3 Cultists","floor":21.0,"turns":5.0},{"damage":0.0,"enemies":"Snecko","floor":24.0,"turns":6.0},{"damage":19.0,"enemies":"Slavers","floor":25.0,"turns":4.0},{"damage":7.0,"enemies":"Gremlin Leader","floor":27.0,"turns":6.0},{"damage":2.0,"enemies":"Book of Stabbing","floor":29.0,"turns":6.0},{"damage":0.0,"enemies":"Centurion and Healer","floor":31.0,"turns":5.0},{"damage":24.0,"enemies":"Collector","floor":33.0,"turns":7.0},{"damage":1.0,"enemies":"Orb Walker","floor":35.0,"turns":4.0},{"damage":34.0,"enemies":"3 Darklings","floor":36.0,"turns":5.0},{"damage":3.0,"enemies":"Spire Growth","floor":38.0,"turns":5.0},{"damage":26.0,"enemies":"Giant Head","floor":41.0,"turns":10.0},{"damage":0,"enemies":"Maw","floor":44,"turns":7},{"damage":7,"enemies":"Mind Bloom Boss Battle","floor":46,"turns":6},{"damage":51,"enemies":"Donu and Deca","floor":50,"turns":10}],"seed_played":"2159627276240950202","potions_obtained":[{"floor":1.0,"key":"SmokeBomb"},{"floor":6.0,"key":"FearPotion"},{"floor":8.0,"key":"AttackPotion"},{"floor":14.0,"key":"Strength Potion"},{"floor":25.0,"key":"Swift Potion"},{"floor":33.0,"key":"Weak Potion"},{"floor":35.0,"key":"Ancient Potion"}],"is_trial":false,"path_per_floor":["M","$","M","?","M","E","R","E","T","R","M","$","M","M","R","B",null,"M","M","$","M","?","R","M","E","T","E","$","E","?","M","R","B",null,"M","M","?","M","$","R","E","E","R","T","M","?","?","?","?","R","B",null],"character_chosen":"THE_SILENT","items_purchased":["Deadly Poison","Backflip","Footwork","Noxious Fumes"],"campfire_rested":6,"item_purchase_floors":[2,2,12,20],"current_hp_per_floor":[61,61,59,59,59,26,47,36,36,36,34,34,33,33,33,20,58,58,58,58,53,53,70,70,51,51,44,44,42,42,42,63,39,62,61,27,27,24,24,45,19,40,40,40,31,24,61,51,61,10],"gold":194,"neow_bonus":"BOSS_RELIC","is_prod":false,"is_daily":false,"chose_seed":false,"campfire_upgraded":2,"win_rate":0,"timestamp":1541974692,"path_taken":["M","$","M","?","M","E","R","E","T","R","M","?","M","M","R","BOSS","M","M","$","?","?","R","M","E","T","E","$","E","?","M","R","BOSS","M","M","?","M","$","R","E","R","T","M","?","?","?","?","R","BOSS"],"build_version":"2018-11-08","purchased_purges":4,"victory":true,"max_hp_per_floor":[70,70,70,70,70,70,70,70,70,70,70,70,70,70,70,70,70,70,70,70,70,70,70,70,70,70,70,70,70,70,70,70,70,70,70,70,70,70,70,70,70,70,70,70,70,70,61,61,61,61],"card_choices":[{"not_picked":[],"picked":"Crippling Poison","floor":1.0},{"not_picked":[],"picked":"Predator","floor":3.0},{"not_picked":["Backflip"],"picked":"SKIP","floor":5.0},{"not_picked":[],"picked":"Escape Plan","floor":6.0},{"not_picked":["Reflex"],"picked":"SKIP","floor":8.0},{"not_picked":[],"picked":"Deadly Poison","floor":11.0},{"not_picked":[],"picked":"Acrobatics","floor":13.0},{"not_picked":[],"picked":"All Out Attack","floor":14.0},{"not_picked":[],"picked":"Malaise","floor":16.0},{"not_picked":["Setup"],"picked":"SKIP","floor":18.0},{"not_picked":[],"picked":"Bane+1","floor":19.0},{"not_picked":["Setup"],"picked":"SKIP","floor":21.0},{"not_picked":[],"picked":"Backflip+1","floor":24.0},{"not_picked":[],"picked":"Expertise+1","floor":25.0},{"not_picked":["Skewer"],"picked":"SKIP","floor":27.0},{"not_picked":[],"picked":"Caltrops","floor":29.0},{"not_picked":["Calculated Gamble"],"picked":"SKIP","floor":31.0},{"not_picked":[],"picked":"Deadly Poison+1","floor":35.0},{"not_picked":["Quick Slash"],"picked":"SKIP","floor":36.0},{"not_picked":["Backflip+1"],"picked":"SKIP","floor":38.0},{"not_picked":["Dagger Throw+1"],"picked":"SKIP","floor":41},{"not_picked":[],"picked":"Blade Dance+1","floor":44},{"not_picked":[],"picked":"Enlightenment","floor":48},{"not_picked":[],"picked":"Good Instincts","floor":48},{"not_picked":[],"picked":"Blind","floor":48}],"player_experience":582218,"relics_obtained":[{"floor":6.0,"key":"Incense Burner"},{"floor":8.0,"key":"Omamori"},{"floor":9.0,"key":"Letter Opener"},{"floor":25.0,"key":"Shuriken"},{"floor":26.0,"key":"Du-Vu Doll"},{"floor":27.0,"key":"Bronze Scales"},{"floor":29.0,"key":"Kunai"},{"floor":41,"key":"Bottled Lightning"},{"floor":43,"key":"Frozen Egg 2"},{"floor":46,"key":"Ginger"}],"event_choices":[{"damage_healed":0.0,"max_hp_gain":0.0,"max_hp_loss":0.0,"gold_gain":0.0,"event_name":"The Cleric","player_choice":"Leave","floor":4.0,"gold_loss":0.0,"damage_taken":0.0},{"damage_healed":0.0,"max_hp_gain":0.0,"max_hp_loss":0.0,"gold_gain":0.0,"event_name":"The Library","player_choice":"Read","floor":22.0,"gold_loss":0.0,"damage_taken":0.0,"cards_obtained":["Blur"]},{"damage_healed":0.0,"max_hp_gain":0.0,"max_hp_loss":0.0,"gold_gain":0.0,"cards_transformed":["Strike_G","Strike_G"],"event_name":"Drug Dealer","player_choice":"Became Test Subject","floor":30.0,"gold_loss":0.0,"damage_taken":0.0,"cards_obtained":["Die Die Die","Calculated Gamble"]},{"damage_healed":0.0,"max_hp_gain":0.0,"max_hp_loss":0.0,"gold_gain":0.0,"event_name":"Mysterious Sphere","player_choice":"Ignored","floor":37.0,"gold_loss":0.0,"damage_taken":0.0},{"damage_healed":0,"gold_gain":0,"player_choice":"Embrace Madness","damage_taken":9,"max_hp_gain":0,"max_hp_loss":0,"event_name":"Winding Halls","floor":45,"gold_loss":0,"cards_obtained":["Madness","Madness"]},{"damage_healed":0,"gold_gain":0,"player_choice":"Fight","damage_taken":0,"max_hp_gain":0,"max_hp_loss":0,"event_name":"MindBloom","floor":46,"gold_loss":0},{"damage_healed":61,"gold_gain":0,"player_choice":"Heal","damage_taken":0,"max_hp_gain":0,"max_hp_loss":9,"event_name":"The Moai Head","floor":47,"gold_loss":0},{"damage_healed":0,"gold_gain":0,"player_choice":"Memory 3","damage_taken":10,"max_hp_gain":0,"max_hp_loss":0,"event_name":"SensoryStone","floor":48,"gold_loss":0}],"is_beta":false,"boss_relics":[{"not_picked":["White Beast Statue","Snecko Eye"],"picked":"Fusion Hammer"},{"not_picked":["Lizard Tail","Coffee Dripper"],"picked":"Runic Pyramid"}],"items_purged_floors":[12,20,28,39],"is_endless":false,"potions_floor_spawned":[1,6,8,14,18,24,25,33,35,44,46],"ascension_level":8}