{"path_per_floor":["M","?","M","M","?","R","M","M","T","R","E","M","R","M","R","B",null,"M","M","$","?","?","R","?"],"character_chosen":"DEFECT","items_purchased":["Toxic Egg 2"],"gold_per_floor":[112,112,125,135,135,135,158,172,172,172,208,227,227,240,240,359,359,382,397,142,57,57,57,57,57],"floor_reached":25,"campfire_rested":2,"playtime":1144,"current_hp_per_floor":[68,53,41,41,23,45,45,43,43,65,58,58,58,58,58,25,82,72,61,61,61,61,61,61,9],"items_purged":[],"gold":57,"score":233,"play_id":"a896f9f3-b21d-4abb-98ef-c04c18174f18","local_time":"20180512012457","is_prod":false,"is_daily":false,"chose_seed":false,"is_ascension_mode":true,"campfire_upgraded":3,"timestamp":1526106297,"path_taken":["M","?","?","M","?","R","M","M","T","R","E","M","R","M","R","BOSS","M","M","$","?","?","R","?","M"],"build_version":"2018-05-10","seed_source_timestamp":266190157767565,"purchased_purges":1,"victory":false,"master_deck":["Strike_B+1","Strike_B+1","Strike_B+1","Strike_B+1","Defend_B+1","Defend_B+1","Defend_B+1","Defend_B+1","Zap+1","Dualcast","Genetic Algorithm+1","Stack","Melter","BootSequence","White Noise+1","Beam Cell+1","Creative AI+1","Double Energy","Ball Lightning","Defragment","FTL","Ball Lightning"],"max_hp_per_floor":[75,75,75,75,75,75,75,75,75,75,82,82,82,82,82,82,82,82,82,82,82,82,82,82,82],"relics":["Cracked Core","Golden Idol","Toolbox","Strawberry","Orrery","Toxic Egg 2","Gambling Chip"],"card_choices":[{"not_picked":["Static Discharge","Undo"],"picked":"Genetic Algorithm","floor":1.0},{"not_picked":["Skim","Axe Kick"],"picked":"Stack","floor":3.0},{"not_picked":["Leap","Rebound"],"picked":"Melter","floor":4.0},{"not_picked":["Streamline","Double Energy"],"picked":"BootSequence","floor":7.0},{"not_picked":["Barrage","Stack"],"picked":"White Noise","floor":11},{"not_picked":["Hologram","Heatsinks"],"picked":"Beam Cell","floor":12},{"not_picked":["Seek","Hyperbeam"],"picked":"Creative AI","floor":16},{"not_picked":["Coolheaded","Capacitor"],"picked":"Double Energy","floor":17},{"not_picked":["Go for the Eyes","Rebound"],"picked":"Ball Lightning","floor":17},{"not_picked":["Cold Snap","Seek"],"picked":"Defragment","floor":17},{"not_picked":["Stack","Barrage"],"picked":"FTL","floor":18},{"not_picked":["Steam","Hello World"],"picked":"Ball Lightning","floor":19}],"player_experience":94580,"potions_floor_usage":[14,16],"damage_taken":[{"damage":7.0,"enemies":"Jaw Worm","floor":1.0,"turns":3.0},{"damage":12.0,"enemies":"Small Slimes","floor":3.0,"turns":3.0},{"damage":0.0,"enemies":"Cultist","floor":4.0,"turns":3.0},{"damage":0.0,"enemies":"Large Slime","floor":7.0,"turns":3.0},{"damage":2.0,"enemies":"3 Louse","floor":8.0,"turns":4.0},{"damage":14,"enemies":"Lagavulin","floor":11,"turns":6},{"damage":0,"enemies":"Blue Slaver","floor":12,"turns":4},{"damage":0,"enemies":"Large Slime","floor":14,"turns":6},{"damage":33,"enemies":"The Guardian","floor":16,"turns":12},{"damage":10,"enemies":"Chosen","floor":18,"turns":5},{"damage":11,"enemies":"Spheric Guardian","floor":19,"turns":3},{"damage":52,"enemies":"3 Cultists","floor":25,"turns":5}],"event_choices":[{"event_name":"Shining Light","player_choice":"Entered Light","floor":2.0,"damage_taken":0.0},{"event_name":"Golden Idol","player_choice":"Take Damage","floor":5.0,"damage_taken":0.0},{"event_name":"Addict","player_choice":"Obtained Relic","floor":21,"damage_taken":0},{"event_name":"Beggar","player_choice":"Ignored","floor":22,"damage_taken":0},{"event_name":"Back to Basics","player_choice":"Simplicity","floor":24,"damage_taken":0}],"boss_relics":[{"not_picked":["Black Star","Runic Dome"],"picked":"Orrery"}],"potions_floor_spawned":[1,4,12,14,18,19],"seed_played":"1904219328503782762","killed_by":"3 Cultists","ascension_level":3,"is_trial":false}