{"gold_per_floor":[19,32,45,45,45,74,74,90,90,90,107,107,141,316,316,414,414,429,447,447,42,42,42,68,68,94,94],"floor_reached":27,"playtime":1135,"items_purged":["Doubt"],"score":335,"play_id":"10182442-c84b-4783-a460-ff226dc557f2","local_time":"20181111143621","is_ascension_mode":true,"campfire_choices":[{"floor":7.0,"key":"REST"},{"data":"Footwork","floor":10.0,"key":"SMITH"},{"floor":12.0,"key":"REST"},{"data":"Catalyst","floor":15.0,"key":"SMITH"},{"data":"After Image","floor":23.0,"key":"SMITH"}],"neow_cost":"NO_GOLD","seed_source_timestamp":9126221532500,"circlet_count":0,"master_deck":["Defend_G","Defend_G","Defend_G","Strike_G","Strike_G","Strike_G","Strike_G","Survivor","Neutralize","Deadly Poison","Caltrops","Blur","Footwork+1","Predator","Deadly Poison","Catalyst+1","After Image+1","Blur","Well Laid Plans"],"special_seed":0,"relics":["Ring of the Snake","Ornamental Fan","The Courier","Question Card","Sozu","Lee\u0027s Waffle","Matryoshka","Anchor","Potion Belt","Smiling Mask"],"potions_floor_usage":[],"damage_taken":[{"damage":2.0,"enemies":"Small Slimes","floor":1.0,"turns":5.0},{"damage":2.0,"enemies":"Cultist","floor":2.0,"turns":4.0},{"damage":0.0,"enemies":"Jaw Worm","floor":3.0,"turns":4.0},{"damage":44.0,"enemies":"Gremlin Nob","floor":6.0,"turns":5.0},{"damage":9.0,"enemies":"3 Louse","floor":8.0,"turns":5.0},{"damage":0.0,"enemies":"Large Slime","floor":11.0,"turns":5.0},{"damage":16.0,"enemies":"Lagavulin","floor":13.0,"turns":5.0},{"damage":31.0,"enemies":"Slime Boss","floor":16.0,"turns":13.0},{"damage":13.0,"enemies":"Shell Parasite","floor":18.0,"turns":6.0},{"damage":10.0,"enemies":"Spheric Guardian","floor":19.0,"turns":6.0},{"damage":70.0,"enemies":"Gremlin Leader","floor":24.0,"turns":10.0},{"damage":12,"enemies":"Snake Plant","floor":27,"turns":2}],"seed_played":"-7046523896608072867","potions_obtained":[{"floor":6.0,"key":"FearPotion"},{"floor":8.0,"key":"Strength Potion"},{"floor":16.0,"key":"PowerPotion"}],"is_trial":false,"path_per_floor":["M","M","M","$","?","E","R","M","T","R","M","R","E","?","R","B",null,"M","M","?","$","?","R","E","E","$","T","M"],"character_chosen":"THE_SILENT","items_purchased":["Lee\u0027s Waffle","Matryoshka"],"campfire_rested":2,"item_purchase_floors":[21,21],"current_hp_per_floor":[61,59,59,59,59,15,36,27,27,27,27,48,32,32,32,1,53,40,30,30,77,77,77,7,7,7,0],"gold":94,"neow_bonus":"REMOVE_TWO","is_prod":false,"is_daily":false,"chose_seed":false,"campfire_upgraded":3,"win_rate":0,"timestamp":1541972181,"path_taken":["M","M","M","$","?","E","R","M","T","R","?","R","E","?","R","BOSS","M","M","?","$","?","R","E","?","T","M"],"build_version":"2018-11-08","purchased_purges":1,"victory":false,"max_hp_per_floor":[70,70,70,70,70,70,70,70,70,70,70,70,70,70,70,70,70,70,70,70,77,77,77,77,77,77,77],"card_choices":[{"not_picked":["PiercingWail","Underhanded Strike"],"picked":"Deadly Poison","floor":1.0},{"not_picked":["Setup","Reflex"],"picked":"Caltrops","floor":2.0},{"not_picked":["Dodge and Roll","Concentrate"],"picked":"Blur","floor":3.0},{"not_picked":["Setup","Predator"],"picked":"Footwork","floor":6.0},{"not_picked":["Die Die Die","Flying Knee"],"picked":"Predator","floor":8.0},{"not_picked":["Slice","Dagger Spray"],"picked":"Deadly Poison","floor":11.0},{"not_picked":["Deadly Poison","Cloak And Dagger"],"picked":"Catalyst","floor":13.0},{"not_picked":["A Thousand Cuts","Phantasmal Killer","Tools of the Trade"],"picked":"After Image","floor":16.0},{"not_picked":["Eviscerate+1","Deadly Poison","Poisoned Stab"],"picked":"Blur","floor":18.0},{"not_picked":["Dagger Spray","Predator","Acrobatics"],"picked":"Well Laid Plans","floor":19.0},{"not_picked":["Eviscerate","Setup","Concentrate","Dagger Throw+1"],"picked":"SKIP","floor":24}],"player_experience":581083,"relics_obtained":[{"floor":6.0,"key":"Ornamental Fan"},{"floor":9.0,"key":"The Courier"},{"floor":13.0,"key":"Question Card"},{"floor":24,"key":"Anchor"},{"floor":26,"key":"Potion Belt"},{"floor":26,"key":"Smiling Mask"}],"event_choices":[{"cards_removed":["Defend_G"],"damage_healed":0.0,"max_hp_gain":0.0,"max_hp_loss":0.0,"gold_gain":0.0,"event_name":"Purifier","player_choice":"Purged","floor":5.0,"gold_loss":0.0,"damage_taken":0.0},{"damage_healed":0.0,"max_hp_gain":0.0,"max_hp_loss":0.0,"gold_gain":175.0,"event_name":"Liars Game","player_choice":"AGREE","floor":14.0,"gold_loss":0.0,"damage_taken":0.0,"cards_obtained":["Doubt"]},{"damage_healed":0.0,"max_hp_gain":0.0,"max_hp_loss":0.0,"gold_gain":0.0,"event_name":"Ghosts","player_choice":"Ignored","floor":20.0,"gold_loss":0.0,"damage_taken":0.0}],"is_beta":false,"boss_relics":[{"not_picked":["Black Star","Coffee Dripper"],"picked":"Sozu"}],"items_purged_floors":[21],"is_endless":false,"potions_floor_spawned":[6,8,16],"killed_by":"Snake Plant","ascension_level":8}