{"gold_per_floor":[16,33,33,33,33,33,46,62,114,132,132,149,48,68,68,171,171,139,166,180,27,27,55,55,71,97,97],"floor_reached":27,"playtime":965,"items_purged":[],"score":275,"play_id":"4044171c-6aba-4bad-9927-6e896bde950c","local_time":"20190320191817","is_ascension_mode":false,"campfire_choices":[{"floor":6,"key":"REST"},{"floor":11,"key":"REST"},{"data":"Acrobatics","floor":15,"key":"SMITH"},{"floor":24,"key":"REST"}],"neow_cost":"NO_GOLD","seed_source_timestamp":499512485918679,"circlet_count":0,"master_deck":["Defend_G","Defend_G","Defend_G","Defend_G","Defend_G","Strike_G","Strike_G","Strike_G","Strike_G+1","Strike_G","Survivor+1","Neutralize","Dagger Spray","Concentrate","Distraction","Eviscerate","Backflip","Escape Plan","Acrobatics+1","Backstab","Masterful Stab","A Thousand Cuts","Underhanded Strike","Acrobatics+1","Quick Slash","J.A.X.","Die Die Die","Underhanded Strike"],"relics":["Ring of the Serpent","Ginger","Vajra","Blood Vial","Red Mask","PreservedInsect","Bronze Scales","Juzu Bracelet"],"potions_floor_usage":[18],"damage_taken":[{"damage":6,"enemies":"Jaw Worm","floor":1,"turns":5},{"damage":1,"enemies":"2 Louse","floor":2,"turns":2},{"damage":0,"enemies":"Small Slimes","floor":7,"turns":2},{"damage":12,"enemies":"Blue Slaver","floor":8,"turns":4},{"damage":0,"enemies":"Large Slime","floor":10,"turns":4},{"damage":0,"enemies":"Gremlin Gang","floor":12,"turns":3},{"damage":2,"enemies":"Looter","floor":14,"turns":4},{"damage":0,"enemies":"Slime Boss","floor":16,"turns":7},{"damage":10,"enemies":"2 Thieves","floor":18,"turns":5},{"damage":11,"enemies":"Masked Bandits","floor":19,"turns":3},{"damage":0,"enemies":"Spheric Guardian","floor":20,"turns":3},{"damage":14,"enemies":"Slavers","floor":23,"turns":3},{"damage":37,"enemies":"Shelled Parasite and Fungi","floor":25,"turns":5},{"damage":0,"enemies":"3 Cultists","floor":27,"turns":1}],"seed_played":"-3509629986921344348","potions_obtained":[{"floor":1,"key":"Block Potion"},{"floor":2,"key":"Weak Potion"},{"floor":10,"key":"Poison Potion"},{"floor":19,"key":"LiquidBronze"}],"is_trial":false,"path_per_floor":["?","?","?","M","?","?"],"character_chosen":"THE_SILENT","items_purchased":["Acrobatics","Backstab","PreservedInsect"],"campfire_rested":3,"item_purchase_floors":[13,13,21],"current_hp_per_floor":[64,63,30,30,16,37,37,25,25,27,48,50,50,50,50,52,70,60,51,53,53,53,41,62,27,27,29],"gold":97,"neow_bonus":"ONE_RARE_RELIC","is_prod":false,"is_daily":false,"chose_seed":false,"campfire_upgraded":1,"win_rate":0,"timestamp":1553105897,"path_taken":["M","M","?","?","?","R","M","M","T","M","R","M","$","?","R","BOSS","M","?","M","$","?","E","R","M","T","M"],"build_version":"2019-01-23","purchased_purges":0,"victory":false,"max_hp_per_floor":[70,70,70,70,70,70,70,70,70,70,70,70,70,70,70,70,70,70,70,70,70,70,70,70,70,70,70],"card_choices":[{"not_picked":["Noxious Fumes","PiercingWail"],"picked":"Dagger Spray","floor":1},{"not_picked":["Prepared","Deadly Poison"],"picked":"Concentrate","floor":2},{"not_picked":["Quick Slash","Bane"],"picked":"Distraction","floor":7},{"not_picked":["Well Laid Plans","Dagger Throw"],"picked":"Eviscerate","floor":8},{"not_picked":["Slice","Wraith Form v2"],"picked":"Backflip","floor":10},{"not_picked":["Choke","Cloak And Dagger"],"picked":"Escape Plan","floor":12},{"not_picked":["Riddle With Holes","Reflex"],"picked":"Masterful Stab","floor":14},{"not_picked":["Grand Finale","Envenom"],"picked":"A Thousand Cuts","floor":16},{"not_picked":["Expertise","Backflip"],"picked":"Underhanded Strike","floor":18},{"not_picked":["Flying Knee","Bane+1"],"picked":"Acrobatics+1","floor":19},{"not_picked":["Blade Dance+1","Deflect"],"picked":"Quick Slash","floor":20},{"not_picked":["Well Laid Plans","Infinite Blades"],"picked":"Die Die Die","floor":23},{"not_picked":["Acrobatics","Reflex"],"picked":"Underhanded Strike","floor":25}],"player_experience":440185,"relics_obtained":[{"floor":9,"key":"Blood Vial"},{"floor":19,"key":"Red Mask"},{"floor":23,"key":"Bronze Scales"},{"floor":26,"key":"Juzu Bracelet"}],"event_choices":[{"damage_healed":0,"gold_gain":0,"player_choice":"Success","damage_taken":33,"relics_obtained":["Vajra"],"max_hp_gain":0,"max_hp_loss":0,"event_name":"Scrap Ooze","floor":3,"gold_loss":0},{"damage_healed":0,"gold_gain":0,"player_choice":"Leave","damage_taken":0,"max_hp_gain":0,"max_hp_loss":0,"event_name":"The Cleric","floor":4,"gold_loss":0},{"damage_healed":0,"gold_gain":0,"player_choice":"Entered Light","damage_taken":14,"max_hp_gain":0,"max_hp_loss":0,"event_name":"Shining Light","floor":5,"gold_loss":0,"cards_upgraded":["Survivor","Strike_G"]},{"damage_healed":0,"gold_gain":0,"player_choice":"Fought Bandits","damage_taken":0,"max_hp_gain":0,"max_hp_loss":0,"event_name":"Masked Bandits","floor":19,"gold_loss":0},{"damage_healed":0,"gold_gain":0,"player_choice":"Obtain J.A.X.","damage_taken":0,"max_hp_gain":0,"max_hp_loss":0,"event_name":"Drug Dealer","floor":22,"gold_loss":0,"cards_obtained":["J.A.X."]}],"is_beta":false,"boss_relics":[{"not_picked":["Eternal Feather","Black Star"],"picked":"Ring of the Serpent"}],"items_purged_floors":[],"is_endless":false,"potions_floor_spawned":[1,2,10,14,19,25],"killed_by":"3 Cultists","ascension_level":0}