{"gold_per_floor":[109,125,125,32,47,47,66,96,96,96,111,123,123,133,133,236,236,247,18,36,36],"floor_reached":21,"playtime":773,"items_purged":[],"score":183,"play_id":"fb80c7dc-140a-4c7a-8a51-79d789e893a9","local_time":"20180801001701","is_ascension_mode":false,"campfire_choices":[{"data":"Zap","floor":6,"key":"SMITH"},{"data":"Dualcast","floor":10,"key":"SMITH"},{"data":"Creative AI","floor":13,"key":"SMITH"},{"data":"White Noise","floor":15,"key":"SMITH"}],"neow_cost":"NONE","seed_source_timestamp":1468014483925063,"circlet_count":0,"master_deck":["Strike_B","Strike_B","Strike_B","Defend_B","Defend_B","Defend_B","Defend_B","Zap+1","Dualcast+1","Darkness","Cold Snap","All For One","Beam Cell","Capacitor","Go for the Eyes","Melter","Self Repair","Rebound","Creative AI+1","White Noise+1","Meteor Strike","Hello World+1","Core Surge","Consume","Jack Of All Trades","Mind Blast","Dark Shackles","Flash of Steel","Mind Blast","Good Instincts","Madness","Madness","Flash of Steel","Blind"],"relics":["White Beast Statue","Question Card","Nuclear Battery","Potion Belt"],"potions_floor_usage":[7,8,8,12,16,16,16,16,16,18],"damage_taken":[{"damage":0,"enemies":"Small Slimes","floor":1,"turns":2},{"damage":1,"enemies":"Cultist","floor":2,"turns":3},{"damage":0,"enemies":"2 Louse","floor":5,"turns":4},{"damage":0,"enemies":"Large Slime","floor":7,"turns":4},{"damage":22,"enemies":"Gremlin Nob","floor":8,"turns":5},{"damage":10,"enemies":"Looter","floor":11,"turns":2},{"damage":8,"enemies":"Exordium Wildlife","floor":12,"turns":3},{"damage":6,"enemies":"Large Slime","floor":14,"turns":4},{"damage":18,"enemies":"Hexaghost","floor":16,"turns":7},{"damage":5,"enemies":"Chosen","floor":18,"turns":6},{"damage":0,"enemies":"Spheric Guardian","floor":20,"turns":2}],"seed_played":"5973288700750432269","potions_obtained":[{"floor":1,"key":"Swift Potion"},{"floor":2,"key":"FearPotion"},{"floor":5,"key":"FairyPotion"},{"floor":7,"key":"AttackPotion"},{"floor":8,"key":"AttackPotion"},{"floor":11,"key":"FearPotion"},{"floor":12,"key":"PowerPotion"},{"floor":14,"key":"EntropicBrew"},{"floor":16,"key":"Poison Potion"},{"floor":18,"key":"SteroidPotion"},{"floor":20,"key":"AttackPotion"}],"is_trial":false,"path_per_floor":["M","M","?","$","M","R","M","E","T","R","M","M","R","M","R","B",null,"M","$","M"],"character_chosen":"DEFECT","items_purchased":["Beam Cell","Capacitor","Core Surge","Potion Belt"],"campfire_rested":0,"item_purchase_floors":[4,4,19,19],"current_hp_per_floor":[75,74,74,74,74,74,74,52,52,52,42,41,41,42,42,45,75,75,75,75,0],"gold":36,"neow_bonus":"BOSS_RELIC","is_prod":false,"is_daily":false,"chose_seed":false,"campfire_upgraded":4,"win_rate":0,"timestamp":1533104221,"path_taken":["M","M","?","$","M","R","M","E","T","R","M","?","R","M","R","BOSS","M","$","M","?"],"build_version":"2018-07-26","purchased_purges":0,"victory":false,"max_hp_per_floor":[75,75,75,75,75,75,75,75,75,75,75,75,75,75,75,75,75,75,75,75,75],"card_choices":[{"not_picked":["Turbo","Reprogram"],"picked":"Darkness","floor":1},{"not_picked":["BootSequence","Compile Driver"],"picked":"Cold Snap","floor":2},{"not_picked":["Compile Driver","Chaos"],"picked":"Go for the Eyes","floor":5},{"not_picked":["Genetic Algorithm","Stack","Melter"],"picked":"SKIP","floor":7},{"not_picked":["Genetic Algorithm","Stack"],"picked":"Melter","floor":7},{"not_picked":["Sunder","Ball Lightning"],"picked":"Self Repair","floor":8},{"not_picked":["Turbo","Sweeping Beam","Cold Snap"],"picked":"Rebound","floor":11},{"not_picked":["Go for the Eyes","White Noise","Hologram"],"picked":"Creative AI","floor":12},{"not_picked":["Hologram","Genetic Algorithm","Rebound"],"picked":"White Noise","floor":14},{"not_picked":["All For One","Fission","Amplify"],"picked":"Meteor Strike","floor":16},{"not_picked":["Force Field","Rebound","Undo"],"picked":"Hello World+1","floor":18},{"not_picked":["Turbo","Self Repair","White Noise"],"picked":"Consume","floor":20}],"player_experience":314597,"relics_obtained":[{"floor":8,"key":"Question Card"}],"event_choices":[{"event_name":"Living Wall","player_choice":"Change","floor":3,"damage_taken":0}],"is_beta":false,"boss_relics":[{"not_picked":["Cursed Key","Coffee Dripper"],"picked":"Nuclear Battery"}],"items_purged_floors":[],"is_endless":false,"potions_floor_spawned":[1,2,5,7,8,11,12,14,16,18,20],"ascension_level":0}