{"gold_per_floor":[116,129,147,102,114,114,124,135,214,234,234,234,251,268,268,369,369,386,402,72,86,86],"floor_reached":22,"playtime":1111,"items_purged":[],"score":209,"play_id":"02f3a260-a82f-43b1-a0d3-4b33116dafcd","local_time":"20180701213123","is_ascension_mode":false,"campfire_choices":[{"data":"Chaos","floor":6,"key":"SMITH"},{"data":"Fusion","floor":15,"key":"SMITH"}],"neow_cost":"NONE","seed_source_timestamp":10962135468083,"circlet_count":0,"master_deck":["Strike_B","Strike_B","Strike_B","Strike_B","Defend_B","Defend_B","Defend_B","Defend_B","Zap+1","Dualcast","Chaos+1","Beam Cell","Gash","Gash","Rebound","Redo","Fusion+1","Hologram","Reboot","Cold Snap","Biased Cognition","Double Energy","Melter","Capacitor","Gash","Gash","Gash","Glacier","Sunder","Conserve Battery"],"relics":["Cracked Core","Pear","Orrery","Incense Burner"],"potions_floor_usage":[16,22],"damage_taken":[{"damage":0,"enemies":"Cultist","floor":1,"turns":3},{"damage":7,"enemies":"2 Louse","floor":2,"turns":2},{"damage":7,"enemies":"Small Slimes","floor":3,"turns":4},{"damage":5,"enemies":"Looter","floor":5,"turns":3},{"damage":13,"enemies":"Exordium Thugs","floor":7,"turns":4},{"damage":7,"enemies":"Blue Slaver","floor":8,"turns":3},{"damage":12,"enemies":"Large Slime","floor":10,"turns":5},{"damage":0,"enemies":"Exordium Wildlife","floor":13,"turns":2},{"damage":5,"enemies":"3 Louse","floor":14,"turns":2},{"damage":55,"enemies":"Hexaghost","floor":16,"turns":10},{"damage":5,"enemies":"Spheric Guardian","floor":18,"turns":3},{"damage":18,"enemies":"Shell Parasite","floor":19,"turns":4},{"damage":31,"enemies":"Sentry and Sphere","floor":21,"turns":5},{"damage":32,"enemies":"Slaver and Parasite","floor":22,"turns":7}],"seed_played":"-4451457918481125460","potions_obtained":[{"floor":1,"key":"Poison Potion"},{"floor":2,"key":"SpeedPotion"},{"floor":7,"key":"Fire Potion"},{"floor":19,"key":"LiquidBronze"}],"is_trial":false,"path_per_floor":["M","M","M","$","M","R","M","M","T","M","?","?","M","M","R","B",null,"M","M","$","M"],"character_chosen":"DEFECT","items_purchased":["Gash","Sunder","Incense Burner"],"campfire_rested":0,"item_purchase_floors":[4,20,20],"current_hp_per_floor":[75,68,61,61,56,56,43,36,46,34,62,62,62,57,57,2,85,80,62,62,31,0],"gold":86,"neow_bonus":"UPGRADE_CARD","is_prod":false,"is_daily":false,"chose_seed":false,"campfire_upgraded":2,"win_rate":0,"timestamp":1530502283,"path_taken":["M","M","?","?","M","R","M","M","T","M","?","?","M","M","R","BOSS","M","M","$","M","M"],"build_version":"2018-06-28","purchased_purges":0,"victory":false,"max_hp_per_floor":[75,75,75,75,75,75,75,75,85,85,85,85,85,85,85,85,85,85,85,85,85,85],"card_choices":[{"not_picked":["Skim","Fusion"],"picked":"Chaos","floor":1},{"not_picked":["Darkness","Stack"],"picked":"Beam Cell","floor":2},{"not_picked":["Heatsinks","Lockon"],"picked":"Gash","floor":3},{"not_picked":["Turbo","Barrage"],"picked":"Rebound","floor":5},{"not_picked":["Reprogram","Steam"],"picked":"Redo","floor":7},{"not_picked":["Rebound","Sweeping Beam"],"picked":"Fusion","floor":8},{"not_picked":["Compile Driver","Go for the Eyes"],"picked":"Hologram","floor":10},{"not_picked":["Conserve Battery","Ball Lightning"],"picked":"Reboot","floor":13},{"not_picked":["Go for the Eyes","Hologram"],"picked":"Cold Snap","floor":14},{"not_picked":["Buffer","Meteor Strike"],"picked":"Biased Cognition","floor":16},{"not_picked":["Streamline","Go for the Eyes"],"picked":"Double Energy","floor":17},{"not_picked":["Barrage","Hologram"],"picked":"Melter","floor":17},{"not_picked":["Go for the Eyes","BootSequence"],"picked":"Capacitor","floor":17},{"not_picked":["Sweeping Beam","Turbo"],"picked":"Gash","floor":17},{"not_picked":["Rebound","Turbo"],"picked":"Gash","floor":17},{"not_picked":["Reinforced Body","Steam"],"picked":"Gash","floor":18},{"not_picked":["Rip and Tear","BootSequence"],"picked":"Glacier","floor":19},{"not_picked":["Capacitor","Stack"],"picked":"Conserve Battery","floor":21}],"player_experience":102930,"relics_obtained":[{"floor":9,"key":"Pear"}],"event_choices":[{"event_name":"Big Fish","player_choice":"Banana","floor":11,"damage_taken":0},{"event_name":"The Woman in Blue","player_choice":"Bought 0 Potions","floor":12,"damage_taken":0}],"boss_relics":[{"not_picked":["Coffee Dripper","Calling Bell"],"picked":"Orrery"}],"items_purged_floors":[],"is_endless":false,"potions_floor_spawned":[1,2,7,8,19,21],"killed_by":"Slaver and Parasite","ascension_level":0}