{"path_per_floor":["M","$","?","M","?","E","M","R","T","?","?","$","M","M","R","B",null,"M","?","$","T","M","R","?","R","T","M","E","$","M","?","R"],"character_chosen":"DEFECT","items_purchased":["Melter","Capacitor","Cables"],"gold_per_floor":[109,30,205,217,217,252,266,266,266,266,266,166,178,189,189,284,284,304,219,219,242,254,254,254,254,302,320,347,97,115,115,115,115],"floor_reached":33,"campfire_rested":2,"playtime":1440,"current_hp_per_floor":[75,75,75,75,75,75,69,69,69,69,69,69,64,52,52,15,75,51,51,51,58,46,46,30,56,56,27,8,8,10,10,36,0],"items_purged":["Strike_B"],"gold":115,"score":331,"play_id":"9febb2a5-26c5-42d1-9f6e-efdcafb58ab5","local_time":"20180511175253","is_prod":false,"is_daily":false,"chose_seed":false,"is_ascension_mode":true,"campfire_upgraded":3,"timestamp":1526079173,"path_taken":["M","$","?","M","?","E","M","R","T","?","?","$","M","M","R","BOSS","M","?","$","?","M","R","?","R","T","?","E","?","M","?","R","BOSS"],"build_version":"2018-05-10","seed_source_timestamp":0,"purchased_purges":2,"victory":false,"master_deck":["Strike_B","Strike_B","Strike_B","Defend_B+1","Defend_B+1","Defend_B","Defend_B","Zap+1","Dualcast","Ball Lightning","Melter","Lockon+1","Axe Kick","Chill","Capacitor+1","Beam Cell+1","Seek","Impulse+1","Chill","Chaos"],"max_hp_per_floor":[75,75,75,75,75,75,75,75,75,75,75,75,75,75,75,75,75,75,75,75,82,82,82,87,87,87,87,87,87,87,87,87,87],"relics":["Cracked Core","NeowsBlessing","Shuriken","Matryoshka","Sozu","War Paint","Strawberry","DataDisk","Dream Catcher","Happy Flower","Blood Vial","Cables","Orichalcum"],"card_choices":[{"not_picked":["Sweeping Beam","Coolheaded"],"picked":"Ball Lightning","floor":1.0},{"not_picked":["Streamline","Fusion"],"picked":"Lockon","floor":4.0},{"not_picked":["Sweeping Beam","Cold Snap"],"picked":"Axe Kick","floor":6.0},{"not_picked":["Sweeping Beam","Turbo"],"picked":"Chill","floor":7.0},{"not_picked":["Scrape","Genetic Algorithm"],"picked":"Beam Cell","floor":13.0},{"not_picked":["Rainbow","Biased Cognition"],"picked":"Seek","floor":16.0},{"not_picked":["Leap","Hello World"],"picked":"Impulse","floor":22.0},{"not_picked":["Barrage","Rebound"],"picked":"Chill","floor":27.0},{"not_picked":["Undo","Steam Power"],"picked":"Chaos","floor":28.0}],"player_experience":81983,"potions_floor_usage":[33],"damage_taken":[{"damage":0.0,"enemies":"Jaw Worm","floor":1.0,"turns":1.0},{"damage":0.0,"enemies":"Small Slimes","floor":4.0,"turns":1.0},{"damage":0.0,"enemies":"3 Sentries","floor":6.0,"turns":1.0},{"damage":6.0,"enemies":"2 Louse","floor":7.0,"turns":2.0},{"damage":5.0,"enemies":"Gremlin Gang","floor":13.0,"turns":4.0},{"damage":12.0,"enemies":"Large Slime","floor":14.0,"turns":3.0},{"damage":37.0,"enemies":"Slime Boss","floor":16.0,"turns":8.0},{"damage":24.0,"enemies":"2 Thieves","floor":18.0,"turns":4.0},{"damage":12.0,"enemies":"Shell Parasite","floor":22.0,"turns":4.0},{"damage":29.0,"enemies":"3 Cultists","floor":27.0,"turns":5.0},{"damage":34.0,"enemies":"Gremlin Leader","floor":28.0,"turns":9.0},{"damage":0.0,"enemies":"Sentry and Sphere","floor":30.0,"turns":2.0},{"damage":59,"enemies":"Collector","floor":33,"turns":10}],"event_choices":[{"event_name":"Liars Game","player_choice":"agreed","floor":3.0,"damage_taken":0.0},{"event_name":"The Lab","player_choice":"Got Potions","floor":5.0,"damage_taken":0.0},{"event_name":"Purifier","player_choice":"One Purge","floor":10.0,"damage_taken":0.0},{"event_name":"Upgrade Shrine","player_choice":"Upgraded","floor":11.0,"damage_taken":0.0},{"event_name":"Addict","player_choice":"Obtained Relic","floor":19.0,"damage_taken":0.0},{"event_name":"Forgotten Altar","player_choice":"Shed Blood","floor":24.0,"damage_taken":0.0},{"event_name":"Wheel of Change","player_choice":"Relic","floor":31,"damage_taken":0}],"boss_relics":[],"potions_floor_spawned":[4,6,16,18,22,27,28],"seed_played":"1343910801423586726","killed_by":"Collector","ascension_level":3,"is_trial":false}