{"gold_per_floor":[114,114,129,129,129,159,159,159,205,225,243,243,255,268,268,366,366,385,400,86,86,104,135,135,135,216,216,241,241,241],"floor_reached":30,"playtime":1317,"items_purged":[],"score":381,"play_id":"c158fef5-b4ef-4261-ae79-149094783f34","local_time":"20181106231048","is_ascension_mode":true,"campfire_choices":[{"floor":8.0,"key":"REST"},{"data":"Footwork","floor":12.0,"key":"SMITH"},{"data":"Dagger Spray","floor":15.0,"key":"SMITH"},{"floor":24,"key":"REST"},{"floor":27,"key":"REST"}],"neow_cost":"NONE","seed_source_timestamp":2940491663719546,"circlet_count":0,"master_deck":["Defend_G+1","Defend_G+1","Defend_G+1","Defend_G+1","Strike_G+1","Strike_G+1","Strike_G+1","Strike_G+1","Strike_G+1","Survivor","Neutralize","Dagger Spray+1","Caltrops","Dodge and Roll","Cloak And Dagger","Footwork+1","Flying Knee","Adrenaline","Acrobatics","Dash","Infinite Blades","Dagger Throw","Tactician+1","Dagger Spray","All Out Attack","Eviscerate+1"],"special_seed":0,"relics":["Ring of the Serpent","NeowsBlessing","Blood Vial","Whetstone","Vajra","Membership Card","MutagenicStrength","Thread and Needle","Molten Egg 2","Frozen Egg 2"],"potions_floor_usage":[23,23,23],"damage_taken":[{"damage":0.0,"enemies":"2 Louse","floor":1.0,"turns":1.0},{"damage":0.0,"enemies":"Cultist","floor":3.0,"turns":1.0},{"damage":0.0,"enemies":"3 Sentries","floor":6.0,"turns":1.0},{"damage":8.0,"enemies":"Small Slimes","floor":10.0,"turns":3.0},{"damage":2.0,"enemies":"Gremlin Gang","floor":11.0,"turns":3.0},{"damage":0.0,"enemies":"3 Louse","floor":13.0,"turns":4.0},{"damage":18.0,"enemies":"Exordium Thugs","floor":14.0,"turns":7.0},{"damage":30.0,"enemies":"Slime Boss","floor":16.0,"turns":16.0},{"damage":0,"enemies":"3 Byrds","floor":18,"turns":4},{"damage":1,"enemies":"Chosen","floor":19,"turns":8},{"damage":27,"enemies":"Snake Plant","floor":22,"turns":5},{"damage":46,"enemies":"Slavers","floor":23,"turns":7},{"damage":19,"enemies":"Book of Stabbing","floor":28,"turns":7},{"damage":33,"enemies":"Shelled Parasite and Fungi","floor":30,"turns":4}],"seed_played":"8668806428355920315","potions_obtained":[{"floor":2.0,"key":"Regen Potion"},{"floor":2.0,"key":"SpeedPotion"},{"floor":2.0,"key":"SmokeBomb"},{"floor":3.0,"key":"Weak Potion"},{"floor":23,"key":"SteroidPotion"}],"is_trial":false,"path_per_floor":["M","?","M","?","?","E","?","R","T","M","M","M","R","M","M","R","B",null,"M","M","$","?","M","E","R","?","T","R","E","?","M"],"character_chosen":"THE_SILENT","items_purchased":["Membership Card","Infinite Blades","Dagger Throw","Tactician"],"campfire_rested":3,"item_purchase_floors":[20,20,20,20],"current_hp_per_floor":[63,63,63,38,31,33,33,54,54,48,48,48,50,34,34,6,54,56,57,57,57,32,3,24,24,24,45,28,28,0],"gold":241,"neow_bonus":"THREE_ENEMY_KILL","is_prod":false,"is_daily":false,"chose_seed":false,"campfire_upgraded":2,"win_rate":0,"timestamp":1541571048,"path_taken":["M","?","?","?","?","E","?","R","T","M","M","R","M","M","R","BOSS","M","?","$","?","M","E","R","?","T","R","E","?","?"],"build_version":"2018-11-01","purchased_purges":0,"victory":false,"max_hp_per_floor":[70,70,70,70,70,70,70,70,70,70,70,70,70,70,70,70,70,70,70,70,70,70,70,70,70,70,70,70,70,70],"card_choices":[{"not_picked":["PiercingWail","Riddle With Holes"],"picked":"Dagger Spray","floor":1.0},{"not_picked":["Blade Dance","Bane"],"picked":"Caltrops","floor":3.0},{"not_picked":["Slice","Bane"],"picked":"Dodge and Roll","floor":6.0},{"not_picked":["Dagger Throw","Underhanded Strike"],"picked":"Cloak And Dagger","floor":10.0},{"not_picked":["Noxious Fumes","Underhanded Strike"],"picked":"Footwork","floor":11.0},{"not_picked":["Blade Dance","Acrobatics"],"picked":"Flying Knee","floor":13.0},{"not_picked":["Grand Finale","Poisoned Stab","Deadly Poison"],"picked":"SKIP","floor":14.0},{"not_picked":["Die Die Die","Wraith Form v2"],"picked":"Adrenaline","floor":16.0},{"not_picked":["Prepared","Slice"],"picked":"Acrobatics","floor":18},{"not_picked":["Dagger Throw","Prepared"],"picked":"Dash","floor":19},{"not_picked":["Bouncing Flask","Deadly Poison"],"picked":"Dagger Spray","floor":22},{"not_picked":["Acrobatics","Prepared"],"picked":"All Out Attack","floor":23},{"not_picked":["Prepared","Dagger Spray+1"],"picked":"Eviscerate+1","floor":28}],"player_experience":551337,"relics_obtained":[{"floor":6.0,"key":"Whetstone"},{"floor":9.0,"key":"Vajra"},{"floor":23,"key":"Thread and Needle"},{"floor":26,"key":"Molten Egg 2"},{"floor":28,"key":"Frozen Egg 2"}],"event_choices":[{"damage_healed":0.0,"max_hp_gain":0.0,"max_hp_loss":0.0,"gold_gain":0.0,"event_name":"Lab","player_choice":"Got Potions","floor":2.0,"gold_loss":0.0,"damage_taken":0.0},{"damage_healed":0.0,"max_hp_gain":0.0,"max_hp_loss":0.0,"gold_gain":0.0,"event_name":"Scrap Ooze","player_choice":"Success","floor":4.0,"gold_loss":0.0,"damage_taken":25.0,"relics_obtained":["Blood Vial"]},{"cards_removed":["Defend_G"],"damage_healed":0.0,"max_hp_gain":0.0,"max_hp_loss":0.0,"gold_gain":0.0,"event_name":"Golden Wing","player_choice":"Card Removal","floor":5.0,"gold_loss":0.0,"damage_taken":7.0},{"damage_healed":0.0,"max_hp_gain":0.0,"max_hp_loss":0.0,"gold_gain":0.0,"event_name":"The Woman in Blue","player_choice":"Bought 0 Potions","floor":7.0,"gold_loss":0.0,"damage_taken":0.0},{"damage_healed":0,"gold_gain":0,"player_choice":"Inject Mutagens","damage_taken":0,"relics_obtained":["MutagenicStrength"],"max_hp_gain":0,"max_hp_loss":0,"event_name":"Drug Dealer","floor":21,"gold_loss":0},{"damage_healed":0,"gold_gain":0,"player_choice":"Simplicity","damage_taken":0,"max_hp_gain":0,"max_hp_loss":0,"event_name":"Back to Basics","floor":25,"gold_loss":0,"cards_upgraded":["Defend_G","Defend_G","Defend_G","Defend_G","Strike_G","Strike_G","Strike_G"]},{"damage_healed":0,"gold_gain":0,"player_choice":"Upgraded","damage_taken":0,"max_hp_gain":0,"max_hp_loss":0,"event_name":"Upgrade Shrine","floor":29,"gold_loss":0,"cards_upgraded":["Tactician"]}],"is_beta":false,"boss_relics":[{"not_picked":["Orrery","Snecko Eye"],"picked":"Ring of the Serpent"}],"items_purged_floors":[],"is_endless":false,"potions_floor_spawned":[3,11,23],"killed_by":"Shelled Parasite and Fungi","ascension_level":6}