{"gold_per_floor":[112,112,112,35,54,54,54,54,81,110,110,129,140,65,65,165,165,149,183,46,58,58,120,120,131,183,112,112,112],"floor_reached":29,"playtime":1108,"items_purged":["Regret","Strike_B"],"score":370,"play_id":"df2ea121-4245-4766-88be-baeac409386d","local_time":"20190318191439","is_ascension_mode":true,"campfire_choices":[{"data":"Glacier","floor":6.0,"key":"SMITH"},{"data":"Zap","floor":8.0,"key":"SMITH"},{"data":"Cold Snap","floor":15.0,"key":"SMITH"},{"data":"Sunder","floor":24,"key":"SMITH"}],"neow_cost":"NONE","seed_source_timestamp":27915566166563,"circlet_count":0,"master_deck":["Strike_B+1","Strike_B+1","Strike_B+1","Defend_B+1","Zap+1","Dualcast","Coolheaded","Glacier+1","Cold Snap+1","Core Surge","Conserve Battery","Conserve Battery","Seek","Glacier+1","Rebound+1","Aggregate+1","Rip and Tear","Sunder+1","Doom and Gloom"],"special_seed":0,"relics":["Cracked Core","NeowsBlessing","Happy Flower","Whetstone","Omamori","Cables","Astrolabe","Red Mask","Tiny Chest","Pen Nib"],"potions_floor_usage":[23,23,25],"damage_taken":[{"damage":0.0,"enemies":"Small Slimes","floor":1.0,"turns":1.0},{"damage":0.0,"enemies":"2 Louse","floor":5.0,"turns":1.0},{"damage":0.0,"enemies":"Lagavulin","floor":10.0,"turns":1.0},{"damage":2.0,"enemies":"Jaw Worm","floor":12.0,"turns":2.0},{"damage":3.0,"enemies":"3 Louse","floor":13.0,"turns":2.0},{"damage":33.0,"enemies":"Slime Boss","floor":16.0,"turns":23.0},{"damage":4.0,"enemies":"2 Thieves","floor":18.0,"turns":4.0},{"damage":17.0,"enemies":"Masked Bandits","floor":19.0,"turns":8.0},{"damage":0.0,"enemies":"3 Byrds","floor":21.0,"turns":4.0},{"damage":12,"enemies":"Slavers","floor":23,"turns":9},{"damage":4,"enemies":"Snake Plant","floor":25,"turns":4},{"damage":0,"enemies":"Colosseum Slavers","floor":29,"turns":1}],"seed_played":"-6250397454548893439","potions_obtained":[{"floor":10.0,"key":"SkillPotion"},{"floor":13.0,"key":"Block Potion"},{"floor":16.0,"key":"Dexterity Potion"},{"floor":19.0,"key":"Poison Potion"},{"floor":21.0,"key":"Weak Potion"}],"is_trial":false,"path_per_floor":["M","?","?","$","M","R","?","R","T","E","?","M","M","$","R","B",null,"M","?","$","M","?","E","R","M","T","$","?","?"],"character_chosen":"DEFECT","items_purchased":["Glacier","Sunder","Doom and Gloom"],"campfire_rested":0,"item_purchase_floors":[4,20,27],"current_hp_per_floor":[68,68,68,68,68,68,53,53,53,53,41,39,36,36,36,3,57,53,36,36,36,22,10,10,6,6,6,6,6],"gold":112,"neow_bonus":"THREE_ENEMY_KILL","is_prod":false,"is_daily":false,"chose_seed":false,"campfire_upgraded":4,"win_rate":0,"timestamp":1552954479,"path_taken":["M","?","?","$","M","R","?","R","T","E","?","M","M","$","R","BOSS","M","?","$","M","?","E","R","M","T","$","?","?"],"build_version":"2019-01-23","purchased_purges":2,"victory":false,"max_hp_per_floor":[75,75,75,75,75,75,75,75,75,75,75,75,75,75,75,75,75,75,75,75,75,80,80,80,80,80,80,80,80],"card_choices":[{"not_picked":["Turbo","Aggregate"],"picked":"Coolheaded","floor":1.0},{"not_picked":["Fusion","Sweeping Beam"],"picked":"Cold Snap","floor":5.0},{"not_picked":["Recycle","Beam Cell"],"picked":"Core Surge","floor":10.0},{"not_picked":["Rebound","Sweeping Beam"],"picked":"Conserve Battery","floor":12.0},{"not_picked":["Turbo","Redo"],"picked":"Conserve Battery","floor":13.0},{"not_picked":["Reboot","Multi-Cast"],"picked":"Seek","floor":16.0},{"not_picked":["Steam","Conserve Battery","Steam Power"],"picked":"SKIP","floor":18.0},{"not_picked":["Double Energy","Conserve Battery"],"picked":"Rip and Tear","floor":19.0},{"not_picked":["Turbo+1","Rebound","Stack"],"picked":"SKIP","floor":21.0},{"not_picked":["Compile Driver","Force Field","Steam"],"picked":"SKIP","floor":23},{"not_picked":["Coolheaded","Leap","Streamline"],"picked":"SKIP","floor":25}],"player_experience":559848,"relics_obtained":[{"floor":9.0,"key":"Whetstone"},{"floor":10.0,"key":"Omamori"},{"floor":19.0,"key":"Red Mask"},{"floor":23,"key":"Tiny Chest"},{"floor":26,"key":"Pen Nib"}],"event_choices":[{"damage_healed":0.0,"max_hp_gain":0.0,"max_hp_loss":0.0,"gold_gain":0.0,"event_name":"Golden Wing","player_choice":"Ignored","floor":2.0,"gold_loss":0.0,"damage_taken":0.0},{"damage_healed":0.0,"max_hp_gain":0.0,"max_hp_loss":0.0,"gold_gain":0.0,"event_name":"Big Fish","player_choice":"Box","floor":3.0,"gold_loss":0.0,"damage_taken":0.0,"relics_obtained":["Happy Flower"],"cards_obtained":["Regret"]},{"damage_healed":0.0,"max_hp_gain":0.0,"max_hp_loss":0.0,"gold_gain":0.0,"event_name":"Shining Light","player_choice":"Entered Light","floor":7.0,"gold_loss":0.0,"damage_taken":15.0,"cards_upgraded":["Strike_B","Defend_B"]},{"damage_healed":0.0,"max_hp_gain":0.0,"max_hp_loss":0.0,"gold_gain":0.0,"event_name":"Scrap Ooze","player_choice":"Success","floor":11.0,"gold_loss":0.0,"damage_taken":12.0,"relics_obtained":["Cables"]},{"damage_healed":0.0,"max_hp_gain":0.0,"max_hp_loss":0.0,"gold_gain":0.0,"event_name":"Masked Bandits","player_choice":"Fought Bandits","floor":19.0,"gold_loss":0.0,"damage_taken":0.0},{"damage_healed":0.0,"max_hp_gain":5.0,"max_hp_loss":0.0,"gold_gain":0.0,"event_name":"Forgotten Altar","player_choice":"Shed Blood","floor":22.0,"gold_loss":0.0,"damage_taken":19.0},{"damage_healed":0,"gold_gain":0,"player_choice":"Ignored","damage_taken":0,"max_hp_gain":0,"max_hp_loss":0,"event_name":"Cursed Tome","floor":28,"gold_loss":0},{"damage_healed":0,"gold_gain":0,"player_choice":"Fight","damage_taken":0,"max_hp_gain":0,"max_hp_loss":0,"event_name":"Colosseum","floor":29,"gold_loss":0}],"is_beta":false,"boss_relics":[{"not_picked":["Runic Dome","Coffee Dripper"],"picked":"Astrolabe"}],"items_purged_floors":[14,20],"is_endless":false,"potions_floor_spawned":[10,13,16,19,21],"killed_by":"Colosseum Slavers","ascension_level":8}