{"gold_per_floor":[10,23,23,36,56,56,83,83,83,100,100,125,125,138,138,138],"floor_reached":16,"playtime":728,"items_purged":[],"score":146,"play_id":"1b535500-644e-47b7-98a0-322f829ef9ee","local_time":"20181107131319","is_ascension_mode":true,"campfire_choices":[{"data":"Trip","floor":6,"key":"SMITH"},{"floor":8,"key":"REST"},{"data":"Sucker Punch","floor":11,"key":"SMITH"},{"data":"Malaise","floor":13,"key":"SMITH"},{"floor":15,"key":"REST"}],"neow_cost":"NO_GOLD","seed_source_timestamp":2991672489293442,"circlet_count":0,"master_deck":["Defend_G","Defend_G","Defend_G","Defend_G","Defend_G","Strike_G","Strike_G","Strike_G","Strike_G","Survivor","Neutralize","Forethought","Trip+1","Sucker Punch+1","All Out Attack","PiercingWail","Dagger Spray","Backflip","Wraith Form v2","Malaise+1","Calculated Gamble"],"relics":["Ring of the Snake","Ornamental Fan","Darkstone Periapt","Singing Bowl"],"potions_floor_usage":[12,16],"damage_taken":[{"damage":0,"enemies":"2 Louse","floor":1,"turns":3},{"damage":0,"enemies":"Cultist","floor":2,"turns":3},{"damage":0,"enemies":"Jaw Worm","floor":4,"turns":2},{"damage":0,"enemies":"Exordium Wildlife","floor":5,"turns":5},{"damage":38,"enemies":"Gremlin Nob","floor":7,"turns":5},{"damage":0,"enemies":"Lots of Slimes","floor":10,"turns":1},{"damage":16,"enemies":"Lagavulin","floor":12,"turns":6},{"damage":22,"enemies":"Large Slime","floor":14,"turns":6},{"damage":29,"enemies":"Slime Boss","floor":16,"turns":8}],"seed_played":"3051878933263525918","potions_obtained":[{"floor":10,"key":"LiquidBronze"},{"floor":14,"key":"Block Potion"}],"is_trial":false,"path_per_floor":["M","M","?","M","M","R","E","R","T","M","R","E","R","M","R","B"],"character_chosen":"THE_SILENT","items_purchased":[],"campfire_rested":2,"item_purchase_floors":[],"current_hp_per_floor":[63,63,63,63,63,63,25,46,46,46,46,30,30,8,29,0],"gold":138,"neow_bonus":"RANDOM_COLORLESS_2","is_prod":false,"is_daily":false,"chose_seed":false,"campfire_upgraded":3,"win_rate":0,"timestamp":1541621599,"path_taken":["M","M","?","?","M","R","E","R","T","M","R","E","R","M","R","BOSS"],"build_version":"2018-11-01","purchased_purges":0,"victory":false,"max_hp_per_floor":[70,70,70,70,70,70,70,70,70,70,70,70,70,70,70,70],"card_choices":[{"not_picked":["Slice","Blade Dance"],"picked":"Sucker Punch","floor":1},{"not_picked":["Backstab","Underhanded Strike"],"picked":"All Out Attack","floor":2},{"not_picked":["Setup","Outmaneuver"],"picked":"PiercingWail","floor":4},{"not_picked":["Blade Dance","Deflect"],"picked":"Dagger Spray","floor":5},{"not_picked":["Calculated Gamble","Prepared"],"picked":"Backflip","floor":7},{"not_picked":["Quick Slash","Concentrate"],"picked":"Wraith Form v2","floor":10},{"not_picked":["Poisoned Stab","Outmaneuver"],"picked":"Malaise","floor":12},{"not_picked":["Acrobatics","Blade Dance"],"picked":"Calculated Gamble","floor":14}],"player_experience":557787,"relics_obtained":[{"floor":7,"key":"Ornamental Fan"},{"floor":9,"key":"Darkstone Periapt"},{"floor":12,"key":"Singing Bowl"}],"event_choices":[{"cards_removed":["Strike_G"],"damage_healed":0,"gold_gain":0,"player_choice":"Purged","damage_taken":0,"max_hp_gain":0,"max_hp_loss":0,"event_name":"Purifier","floor":3,"gold_loss":0}],"is_beta":false,"boss_relics":[],"items_purged_floors":[],"is_endless":false,"potions_floor_spawned":[10,14],"killed_by":"Slime Boss","ascension_level":6}