{"gold_per_floor":[119,132,146,146,166,192,192,205,230,19,53,64,64,79,79,179,179,199,216,234,234,249,249,274,274],"floor_reached":25,"playtime":1024,"items_purged":[],"score":301,"play_id":"7b6124b2-73fa-4b73-b88a-d5104e116cf9","local_time":"20180718112450","is_ascension_mode":true,"campfire_choices":[{"data":"Zap","floor":7,"key":"SMITH"},{"data":"Loop","floor":13,"key":"SMITH"},{"data":"Conserve Battery","floor":15,"key":"SMITH"},{"data":"Fusion","floor":23,"key":"SMITH"}],"neow_cost":"NONE","seed_source_timestamp":298384738567369,"circlet_count":0,"master_deck":["Strike_B","Strike_B","Strike_B","Strike_B","Defend_B","Defend_B","Defend_B","Defend_B","Zap+1","Dualcast","Multi-Cast+1","Conserve Battery","Loop+1","Leap","Capacitor","Ball Lightning","Core Surge","Self Repair","Loop","Conserve Battery+1","Electrodynamics","Buffer+1","Sunder","Fusion+1","Turbo+1","Redo","Self Repair+1"],"relics":["Cracked Core","Anchor","Bronze Scales","DataDisk","Dream Catcher","Sozu","Lantern"],"potions_floor_usage":[6,6,11,25],"damage_taken":[{"damage":7,"enemies":"Jaw Worm","floor":1,"turns":3},{"damage":0,"enemies":"Cultist","floor":2,"turns":3},{"damage":0,"enemies":"Small Slimes","floor":3,"turns":3},{"damage":2,"enemies":"Red Slaver","floor":5,"turns":2},{"damage":23,"enemies":"Gremlin Nob","floor":6,"turns":4},{"damage":2,"enemies":"Blue Slaver","floor":8,"turns":5},{"damage":0,"enemies":"3 Sentries","floor":11,"turns":5},{"damage":8,"enemies":"Lots of Slimes","floor":12,"turns":3},{"damage":6,"enemies":"Looter","floor":14,"turns":3},{"damage":27,"enemies":"Hexaghost","floor":16,"turns":7},{"damage":3,"enemies":"Shell Parasite","floor":18,"turns":3},{"damage":17,"enemies":"Spheric Guardian","floor":19,"turns":5},{"damage":33,"enemies":"Snake Plant","floor":20,"turns":4},{"damage":0,"enemies":"Centurion and Healer","floor":22,"turns":6},{"damage":42,"enemies":"Book of Stabbing","floor":24,"turns":5},{"damage":11,"enemies":"Sentry and Sphere","floor":25,"turns":3}],"seed_played":"7290124837262690513","potions_obtained":[{"floor":2,"key":"Explosive Potion"},{"floor":5,"key":"Swift Potion"},{"floor":6,"key":"Fire Potion"},{"floor":14,"key":"Fire Potion"}],"is_trial":false,"path_per_floor":["M","M","M","?","M","E","R","M","T","$","E","M","R","M","R","B",null,"M","M","M","?","M","R","E"],"character_chosen":"DEFECT","items_purchased":["DataDisk","Self Repair"],"campfire_rested":0,"item_purchase_floors":[10,10],"current_hp_per_floor":[68,68,68,68,66,43,43,41,41,41,48,47,47,48,48,28,75,72,62,36,36,43,43,8,0],"gold":274,"neow_bonus":"ONE_RANDOM_RARE_CARD","is_prod":false,"is_daily":false,"chose_seed":false,"campfire_upgraded":4,"win_rate":0,"timestamp":1531934690,"path_taken":["M","M","M","?","M","E","R","M","T","?","E","?","R","M","R","BOSS","M","M","?","?","M","R","E","M"],"build_version":"2018-07-12","purchased_purges":0,"victory":false,"max_hp_per_floor":[75,75,75,75,75,75,75,75,75,75,75,75,75,75,75,75,75,75,75,75,75,75,75,75,75],"card_choices":[{"not_picked":["Beam Cell","Steam"],"picked":"Conserve Battery","floor":1},{"not_picked":["Consume","Hologram"],"picked":"Loop","floor":2},{"not_picked":["Aggregate","Skim"],"picked":"Leap","floor":3},{"not_picked":["Gash","Coolheaded"],"picked":"Capacitor","floor":5},{"not_picked":["Steam","Conserve Battery"],"picked":"Ball Lightning","floor":6},{"not_picked":["Melter","Hologram"],"picked":"Core Surge","floor":8},{"not_picked":["Steam Power","Coolheaded"],"picked":"Loop","floor":11},{"not_picked":["Redo","Doom and Gloom"],"picked":"Conserve Battery","floor":12},{"not_picked":["Darkness","Compile Driver"],"picked":"Electrodynamics","floor":14},{"not_picked":["Amplify","Reboot"],"picked":"Buffer","floor":16},{"not_picked":["Ball Lightning","Stack"],"picked":"Sunder","floor":18},{"not_picked":["Gash","Streamline"],"picked":"Fusion","floor":19},{"not_picked":["Streamline","Doom and Gloom"],"picked":"Turbo+1","floor":20},{"not_picked":["Coolheaded","Stack"],"picked":"Redo","floor":22},{"not_picked":["FTL+1","Go for the Eyes+1"],"picked":"Self Repair+1","floor":24}],"player_experience":231660,"relics_obtained":[{"floor":6,"key":"Anchor"},{"floor":9,"key":"Bronze Scales"},{"floor":11,"key":"Dream Catcher"},{"floor":24,"key":"Lantern"}],"event_choices":[{"event_name":"Upgrade Shrine","player_choice":"Upgraded","floor":4,"damage_taken":0},{"event_name":"Upgrade Shrine","player_choice":"Upgraded","floor":21,"damage_taken":0}],"boss_relics":[{"not_picked":["Orrery","Runic Dome"],"picked":"Sozu"}],"items_purged_floors":[],"is_endless":false,"potions_floor_spawned":[2,5,6,14,18,20,22],"killed_by":"Sentry and Sphere","ascension_level":3}