{"gold_per_floor":[118,118,134,59,71,105,105,120,144,144,156,88,100,130,130,228,228,245],"floor_reached":18,"playtime":2062,"items_purged":["Normality"],"score":174,"play_id":"d5eb5f17-4a2c-4b09-990f-194d93ee5329","local_time":"20190210140156","is_ascension_mode":false,"campfire_choices":[{"data":"Self Repair","floor":7,"key":"SMITH"},{"data":"Zap","floor":10,"key":"SMITH"},{"floor":15,"key":"REST"}],"neow_cost":"NONE","seed_source_timestamp":932044730725733,"circlet_count":0,"master_deck":["Strike_B+1","Strike_B","Strike_B","Strike_B","Defend_B","Defend_B","Defend_B","Defend_B","Zap+1","Dualcast","Cold Snap+1","Cold Snap","Reboot","Coolheaded","Coolheaded","Self Repair+1","Skim","Streamline","Blizzard","Sweeping Beam","Streamline","Biased Cognition","Stack+1"],"relics":["Cracked Core","NeowsBlessing","Centennial Puzzle","Omamori","Whetstone","Sozu"],"potions_floor_usage":[16],"damage_taken":[{"damage":0,"enemies":"Jaw Worm","floor":1,"turns":1},{"damage":0,"enemies":"Cultist","floor":3,"turns":1},{"damage":0,"enemies":"2 Louse","floor":5,"turns":1},{"damage":14,"enemies":"3 Sentries","floor":6,"turns":13},{"damage":13,"enemies":"Exordium Wildlife","floor":8,"turns":3},{"damage":0,"enemies":"Exordium Thugs","floor":11,"turns":6},{"damage":12,"enemies":"2 Fungi Beasts","floor":13,"turns":4},{"damage":23,"enemies":"Lagavulin","floor":14,"turns":9},{"damage":45,"enemies":"Hexaghost","floor":16,"turns":11},{"damage":3,"enemies":"Shell Parasite","floor":18,"turns":5}],"seed_played":"5773080596701363431","potions_obtained":[{"floor":1,"key":"Strength Potion"},{"floor":5,"key":"FearPotion"},{"floor":13,"key":"Fire Potion"},{"floor":16,"key":"Poison Potion"}],"is_trial":false,"path_per_floor":["M","?","M","$","M","E","R","M","T","R","M","$","M","E","R","B",null,"M"],"character_chosen":"DEFECT","items_purchased":["Blizzard"],"campfire_rested":1,"item_purchase_floors":[12],"current_hp_per_floor":[75,75,75,75,75,61,61,58,58,58,68,68,66,53,75,40,75,75],"gold":245,"neow_bonus":"THREE_ENEMY_KILL","is_prod":false,"is_daily":false,"chose_seed":false,"campfire_upgraded":2,"win_rate":0.0,"timestamp":1549836116,"path_taken":["M","?","M","$","?","E","R","M","T","R","M","?","?","E","R","BOSS","M"],"build_version":"2019-01-23","purchased_purges":1,"victory":false,"max_hp_per_floor":[75,75,75,75,75,75,75,75,75,75,75,75,75,75,75,75,75,75],"card_choices":[{"not_picked":["Skim","Coolheaded"],"picked":"Cold Snap","floor":1},{"not_picked":["Reprogram","Streamline"],"picked":"Coolheaded","floor":3},{"not_picked":["Force Field","Aggregate"],"picked":"Coolheaded","floor":5},{"not_picked":["Buffer","Hello World"],"picked":"Self Repair","floor":6},{"not_picked":["Capacitor","Static Discharge"],"picked":"Skim","floor":8},{"not_picked":["Leap","Rip and Tear"],"picked":"Streamline","floor":11},{"not_picked":["Fusion","Skim"],"picked":"Sweeping Beam","floor":13},{"not_picked":["Stack","Defragment"],"picked":"Streamline","floor":14},{"not_picked":["Creative AI","Fission"],"picked":"Biased Cognition","floor":16},{"not_picked":["Conserve Battery","Go for the Eyes+1"],"picked":"Stack+1","floor":18}],"player_experience":19460,"relics_obtained":[{"floor":6,"key":"Centennial Puzzle"},{"floor":9,"key":"Omamori"},{"floor":14,"key":"Whetstone"}],"event_choices":[{"damage_healed":0,"gold_gain":0,"player_choice":"3 cards matched","damage_taken":0,"max_hp_gain":0,"max_hp_loss":0,"event_name":"Match and Keep!","floor":2,"gold_loss":0,"cards_obtained":["Cold Snap","Normality","Reboot"]}],"is_beta":false,"boss_relics":[{"not_picked":["White Beast Statue","Busted Crown"],"picked":"Sozu"}],"items_purged_floors":[4],"is_endless":false,"potions_floor_spawned":[1,5,13,16,18],"killed_by":"Shell Parasite","ascension_level":0}