{"gold_per_floor":[115,131,147,161,175,175,204,204,204,239,239,270,270,270,270,368,368,379,395,395,494,505,505,536,536,536,569,587,606,620,26,26,123,123,141,141,194,194,205,205,240,255,255,255,274,286,28,63,63,63],"floor_reached":51,"playtime":2353,"items_purged":[],"score":1020,"play_id":"4bce0e0e-0d99-4564-9bb9-a5fb243f60f0","local_time":"20181007115751","is_ascension_mode":true,"campfire_choices":[{"data":"Leg Sweep","floor":6.0,"key":"SMITH"},{"data":"Flechettes","floor":8.0,"key":"SMITH"},{"data":"Neutralize","floor":11.0,"key":"SMITH"},{"floor":15.0,"key":"REST"},{"data":"Glass Knife","floor":23.0,"key":"SMITH"},{"floor":25.0,"key":"REST"},{"floor":32.0,"key":"REST"},{"floor":40.0,"key":"REST"},{"floor":44.0,"key":"REST"},{"floor":49,"key":"REST"}],"neow_cost":"NONE","seed_source_timestamp":0,"circlet_count":0,"master_deck":["Survivor","Neutralize+1","Heel Hook","Poisoned Stab","Leg Sweep+1","PiercingWail","Flechettes+1","Terror+1","Caltrops","Glass Knife+1","Adrenaline+1","Dodge and Roll+1","Finisher","Blade Dance+1","Setup+1","Predator","Crippling Poison+1","Terror+1","Poisoned Stab","Well Laid Plans+1","Noxious Fumes","Catalyst+1","PiercingWail+1","Prepared+1","Calculated Gamble+1","Catalyst+1","Adrenaline+1","Caltrops+1","Catalyst+1","Madness+1","Madness+1","Finesse+1","Backflip+1","Catalyst+1","Footwork","Acrobatics+1","Night Terror+1"],"special_seed":0,"relics":["Ring of the Snake","Lantern","Toxic Egg 2","Matryoshka","Pear","Question Card","Pandora\u0027s Box","Vajra","Blood Vial","Bottled Lightning","Art of War","OrangePellets","Bottled Flame","Bronze Scales","Fusion Hammer","Calipers","Paper Crane","Bag of Preparation","PreservedInsect","Mercury Hourglass","Centennial Puzzle"],"potions_floor_usage":[50,50,50],"damage_taken":[{"damage":0.0,"enemies":"2 Louse","floor":1.0,"turns":2.0},{"damage":0.0,"enemies":"Cultist","floor":2.0,"turns":4.0},{"damage":0.0,"enemies":"Small Slimes","floor":3.0,"turns":3.0},{"damage":0.0,"enemies":"2 Fungi Beasts","floor":4.0,"turns":3.0},{"damage":4.0,"enemies":"Blue Slaver","floor":5.0,"turns":4.0},{"damage":25.0,"enemies":"Lagavulin","floor":7.0,"turns":10.0},{"damage":11.0,"enemies":"3 Sentries","floor":10.0,"turns":10.0},{"damage":21.0,"enemies":"Gremlin Nob","floor":12.0,"turns":4.0},{"damage":10.0,"enemies":"Hexaghost","floor":16.0,"turns":9.0},{"damage":0.0,"enemies":"Spheric Guardian","floor":18.0,"turns":3.0},{"damage":11.0,"enemies":"2 Thieves","floor":19.0,"turns":2.0},{"damage":12.0,"enemies":"Chosen and Byrds","floor":22.0,"turns":3.0},{"damage":20.0,"enemies":"Book of Stabbing","floor":24.0,"turns":3.0},{"damage":14.0,"enemies":"Slavers","floor":27.0,"turns":4.0},{"damage":6.0,"enemies":"Shelled Parasite and Fungi","floor":28.0,"turns":3.0},{"damage":0.0,"enemies":"Centurion and Healer","floor":29.0,"turns":2.0},{"damage":13.0,"enemies":"Snecko","floor":30.0,"turns":3.0},{"damage":34.0,"enemies":"Automaton","floor":33.0,"turns":6.0},{"damage":0.0,"enemies":"3 Darklings","floor":35.0,"turns":3.0},{"damage":4.0,"enemies":"Mysterious Sphere","floor":37.0,"turns":3.0},{"damage":4.0,"enemies":"3 Shapes","floor":39.0,"turns":3.0},{"damage":10.0,"enemies":"Giant Head","floor":41.0,"turns":3.0},{"damage":1.0,"enemies":"Spire Growth","floor":42.0,"turns":3.0},{"damage":4.0,"enemies":"Transient","floor":45.0,"turns":3.0},{"damage":0.0,"enemies":"Maw","floor":46.0,"turns":2.0},{"damage":0.0,"enemies":"Nemesis","floor":48.0,"turns":1.0},{"damage":6,"enemies":"Time Eater","floor":50,"turns":2}],"seed_played":"-52826332895510168","potions_obtained":[{"floor":1.0,"key":"SkillPotion"},{"floor":5.0,"key":"Ancient Potion"},{"floor":7.0,"key":"LiquidBronze"},{"floor":16.0,"key":"Energy Potion"},{"floor":22.0,"key":"Block Potion"},{"floor":37.0,"key":"Regen Potion"},{"floor":41.0,"key":"Poison Potion"},{"floor":45.0,"key":"FearPotion"}],"is_trial":false,"path_per_floor":["M","M","M","M","M","R","E","R","T","E","R","E","?","?","R","B",null,"M","M","?","?","M","R","E","R","T","E","M","M","M","$","R","B",null,"M","?","?","?","M","R","E","M","T","R","M","M","$","E","R","B"],"character_chosen":"THE_SILENT","items_purchased":["OrangePellets","Bottled Flame","Bronze Scales","Mercury Hourglass"],"campfire_rested":6,"item_purchase_floors":[31,31,31,47],"current_hp_per_floor":[70,70,70,70,66,66,41,41,41,40,40,19,19,12,36,26,80,80,69,69,69,57,57,37,61,61,49,45,47,36,36,60,28,80,80,80,76,66,64,80,70,71,71,80,76,78,78,80,80,78],"gold":63,"neow_bonus":"RANDOM_COMMON_RELIC","is_prod":false,"is_daily":false,"chose_seed":false,"campfire_upgraded":4,"win_rate":0,"timestamp":1538935071,"path_taken":["M","M","M","M","M","R","E","R","T","E","R","E","?","?","R","BOSS","M","M","?","?","M","R","E","R","T","E","M","?","M","$","R","BOSS","M","?","?","?","M","R","E","M","T","R","M","M","$","E","R","BOSS"],"build_version":"2018-10-04v2","purchased_purges":0,"victory":true,"max_hp_per_floor":[70,70,70,70,70,70,70,70,70,80,80,80,80,80,80,80,80,80,80,80,80,80,80,80,80,80,80,80,80,80,80,80,80,80,80,80,80,80,80,80,80,80,80,80,80,80,80,80,80,80],"card_choices":[{"not_picked":["Outmaneuver","Deflect"],"picked":"Heel Hook","floor":1.0},{"not_picked":["Underhanded Strike","Dodge and Roll"],"picked":"Poisoned Stab","floor":2.0},{"not_picked":["Flechettes","Acrobatics"],"picked":"Leg Sweep","floor":3.0},{"not_picked":["Predator","Poisoned Stab"],"picked":"PiercingWail","floor":4.0},{"not_picked":["Deflect","Tactician"],"picked":"Flechettes","floor":5.0},{"not_picked":["Accuracy","Acrobatics"],"picked":"Terror","floor":7.0},{"not_picked":["All Out Attack","Sucker Punch"],"picked":"Caltrops","floor":10.0},{"not_picked":["Concentrate+1","Endless Agony"],"picked":"Glass Knife","floor":12.0},{"not_picked":["Envenom","Grand Finale","Doppelganger+1"],"picked":"Adrenaline+1","floor":16.0},{"not_picked":["Escape Plan+1","Backstab+1","Masterful Stab"],"picked":"Well Laid Plans+1","floor":18.0},{"not_picked":["Sucker Punch","PiercingWail+1","Dagger Throw"],"picked":"Noxious Fumes","floor":19.0},{"not_picked":["Crippling Poison+1","Dagger Spray","Dagger Throw"],"picked":"Catalyst+1","floor":22.0},{"not_picked":["Reflex+1","Sucker Punch","Dagger Throw"],"picked":"PiercingWail+1","floor":24.0},{"not_picked":["Flying Knee","Tactician+1","Grand Finale"],"picked":"Prepared+1","floor":27.0},{"not_picked":["Dagger Spray","Tactician+1","Riddle With Holes","Slice"],"picked":"SKIP","floor":28.0},{"not_picked":["Acrobatics+1","Bane+1","Underhanded Strike"],"picked":"Calculated Gamble+1","floor":29.0},{"not_picked":["Slice","Infinite Blades","Poisoned Stab"],"picked":"Catalyst+1","floor":30.0},{"not_picked":["Grand Finale","Night Terror+1","Doppelganger+1"],"picked":"Adrenaline+1","floor":33.0},{"not_picked":["Terror+1","Skewer","Infinite Blades+1"],"picked":"Caltrops+1","floor":35.0},{"not_picked":["Jack Of All Trades+1","Panacea+1","Transmutation+1"],"picked":"Madness+1","floor":38.0},{"not_picked":["Flash of Steel","Good Instincts+1","Impatience+1"],"picked":"Madness+1","floor":38.0},{"not_picked":["Secret Weapon+1","Jack Of All Trades+1","Mind Blast"],"picked":"Finesse+1","floor":38.0},{"not_picked":["Quick Slash+1","Prepared+1","Acrobatics+1"],"picked":"Backflip+1","floor":39.0},{"not_picked":["PiercingWail+1","Deflect+1","Acrobatics+1"],"picked":"Catalyst+1","floor":41.0},{"not_picked":["Bane","Acrobatics+1","Deflect+1"],"picked":"Footwork","floor":42.0},{"not_picked":["Calculated Gamble+1","Cloak And Dagger+1","Blade Dance+1"],"picked":"Acrobatics+1","floor":45.0},{"not_picked":["Storm of Steel+1","Bane+1","Choke+1","Dagger Throw+1"],"picked":"SKIP","floor":46.0},{"not_picked":["Slice+1","Outmaneuver+1","Cloak And Dagger+1"],"picked":"Night Terror+1","floor":48}],"player_experience":501831,"relics_obtained":[{"floor":7.0,"key":"Toxic Egg 2"},{"floor":9.0,"key":"Matryoshka"},{"floor":10.0,"key":"Pear"},{"floor":12.0,"key":"Question Card"},{"floor":24.0,"key":"Vajra"},{"floor":26.0,"key":"Blood Vial"},{"floor":26.0,"key":"Bottled Lightning"},{"floor":27.0,"key":"Art of War"},{"floor":37.0,"key":"Calipers"},{"floor":41.0,"key":"Paper Crane"},{"floor":43.0,"key":"Bag of Preparation"},{"floor":43.0,"key":"PreservedInsect"},{"floor":48,"key":"Centennial Puzzle"}],"event_choices":[{"event_name":"The Woman in Blue","player_choice":"Bought 0 Potions","floor":13.0,"damage_taken":0.0},{"event_name":"Golden Wing","player_choice":"Card Removal","floor":14.0,"damage_taken":0.0},{"event_name":"Back to Basics","player_choice":"Elegance","floor":20.0,"damage_taken":0.0},{"event_name":"Nest","player_choice":"Stole From Cult","floor":21.0,"damage_taken":0.0},{"event_name":"Duplicator","player_choice":"One dupe","floor":36.0,"damage_taken":0.0},{"event_name":"Mysterious Sphere","player_choice":"Fight","floor":37.0,"damage_taken":0.0},{"event_name":"SensoryStone","player_choice":"Memory 3","floor":38.0,"damage_taken":0.0}],"is_beta":false,"boss_relics":[{"not_picked":["White Beast Statue","Orrery"],"picked":"Pandora\u0027s Box"},{"not_picked":["Lizard Tail","Runic Dome"],"picked":"Fusion Hammer"}],"items_purged_floors":[],"is_endless":false,"potions_floor_spawned":[1,5,7,10,16,19,22,24,37,41,45,48],"ascension_level":4}