{"gold_per_floor":[118,118,43,143,157,157,172,172,196,196,212,232,244,257,257,352,352,367,400,400,416,98,98,112,112,112,18,36,36],"floor_reached":29,"playtime":1298,"items_purged":["Strike_B","Strike_B"],"score":217,"play_id":"8d079573-9ebb-42ca-9e4d-8e8345afdc7a","local_time":"20180805022015","is_ascension_mode":false,"campfire_choices":[{"data":"Defragment","floor":6,"key":"SMITH"},{"data":"Zap","floor":8,"key":"SMITH"},{"data":"Dualcast","floor":15,"key":"SMITH"},{"data":"Echo Form","floor":23,"key":"SMITH"},{"floor":25,"key":"REST"}],"neow_cost":"NONE","seed_source_timestamp":1820426657447599,"circlet_count":0,"master_deck":["Strike_B","Strike_B","Defend_B","Defend_B","Defend_B","Defend_B","Zap+1","Dualcast+1","Cold Snap","Scrape","Redo","Streamline","Genetic Algorithm","Defragment+1","Hologram","Capacitor","Gash","Beam Cell","Echo Form+1","Leap","Conserve Battery","Glacier","Secret Technique","Rip and Tear","Hello World+1","Coolheaded","Cold Snap","Coolheaded"],"relics":["Orrery"],"potions_floor_usage":[18,19,19,24],"damage_taken":[{"damage":5,"enemies":"2 Louse","floor":1,"turns":2},{"damage":0,"enemies":"Cultist","floor":5,"turns":4},{"damage":4,"enemies":"Small Slimes","floor":7,"turns":4},{"damage":16,"enemies":"Exordium Thugs","floor":11,"turns":5},{"damage":3,"enemies":"Looter","floor":12,"turns":4},{"damage":5,"enemies":"Large Slime","floor":13,"turns":6},{"damage":4,"enemies":"3 Louse","floor":14,"turns":3},{"damage":11,"enemies":"The Guardian","floor":16,"turns":12},{"damage":22,"enemies":"Spheric Guardian","floor":18,"turns":6},{"damage":18,"floor":19,"turns":3},{"damage":13,"enemies":"Shell Parasite","floor":21,"turns":10},{"damage":4,"enemies":"Cultist and Chosen","floor":24,"turns":7},{"damage":3,"enemies":"Centurion and Healer","floor":28,"turns":15},{"damage":37,"enemies":"3 Cultists","floor":29,"turns":4}],"seed_played":"8843484761954131582","potions_obtained":[{"floor":2,"key":"PowerPotion"},{"floor":2,"key":"GamblersBrew"},{"floor":2,"key":"Block Potion"},{"floor":11,"key":"Energy Potion"},{"floor":16,"key":"PowerPotion"},{"floor":19,"key":"AttackPotion"},{"floor":24,"key":"Dexterity Potion"}],"is_trial":false,"path_per_floor":["M","?","$","?","M","R","M","R","T","?","M","M","M","M","R","B",null,"M","?","?","M","$","R","M","R","T","$","M"],"character_chosen":"DEFECT","items_purchased":["Secret Technique","Rip and Tear","Coolheaded","Cold Snap"],"campfire_rested":1,"item_purchase_floors":[22,22,27,27],"current_hp_per_floor":[70,70,70,70,70,70,66,66,66,66,50,47,42,38,38,27,75,53,35,35,22,22,22,18,40,40,40,37,0],"gold":36,"neow_bonus":"BOSS_RELIC","is_prod":false,"is_daily":false,"chose_seed":false,"campfire_upgraded":4,"win_rate":0,"timestamp":1533457215,"path_taken":["M","?","$","?","M","R","M","R","T","?","M","?","M","M","R","BOSS","M","?","?","M","$","R","M","R","T","$","?","M"],"build_version":"2018-08-02","purchased_purges":2,"victory":false,"max_hp_per_floor":[75,75,75,75,75,75,75,75,75,75,75,75,75,75,75,75,75,75,75,75,75,75,75,75,75,75,75,75,75],"card_choices":[{"not_picked":["Turbo","Leap"],"picked":"Cold Snap","floor":0},{"not_picked":["Genetic Algorithm","Coolheaded"],"picked":"Scrape","floor":0},{"not_picked":["Leap","Rebound"],"picked":"Redo","floor":0},{"not_picked":["Genetic Algorithm","Compile Driver"],"picked":"Streamline","floor":0},{"not_picked":["Recycle","Doom and Gloom"],"picked":"Genetic Algorithm","floor":0},{"not_picked":["Sunder","Gash"],"picked":"Defragment","floor":1},{"not_picked":["Stack","Streamline","Heatsinks"],"picked":"SKIP","floor":5},{"not_picked":["Redo","Barrage"],"picked":"Hologram","floor":7},{"not_picked":["Compile Driver","Reinforced Body"],"picked":"Capacitor","floor":11},{"not_picked":["Reprogram","Scrape"],"picked":"Gash","floor":12},{"not_picked":["Chaos","Lockon"],"picked":"Beam Cell","floor":13},{"not_picked":["Turbo","Streamline","Blizzard"],"picked":"SKIP","floor":14},{"not_picked":["Electrodynamics","Buffer"],"picked":"Echo Form","floor":16},{"not_picked":["Turbo","Stack"],"picked":"Leap","floor":18},{"not_picked":["Melter+1","Streamline"],"picked":"Conserve Battery","floor":19},{"not_picked":["Loop","Heatsinks"],"picked":"Glacier","floor":21},{"not_picked":["Turbo+1","Skim"],"picked":"Hello World+1","floor":24},{"not_picked":["Compile Driver","Leap+1"],"picked":"Coolheaded","floor":28}],"player_experience":339689,"relics_obtained":[],"event_choices":[{"event_name":"The Lab","player_choice":"Got Potions","floor":2,"damage_taken":0},{"event_name":"Golden Shrine","player_choice":"Pray","floor":4,"damage_taken":0},{"event_name":"Dead Adventurer","player_choice":"Searched \u00270\u0027 times","floor":10,"damage_taken":0},{"event_name":"Masked Bandits","player_choice":"Fought over 367 gold","floor":19,"damage_taken":0},{"event_name":"The Mausoleum","player_choice":"No","floor":20,"damage_taken":0}],"is_beta":false,"boss_relics":[{"not_picked":["Eternal Feather","Black Star","Runic Pyramid"]}],"items_purged_floors":[3,22],"is_endless":false,"potions_floor_spawned":[5,11,16,19,24],"killed_by":"3 Cultists","ascension_level":0}