{"gold_per_floor":[114,129,145,157,157,157,157,168,193,193,193],"floor_reached":11,"playtime":327,"items_purged":[],"score":131,"play_id":"be95044b-7392-4301-bbe4-88b64e33fb53","local_time":"20190320151223","is_ascension_mode":true,"campfire_choices":[{"floor":7,"key":"REST"}],"neow_cost":"NONE","seed_source_timestamp":2426358719987175,"circlet_count":0,"master_deck":["AscendersBane","Strike_B","Strike_B","Strike_B","Strike_B","Defend_B","Defend_B","Defend_B","Defend_B","Zap","Dualcast","Conserve Battery","Fusion+1","Ball Lightning","White Noise","Steam"],"relics":["Inserter","Vajra"],"potions_floor_usage":[6,11],"damage_taken":[{"damage":4,"enemies":"Small Slimes","floor":1,"turns":4},{"damage":5,"enemies":"2 Louse","floor":2,"turns":3},{"damage":6,"enemies":"Cultist","floor":3,"turns":6},{"damage":20,"enemies":"3 Louse","floor":4,"turns":3},{"damage":18,"enemies":"Gremlin Nob","floor":6,"turns":4},{"damage":23,"enemies":"Exordium Wildlife","floor":8,"turns":4},{"damage":18,"enemies":"3 Sentries","floor":11,"turns":2}],"seed_played":"2902764647521136984","potions_obtained":[{"floor":1,"key":"SmokeBomb"},{"floor":2,"key":"SteroidPotion"}],"is_trial":false,"path_per_floor":["M","M","M","M","?","E","R","M","T","?","E"],"character_chosen":"DEFECT","items_purchased":[],"campfire_rested":1,"item_purchase_floors":[],"current_hp_per_floor":[60,55,49,29,29,11,32,9,9,9,0],"gold":193,"neow_bonus":"BOSS_RELIC","is_prod":false,"is_daily":false,"chose_seed":false,"campfire_upgraded":0,"win_rate":0,"timestamp":1553116343,"path_taken":["M","M","M","M","?","E","R","M","T","?","E"],"build_version":"2019-01-23","purchased_purges":0,"victory":false,"max_hp_per_floor":[71,71,71,71,71,71,71,71,71,71,71],"card_choices":[{"not_picked":["Loop","Force Field"],"picked":"Conserve Battery","floor":1},{"not_picked":["BootSequence","Hologram"],"picked":"Fusion","floor":2},{"not_picked":["Loop","Aggregate"],"picked":"Ball Lightning","floor":3},{"not_picked":["Melter","Stack"],"picked":"White Noise","floor":4},{"not_picked":["Turbo","Barrage"],"picked":"Steam","floor":8}],"player_experience":817605,"relics_obtained":[{"floor":9,"key":"Vajra"}],"event_choices":[{"damage_healed":0,"gold_gain":0,"player_choice":"Ignored","damage_taken":0,"max_hp_gain":0,"max_hp_loss":0,"event_name":"Liars Game","floor":5,"gold_loss":0},{"damage_healed":0,"gold_gain":0,"player_choice":"Forge","damage_taken":0,"max_hp_gain":0,"max_hp_loss":0,"event_name":"Accursed Blacksmith","floor":10,"gold_loss":0,"cards_upgraded":["Fusion"]}],"is_beta":false,"boss_relics":[],"items_purged_floors":[],"is_endless":false,"potions_floor_spawned":[1,2,3],"killed_by":"3 Sentries","ascension_level":15}