{"gold_per_floor":[110,110,110,129,145,175,175,188,188,188,214,227,24,34,34,135,135,135,135,135,135,135,135,135,135,135,135,42,42,42,42,42,42,42,42,42,42,42,42,42,42,42,42,42,42,42,42,42,42,42],"floor_reached":51,"playtime":3377,"items_purged":[],"score":1218,"play_id":"989c2ca0-05cc-4cfc-aa3b-357841f3c5a4","local_time":"20180723023035","is_ascension_mode":true,"campfire_choices":[{"floor":7,"key":"REST"},{"floor":15,"key":"REST"},{"data":"Doppelganger","floor":23,"key":"SMITH"},{"data":"Backflip","floor":25,"key":"SMITH"},{"data":"Neutralize","floor":32,"key":"SMITH"},{"data":"Choke","floor":41,"key":"SMITH"},{"data":"Prepared","floor":47,"key":"SMITH"},{"data":"Sucker Punch","floor":49,"key":"SMITH"}],"neow_cost":"","seed_source_timestamp":695913605518714,"circlet_count":0,"master_deck":["Defend_G","Defend_G","Defend_G","Defend_G","Defend_G","Survivor","Neutralize+1","Infinite Blades+1","Backflip+1","Doppelganger+1","Cloak And Dagger","Prepared+1","Dramatic Entrance","Poisoned Stab","PiercingWail+1","Tactician+1","Blur+1","Trip+1","Terror+1","Storm of Steel+1","Noxious Fumes","Bite","Bite","Bite","Bite","Bite","Acrobatics+1","Cloak And Dagger+1","Footwork+1","Endless Agony","Deadly Poison+1","Finesse+1","Sucker Punch+1","Flechettes+1","PiercingWail+1","Adrenaline+1","Riddle With Holes+1","Choke+1","Accuracy+1","Blade Dance+1","Underhanded Strike","Tactician+1","Distraction+1","Cloak And Dagger+1"],"relics":["Ring of the Snake","Bottled Lightning","Toxic Egg 2","Ninja Scroll","Ectoplasm","Red Mask","Regal Pillow","Letter Opener","Darkstone Periapt","Coffee Dripper","Bird Faced Urn","Calipers","Tiny Chest","Mango","Lantern"],"potions_floor_usage":[6,16,16,24,24,33,33,33,39,44,50,50],"damage_taken":[{"damage":8,"enemies":"Jaw Worm","floor":1,"turns":8},{"damage":0,"enemies":"2 Louse","floor":4,"turns":3},{"damage":0,"enemies":"Cultist","floor":5,"turns":3},{"damage":25,"enemies":"Gremlin Nob","floor":6,"turns":5},{"damage":17,"enemies":"Exordium Wildlife","floor":8,"turns":5},{"damage":8,"enemies":"Lagavulin","floor":11,"turns":9},{"damage":3,"enemies":"Blue Slaver","floor":12,"turns":3},{"damage":2,"enemies":"3 Louse","floor":14,"turns":2},{"damage":40,"enemies":"Slime Boss","floor":16,"turns":12},{"damage":0,"enemies":"Spheric Guardian","floor":18,"turns":4},{"damage":0,"enemies":"3 Byrds","floor":20,"turns":5},{"damage":13,"enemies":"Snecko","floor":21,"turns":4},{"damage":13,"floor":22,"turns":6},{"damage":30,"enemies":"Gremlin Leader","floor":24,"turns":10},{"damage":0,"enemies":"3 Cultists","floor":27,"turns":5},{"damage":5,"enemies":"Snake Plant","floor":29,"turns":5},{"damage":0,"enemies":"Centurion and Healer","floor":30,"turns":5},{"damage":10,"enemies":"Book of Stabbing","floor":31,"turns":5},{"damage":26,"enemies":"Collector","floor":33,"turns":8},{"damage":0,"enemies":"3 Darklings","floor":35,"turns":4},{"damage":3,"enemies":"Orb Walker","floor":36,"turns":3},{"damage":7,"enemies":"3 Darklings","floor":37,"turns":4},{"damage":0,"floor":38,"turns":4},{"damage":0,"enemies":"Maw","floor":39,"turns":4},{"damage":19,"enemies":"Nemesis","floor":40,"turns":5},{"damage":0,"enemies":"2 Orb Walkers","floor":44,"turns":2},{"damage":20,"enemies":"Nemesis","floor":46,"turns":5},{"damage":6,"enemies":"Transient","floor":48,"turns":5},{"damage":38,"enemies":"Donu and Deca","floor":50,"turns":10}],"seed_played":"-4390420193028297966","potions_obtained":[{"floor":5,"key":"GhostInAJar"},{"floor":11,"key":"Regen Potion"},{"floor":14,"key":"AttackPotion"},{"floor":16,"key":"EssenceOfSteel"},{"floor":20,"key":"SteroidPotion"},{"floor":24,"key":"LiquidBronze"},{"floor":27,"key":"AttackPotion"},{"floor":29,"key":"LiquidBronze"},{"floor":36,"key":"Swift Potion"},{"floor":37,"key":"GamblersBrew"},{"floor":40,"key":"SpeedPotion"},{"floor":48,"key":"Weak Potion"}],"is_trial":false,"path_per_floor":["M","?","?","M","M","E","R","M","T","?","E","M","$","M","R","B",null,"M","?","M","M","?","R","E","R","T","M","$","M","M","E","R","B",null,"M","M","M","?","M","E","R","$","T","E","$","E","R","M","R","B"],"character_chosen":"THE_SILENT","items_purchased":["Tactician+1","Blur+1","Trip+1","Finesse+1"],"campfire_rested":2,"item_purchase_floors":[13,13,13,28],"current_hp_per_floor":[62,55,41,41,41,16,37,20,20,20,12,9,9,7,28,3,70,70,49,49,42,39,39,29,29,29,37,37,40,46,40,40,28,49,49,48,46,49,49,38,38,38,38,62,62,51,51,61,61,43],"gold":42,"neow_bonus":"","is_prod":false,"is_daily":false,"chose_seed":false,"campfire_upgraded":6,"win_rate":0,"timestamp":1532334635,"path_taken":["M","?","?","M","M","E","R","M","T","?","E","M","$","M","R","BOSS","M","?","M","M","?","R","E","R","T","M","$","M","M","E","R","BOSS","M","?","M","?","M","E","R","?","T","E","?","E","R","M","R","BOSS"],"build_version":"2018-07-19v2","purchased_purges":0,"victory":true,"max_hp_per_floor":[70,70,70,70,70,70,70,70,70,70,70,70,70,70,70,70,70,70,49,49,49,49,49,49,49,49,49,49,49,49,49,49,49,49,49,49,49,49,49,49,49,49,49,63,63,63,63,63,63,63],"card_choices":[{"not_picked":["Dagger Spray","Outmaneuver"],"picked":"Infinite Blades","floor":1},{"not_picked":["Deflect","Predator"],"picked":"Backflip","floor":4},{"not_picked":["Bane","Blade Dance"],"picked":"Doppelganger","floor":5},{"not_picked":["Finisher","Distraction"],"picked":"Cloak And Dagger","floor":6},{"not_picked":["Reflex","Concentrate"],"picked":"Prepared","floor":8},{"not_picked":["Infinite Blades","Dodge and Roll+1"],"picked":"Poisoned Stab","floor":11},{"not_picked":["Flying Knee","Endless Agony"],"picked":"PiercingWail+1","floor":12},{"not_picked":["Cloak And Dagger+1","Deflect+1"],"picked":"Terror+1","floor":14},{"not_picked":["Corpse Explosion+1","Unload"],"picked":"Storm of Steel+1","floor":16},{"not_picked":["Poisoned Stab","Dagger Throw"],"picked":"Noxious Fumes","floor":18},{"not_picked":["Deadly Poison+1","Terror+1"],"picked":"Acrobatics+1","floor":20},{"not_picked":["Reflex+1","Bane"],"picked":"Cloak And Dagger+1","floor":21},{"not_picked":["Dagger Throw+1","Unload"],"picked":"Footwork+1","floor":22},{"not_picked":["Outmaneuver+1","Poisoned Stab+1"],"picked":"Endless Agony","floor":24},{"not_picked":["PiercingWail+1","Quick Slash"],"picked":"Deadly Poison+1","floor":27},{"not_picked":["Outmaneuver+1","Prepared+1"],"picked":"Sucker Punch","floor":29},{"not_picked":["Calculated Gamble+1","Backstab"],"picked":"Flechettes+1","floor":30},{"not_picked":["Noxious Fumes","Deadly Poison+1"],"picked":"PiercingWail+1","floor":31},{"not_picked":["Malaise+1","Phantasmal Killer+1"],"picked":"Adrenaline+1","floor":33},{"not_picked":["Underhanded Strike+1","Deadly Poison+1"],"picked":"Riddle With Holes+1","floor":35},{"not_picked":["Backflip+1","Setup+1"],"picked":"Choke","floor":36},{"not_picked":["Dagger Throw+1","Bane+1"],"picked":"Accuracy+1","floor":37},{"not_picked":["Noxious Fumes+1","Slice"],"picked":"Blade Dance+1","floor":38},{"not_picked":["Dagger Throw+1","Dagger Spray"],"picked":"Underhanded Strike","floor":39},{"not_picked":["Eviscerate+1","Noxious Fumes+1"],"picked":"Tactician+1","floor":40},{"not_picked":["Slice+1","Deflect+1"],"picked":"Distraction+1","floor":44},{"not_picked":["Masterful Stab+1","Slice+1"],"picked":"Cloak And Dagger+1","floor":46},{"not_picked":["Tactician+1","Underhanded Strike","Venomology+1"],"picked":"SKIP","floor":48}],"player_experience":257103,"relics_obtained":[{"floor":6,"key":"Bottled Lightning"},{"floor":9,"key":"Toxic Egg 2"},{"floor":11,"key":"Ninja Scroll"},{"floor":22,"key":"Red Mask"},{"floor":24,"key":"Regal Pillow"},{"floor":26,"key":"Letter Opener"},{"floor":31,"key":"Darkstone Periapt"},{"floor":38,"key":"Bird Faced Urn"},{"floor":40,"key":"Calipers"},{"floor":43,"key":"Tiny Chest"},{"floor":44,"key":"Mango"},{"floor":46,"key":"Lantern"}],"event_choices":[{"event_name":"Golden Wing","player_choice":"Card Removal","floor":2,"damage_taken":0},{"event_name":"Shining Light","player_choice":"Entered Light","floor":3,"damage_taken":0},{"event_name":"Match and Keep!","player_choice":"1 cards matched","floor":10,"damage_taken":0},{"event_name":"Vampires","player_choice":"Became a vampire","floor":19,"damage_taken":0},{"event_name":"Masked Bandits","player_choice":"Fought over 135 gold","floor":22,"damage_taken":0},{"event_name":"MindBloom","player_choice":"Fight","floor":38,"damage_taken":0}],"is_beta":false,"boss_relics":[{"not_picked":["Tiny House","Philosopher\u0027s Stone"],"picked":"Ectoplasm"},{"not_picked":["Runic Dome","Astrolabe"],"picked":"Coffee Dripper"}],"items_purged_floors":[],"is_endless":false,"potions_floor_spawned":[5,11,14,16,20,24,27,29,36,37,40,48],"ascension_level":2}