{"gold_per_floor":[113,133,146,146,70,97,97,113,113,125,137,312,312,153,153,256,256,275,36,36,50,68,68,86,86,86,98,113,113,113,127,127,127],"floor_reached":33,"playtime":2655,"items_purged":["Doubt"],"score":301,"play_id":"3b0cdff4-b83a-40d1-bd0f-331348fbfd45","local_time":"20190221000250","is_ascension_mode":false,"campfire_choices":[{"data":"Whirlwind","floor":7.0,"key":"SMITH"},{"data":"Shrug It Off","floor":13.0,"key":"SMITH"},{"floor":15.0,"key":"REST"},{"data":"Pommel Strike","floor":23.0,"key":"SMITH"},{"data":"Clothesline","floor":25.0,"key":"SMITH"},{"data":"Pommel Strike","floor":29.0,"key":"SMITH"},{"data":"Shrug It Off","floor":32,"key":"SMITH"}],"neow_cost":"NONE","seed_source_timestamp":0,"circlet_count":0,"master_deck":["Strike_R+1","Strike_R+1","Strike_R+1","Strike_R+1","Strike_R+1","Defend_R+1","Defend_R+1","Defend_R+1","Defend_R+1","Bash+1","Whirlwind+1","Shrug It Off+1","Shrug It Off+1","Dark Shackles","Clothesline+1","Immolate","Pommel Strike+1","Shrug It Off","Shrug It Off+1","Pommel Strike+1"],"special_seed":0,"relics":["Burning Blood","Blood Vial","Dream Catcher","Busted Crown","Mummified Hand","Pear"],"potions_floor_usage":[33,33,33,33,33],"damage_taken":[{"damage":9.0,"enemies":"2 Louse","floor":1.0,"turns":3.0},{"damage":12.0,"enemies":"Jaw Worm","floor":2.0,"turns":5.0},{"damage":0.0,"enemies":"Small Slimes","floor":3.0,"turns":3.0},{"damage":31.0,"enemies":"Gremlin Nob","floor":6.0,"turns":5.0},{"damage":27.0,"enemies":"Exordium Thugs","floor":8.0,"turns":3.0},{"damage":7.0,"enemies":"3 Louse","floor":10.0,"turns":2.0},{"damage":12.0,"enemies":"Exordium Wildlife","floor":11.0,"turns":6.0},{"damage":31.0,"enemies":"The Guardian","floor":16.0,"turns":11.0},{"damage":12.0,"enemies":"Chosen","floor":18.0,"turns":4.0},{"damage":17.0,"enemies":"Spheric Guardian","floor":21.0,"turns":5.0},{"damage":22.0,"enemies":"Centurion and Healer","floor":22.0,"turns":6.0},{"damage":14.0,"enemies":"Cultist and Chosen","floor":24.0,"turns":5.0},{"damage":0.0,"enemies":"3 Cultists","floor":27.0,"turns":2.0},{"damage":16.0,"enemies":"Snake Plant","floor":28.0,"turns":5.0},{"damage":3.0,"enemies":"Chosen and Byrds","floor":31.0,"turns":7.0},{"damage":80,"enemies":"Automaton","floor":33,"turns":12}],"seed_played":"-646672534275715477","potions_obtained":[{"floor":1.0,"key":"BloodPotion"},{"floor":2.0,"key":"PowerPotion"},{"floor":8.0,"key":"EssenceOfSteel"},{"floor":11.0,"key":"Weak Potion"},{"floor":22.0,"key":"EntropicBrew"},{"floor":27.0,"key":"SkillPotion"},{"floor":31.0,"key":"SpeedPotion"}],"is_trial":false,"path_per_floor":["M","M","M","?","$","E","R","M","T","M","M","?","R","$","R","B",null,"M","$","?","M","M","R","M","R","T","M","M","R","?","M","R","B"],"character_chosen":"IRONCLAD","items_purchased":["Whirlwind","Dark Shackles","Mummified Hand"],"campfire_rested":1,"item_purchase_floors":[5,14,19],"current_hp_per_floor":[85,79,85,85,85,60,60,41,41,42,46,46,46,46,72,49,88,82,82,82,73,59,59,53,53,63,71,63,63,63,68,68,0],"gold":127,"neow_bonus":"TEN_PERCENT_HP_BONUS","is_prod":false,"is_daily":false,"chose_seed":false,"campfire_upgraded":6,"win_rate":0.0,"timestamp":1550736170,"path_taken":["M","M","M","?","$","E","R","M","T","M","M","?","R","$","R","BOSS","M","$","?","M","M","R","M","R","T","M","M","R","?","M","R","BOSS"],"build_version":"2019-01-23","purchased_purges":1,"victory":false,"max_hp_per_floor":[88,88,88,88,88,88,88,88,88,88,88,88,88,88,88,88,88,88,88,88,88,88,88,88,88,98,98,98,98,98,98,98,98],"card_choices":[{"not_picked":["Second Wind","Searing Blow","Evolve"],"picked":"SKIP","floor":1.0},{"not_picked":["Body Slam","Heavy Blade","Perfected Strike"],"picked":"SKIP","floor":2.0},{"not_picked":["Iron Wave","Clothesline","Warcry"],"picked":"SKIP","floor":3.0},{"not_picked":["Second Wind","Feel No Pain","Immolate"],"picked":"SKIP","floor":6.0},{"not_picked":["Body Slam","Feel No Pain"],"picked":"Shrug It Off","floor":8.0},{"not_picked":["Armaments","Pommel Strike","Body Slam"],"picked":"SKIP","floor":10.0},{"not_picked":["Headbutt","Spot Weakness"],"picked":"Shrug It Off","floor":11.0},{"not_picked":["Body Slam","Perfected Strike"],"picked":"Clothesline","floor":15.0},{"not_picked":["Bludgeon","Fiend Fire"],"picked":"Immolate","floor":16.0},{"not_picked":["Armaments"],"picked":"SKIP","floor":18.0},{"not_picked":[],"picked":"Pommel Strike","floor":21.0},{"not_picked":[],"picked":"Shrug It Off","floor":22.0},{"not_picked":[],"picked":"Shrug It Off+1","floor":24.0},{"not_picked":[],"picked":"Pommel Strike","floor":27.0},{"not_picked":["True Grit"],"picked":"SKIP","floor":28.0},{"not_picked":["Fire Breathing"],"picked":"SKIP","floor":31.0}],"player_experience":55312,"relics_obtained":[{"floor":6.0,"key":"Blood Vial"},{"floor":9.0,"key":"Dream Catcher"},{"floor":26.0,"key":"Pear"}],"event_choices":[{"damage_healed":0.0,"max_hp_gain":0.0,"max_hp_loss":0.0,"gold_gain":0.0,"event_name":"Living Wall","player_choice":"Grow","floor":4.0,"gold_loss":0.0,"damage_taken":0.0,"cards_upgraded":["Bash"]},{"damage_healed":0.0,"max_hp_gain":0.0,"max_hp_loss":0.0,"gold_gain":175.0,"event_name":"Liars Game","player_choice":"AGREE","floor":12.0,"gold_loss":0.0,"damage_taken":0.0,"cards_obtained":["Doubt"]},{"damage_healed":0.0,"max_hp_gain":0.0,"max_hp_loss":0.0,"gold_gain":0.0,"event_name":"Ghosts","player_choice":"Ignored","floor":20.0,"gold_loss":0.0,"damage_taken":0.0},{"damage_healed":0.0,"max_hp_gain":0.0,"max_hp_loss":0.0,"gold_gain":0.0,"event_name":"Back to Basics","player_choice":"Simplicity","floor":30.0,"gold_loss":0.0,"damage_taken":0.0,"cards_upgraded":["Strike_R","Strike_R","Strike_R","Strike_R","Strike_R","Defend_R","Defend_R","Defend_R","Defend_R"]}],"is_beta":false,"boss_relics":[{"not_picked":["Empty Cage","Ectoplasm"],"picked":"Busted Crown"}],"items_purged_floors":[14],"is_endless":false,"potions_floor_spawned":[1,2,8,11,22,27,31],"killed_by":"Automaton","ascension_level":0}