{"gold_per_floor":[115,189,189,189,114,139,139,167,167,201,201,27,27,42,42,42],"floor_reached":16,"playtime":748,"items_purged":["Strike_G","Strike_G"],"score":180,"play_id":"93d4dfb9-ecd3-4897-a985-7297fe242d1e","local_time":"20190303021935","is_ascension_mode":true,"campfire_choices":[{"floor":7,"key":"RECALL"},{"floor":11,"key":"REST"},{"floor":13,"key":"REST"},{"data":"Noxious Fumes","floor":15,"key":"SMITH"}],"neow_cost":"NONE","seed_source_timestamp":713727596403895,"circlet_count":0,"master_deck":["Defend_G","Defend_G","Defend_G","Defend_G","Defend_G","Strike_G","Strike_G","Strike_G","Survivor","Neutralize","Backstab+1","Noxious Fumes+1","Dash"],"relics":["Ring of the Snake","NeowsBlessing","Gambling Chip","Kunai","Bag of Preparation","Orichalcum"],"potions_floor_usage":[10,16],"damage_taken":[{"damage":0,"enemies":"Small Slimes","floor":1,"turns":1},{"damage":0,"enemies":"Lagavulin","floor":6,"turns":1},{"damage":0,"enemies":"3 Sentries","floor":8,"turns":1},{"damage":25,"enemies":"Gremlin Nob","floor":10,"turns":5},{"damage":0,"enemies":"Jaw Worm","floor":14,"turns":3},{"damage":68,"enemies":"Slime Boss","floor":16,"turns":11}],"seed_played":"7515341609591878955","potions_obtained":[{"floor":6,"key":"FearPotion"},{"floor":14,"key":"SteroidPotion"}],"is_trial":false,"path_per_floor":["M","?","?","?","$","E","R","E","T","E","R","$","R","M","R","B"],"character_chosen":"THE_SILENT","items_purchased":["Dash"],"campfire_rested":2,"item_purchase_floors":[12],"current_hp_per_floor":[70,70,45,45,45,45,45,45,45,20,41,41,62,62,62,0],"gold":42,"neow_bonus":"THREE_ENEMY_KILL","is_prod":false,"is_daily":false,"chose_seed":false,"campfire_upgraded":1,"win_rate":0,"timestamp":1551608375,"path_taken":["M","?","?","?","$","E","R","E","T","E","R","$","R","M","R","BOSS"],"build_version":"2019-01-23","purchased_purges":2,"victory":false,"max_hp_per_floor":[70,70,70,70,70,70,70,70,70,70,70,70,70,70,70,70],"card_choices":[{"not_picked":["Deflect","PiercingWail"],"picked":"Backstab","floor":1},{"not_picked":["Escape Plan","Accuracy","Calculated Gamble"],"picked":"SKIP","floor":6},{"not_picked":["Flying Knee","Heel Hook","Eviscerate"],"picked":"SKIP","floor":8},{"not_picked":["Sucker Punch","Masterful Stab"],"picked":"Noxious Fumes","floor":10},{"not_picked":["Sucker Punch","Bane","Dagger Throw"],"picked":"SKIP","floor":14}],"player_experience":81373,"relics_obtained":[{"floor":6,"key":"Kunai"},{"floor":8,"key":"Bag of Preparation"},{"floor":10,"key":"Orichalcum"}],"event_choices":[{"damage_healed":0,"gold_gain":74,"player_choice":"Gained Gold","damage_taken":0,"max_hp_gain":0,"max_hp_loss":0,"event_name":"Golden Wing","floor":2,"gold_loss":0},{"damage_healed":0,"gold_gain":0,"player_choice":"Success","damage_taken":25,"relics_obtained":["Gambling Chip"],"max_hp_gain":0,"max_hp_loss":0,"event_name":"Scrap Ooze","floor":3,"gold_loss":0},{"damage_healed":0,"gold_gain":0,"player_choice":"Grow","damage_taken":0,"max_hp_gain":0,"max_hp_loss":0,"event_name":"Living Wall","floor":4,"gold_loss":0,"cards_upgraded":["Backstab"]}],"is_beta":false,"boss_relics":[],"items_purged_floors":[5,12],"is_endless":false,"potions_floor_spawned":[6,14],"killed_by":"Slime Boss","ascension_level":2}