{"gold_per_floor":[115,132,82,92,110,136,136,169,169,169,200,213,232,246,246,345,345,357,370,388,36,49,74,74,88,167,92,92,110,110],"floor_reached":30,"playtime":1836,"items_purged":[],"score":317,"play_id":"61ab9ef9-d3d5-45e7-a48f-65a5bb81f606","local_time":"20180723231839","is_ascension_mode":true,"campfire_choices":[{"data":"Neutralize","floor":7,"key":"SMITH"},{"floor":10,"key":"REST"},{"floor":15,"key":"REST"},{"data":"Envenom","floor":24,"key":"SMITH"},{"floor":28,"key":"REST"}],"neow_cost":"NONE","seed_source_timestamp":772342425575316,"circlet_count":0,"master_deck":["Defend_G","Defend_G","Defend_G","Defend_G","Defend_G","Strike_G+1","Strike_G","Strike_G","Survivor","Neutralize+1","Flying Knee+1","Cloak And Dagger","Prepared","Acrobatics","Slice","Riddle With Holes","Backflip","Die Die Die","Dagger Throw","Wraith Form v2","Crippling Poison","Sucker Punch","Flying Knee","A Thousand Cuts","Envenom+1","Sucker Punch+1","Footwork+1","Dagger Spray","Underhanded Strike+1","Infinite Blades+1"],"relics":["Orrery","Singing Bowl","Whetstone","Darkstone Periapt","Thread and Needle","WristBlade","Snake Skull","TwistedFunnel","Ancient Tea Set","Letter Opener"],"potions_floor_usage":[6,8,13,22,22,30,30],"damage_taken":[{"damage":0,"enemies":"2 Louse","floor":1,"turns":2},{"damage":0,"enemies":"Small Slimes","floor":2,"turns":3},{"damage":0,"enemies":"Cultist","floor":4,"turns":5},{"damage":0,"enemies":"2 Fungi Beasts","floor":5,"turns":3},{"damage":40,"enemies":"Lagavulin","floor":6,"turns":7},{"damage":9,"enemies":"3 Sentries","floor":8,"turns":9},{"damage":30,"enemies":"Lagavulin","floor":11,"turns":7},{"damage":1,"enemies":"Exordium Wildlife","floor":12,"turns":3},{"damage":0,"enemies":"Large Slime","floor":13,"turns":3},{"damage":0,"enemies":"2 Fungi Beasts","floor":14,"turns":3},{"damage":8,"enemies":"Hexaghost","floor":16,"turns":13},{"damage":2,"enemies":"3 Byrds","floor":18,"turns":5},{"damage":0,"enemies":"Shell Parasite","floor":19,"turns":9},{"damage":41,"enemies":"Sentry and Sphere","floor":20,"turns":7},{"damage":0,"enemies":"Centurion and Healer","floor":22,"turns":7},{"damage":16,"enemies":"Book of Stabbing","floor":23,"turns":6},{"damage":0,"enemies":"Snecko","floor":25,"turns":3},{"damage":22,"enemies":"Slaver and Parasite","floor":29,"turns":5},{"damage":36,"floor":30,"turns":3}],"seed_played":"913408350909709954","potions_obtained":[{"floor":1,"key":"AttackPotion"},{"floor":5,"key":"EssenceOfSteel"},{"floor":11,"key":"GamblersBrew"},{"floor":12,"key":"Energy Potion"},{"floor":18,"key":"Dexterity Potion"},{"floor":19,"key":"GhostInAJar"},{"floor":23,"key":"Ancient Potion"},{"floor":29,"key":"Regen Potion"}],"is_trial":false,"path_per_floor":["M","M","?","M","M","E","R","E","T","R","E","M","M","M","R","B",null,"M","M","M","$","M","E","R","M","T","?","R","M"],"character_chosen":"THE_SILENT","items_purchased":["Snake Skull","TwistedFunnel"],"campfire_rested":3,"item_purchase_floors":[21,21],"current_hp_per_floor":[70,70,70,70,70,30,30,21,21,42,12,11,13,13,34,26,72,70,72,31,31,31,15,15,15,15,15,37,17,0],"gold":110,"neow_bonus":"BOSS_RELIC","is_prod":false,"is_daily":false,"chose_seed":false,"campfire_upgraded":2,"win_rate":0,"timestamp":1532409519,"path_taken":["M","M","?","M","M","E","R","E","T","R","E","M","M","M","R","BOSS","M","M","M","$","M","E","R","M","T","?","R","M","?"],"build_version":"2018-07-19v2","purchased_purges":0,"victory":false,"max_hp_per_floor":[70,70,70,70,70,70,70,70,70,70,70,70,72,72,72,72,72,72,74,74,74,74,74,74,74,74,74,74,76,76],"card_choices":[{"not_picked":["Slice","PiercingWail"],"picked":"Flying Knee","floor":0},{"not_picked":["Choke","PiercingWail"],"picked":"Cloak And Dagger","floor":0},{"not_picked":["Poisoned Stab","Dodge and Roll"],"picked":"Prepared","floor":0},{"not_picked":["Blade Dance","Grand Finale"],"picked":"Acrobatics","floor":0},{"not_picked":["Prepared","Leg Sweep"],"picked":"Slice","floor":0},{"not_picked":["Bane","Eviscerate"],"picked":"Riddle With Holes","floor":1},{"not_picked":["Outmaneuver","Deadly Poison"],"picked":"Backflip","floor":2},{"not_picked":["Quick Slash","Outmaneuver"],"picked":"Die Die Die","floor":4},{"not_picked":["Quick Slash","Bane"],"picked":"Dagger Throw","floor":5},{"not_picked":["Slice","Deadly Poison"],"picked":"Wraith Form v2","floor":6},{"not_picked":["Reflex","Doppelganger"],"picked":"Crippling Poison","floor":8},{"not_picked":["Slice","Poisoned Stab"],"picked":"Sucker Punch","floor":11},{"not_picked":["Deadly Poison","Caltrops"],"picked":"Flying Knee","floor":12},{"not_picked":["Acrobatics","Bane","Backflip"],"picked":"Singing Bowl","floor":13},{"not_picked":["PiercingWail","Dagger Throw"],"picked":"A Thousand Cuts","floor":14},{"not_picked":["Adrenaline","After Image"],"picked":"Envenom","floor":16},{"not_picked":["Acrobatics+1","Leg Sweep+1"],"picked":"Sucker Punch+1","floor":18},{"not_picked":["Cloak And Dagger","Dodge and Roll","Deadly Poison"],"picked":"Singing Bowl","floor":19},{"not_picked":["Acrobatics","Prepared"],"picked":"Footwork+1","floor":20},{"not_picked":["Underhanded Strike","Flying Knee"],"picked":"Dagger Spray","floor":22},{"not_picked":["Dodge and Roll+1","Well Laid Plans"],"picked":"Underhanded Strike+1","floor":23},{"not_picked":["Cloak And Dagger","Flying Knee+1"],"picked":"Infinite Blades+1","floor":25},{"not_picked":["Bouncing Flask","Backflip","Underhanded Strike"],"picked":"Singing Bowl","floor":29}],"player_experience":270292,"relics_obtained":[{"floor":6,"key":"Singing Bowl"},{"floor":8,"key":"Whetstone"},{"floor":9,"key":"Darkstone Periapt"},{"floor":11,"key":"Thread and Needle"},{"floor":23,"key":"Ancient Tea Set"},{"floor":26,"key":"Letter Opener"}],"event_choices":[{"event_name":"The Cleric","player_choice":"Card Removal","floor":3,"damage_taken":0},{"event_name":"Beggar","player_choice":"Gave Gold","floor":27,"damage_taken":0},{"event_name":"Masked Bandits","player_choice":"Fought over 110 gold","floor":30,"damage_taken":0}],"is_beta":false,"boss_relics":[{"not_picked":["Snecko Eye","Runic Pyramid"],"picked":"WristBlade"}],"items_purged_floors":[],"is_endless":false,"potions_floor_spawned":[1,5,11,12,18,19,23,29],"ascension_level":3}