{"gold_per_floor":[109,129,79,79,4,33,33,65,65,90,90,106,117,117,117,117],"floor_reached":16,"playtime":761,"items_purged":["Strike_G"],"score":171,"play_id":"165318b8-c9b5-4a93-b6f1-fc9c1f6ab7cf","local_time":"20181112122933","is_ascension_mode":true,"campfire_choices":[{"data":"Neutralize","floor":7.0,"key":"SMITH"},{"data":"Sucker Punch","floor":11.0,"key":"SMITH"},{"data":"Deflect","floor":15.0,"key":"SMITH"}],"neow_cost":"NONE","seed_source_timestamp":63496140617902,"circlet_count":0,"master_deck":["Defend_G","Defend_G","Defend_G","Defend_G","Defend_G","Strike_G","Survivor","Neutralize+1","Sucker Punch+1","Deadly Poison","Dagger Throw","Predator","Deflect+1","Cloak And Dagger"],"special_seed":0,"relics":["Ring of the Snake","Meat on the Bone","Blood Vial","Question Card","WingedGreaves","Dodecahedron"],"potions_floor_usage":[16],"damage_taken":[{"damage":0.0,"enemies":"Small Slimes","floor":1.0,"turns":4.0},{"damage":0.0,"enemies":"Cultist","floor":2.0,"turns":5.0},{"damage":30.0,"enemies":"Lagavulin","floor":6.0,"turns":8.0},{"damage":15.0,"enemies":"3 Sentries","floor":8.0,"turns":9.0},{"damage":23.0,"enemies":"Gremlin Nob","floor":10.0,"turns":5.0},{"damage":0.0,"enemies":"2 Louse","floor":12.0,"turns":3.0},{"damage":3.0,"enemies":"Exordium Thugs","floor":13.0,"turns":3.0},{"damage":39,"enemies":"Slime Boss","floor":16,"turns":12}],"seed_played":"6863813728631317403","potions_obtained":[{"floor":2.0,"key":"Explosive Potion"},{"floor":6.0,"key":"Explosive Potion"},{"floor":13.0,"key":"Ancient Potion"}],"is_trial":false,"path_per_floor":["M","M","?","?","$","E","R","E","T","E","R","M","M","?","R","B"],"character_chosen":"THE_SILENT","items_purchased":[],"campfire_rested":0,"item_purchase_floors":[],"current_hp_per_floor":[63,63,63,63,63,33,33,30,30,21,21,35,46,39,39,2],"gold":117,"neow_bonus":"REMOVE_CARD","is_prod":false,"is_daily":false,"chose_seed":false,"campfire_upgraded":3,"win_rate":0,"timestamp":1542054573,"path_taken":["M","M","?","?","$","E","R","E","T","E","R","M","?","?","R","BOSS"],"build_version":"2018-11-08","purchased_purges":1,"victory":false,"max_hp_per_floor":[70,70,70,70,70,70,70,70,70,70,70,70,70,70,70,70],"card_choices":[{"not_picked":["Dagger Throw","Blur"],"picked":"Sucker Punch","floor":1.0},{"not_picked":["Bane","Outmaneuver"],"picked":"Deadly Poison","floor":2.0},{"not_picked":["Wraith Form v2","Catalyst","Concentrate"],"picked":"SKIP","floor":6.0},{"not_picked":["Underhanded Strike","Flying Knee"],"picked":"Dagger Throw","floor":8.0},{"not_picked":["Blade Dance","Poisoned Stab","Heel Hook"],"picked":"Predator","floor":10.0},{"not_picked":["Malaise","Crippling Poison","Skewer"],"picked":"Deflect","floor":12.0},{"not_picked":["Calculated Gamble","PiercingWail","Terror"],"picked":"Cloak And Dagger","floor":13.0}],"player_experience":560363,"relics_obtained":[{"floor":6.0,"key":"Meat on the Bone"},{"floor":8.0,"key":"Blood Vial"},{"floor":9.0,"key":"Question Card"},{"floor":10.0,"key":"WingedGreaves"}],"event_choices":[{"cards_removed":["Strike_G"],"damage_healed":0.0,"max_hp_gain":0.0,"max_hp_loss":0.0,"gold_gain":0.0,"event_name":"The Cleric","player_choice":"Card Removal","floor":3.0,"gold_loss":50.0,"damage_taken":0.0},{"cards_removed":["Strike_G"],"damage_healed":0.0,"max_hp_gain":0.0,"max_hp_loss":0.0,"gold_gain":0.0,"event_name":"Bonfire Elementals","player_choice":"Offered Basic","floor":4.0,"gold_loss":0.0,"damage_taken":0.0},{"damage_healed":0.0,"max_hp_gain":0.0,"max_hp_loss":0.0,"gold_gain":0.0,"event_name":"Scrap Ooze","player_choice":"Success","floor":14.0,"gold_loss":0.0,"damage_taken":7.0,"relics_obtained":["Dodecahedron"]}],"is_beta":false,"boss_relics":[],"items_purged_floors":[5],"is_endless":false,"potions_floor_spawned":[2,6,13],"killed_by":"Slime Boss","ascension_level":9}