{"gold_per_floor":[111,125,125,144,154,154,171,196,196,196,208,221,237,312,312,407,407,427,438,438,2,16,16],"floor_reached":23,"playtime":1106,"items_purged":[],"score":197,"play_id":"6fe17cfc-b561-421b-9dcf-b1af39b3b940","local_time":"20180701233114","is_ascension_mode":false,"campfire_choices":[{"data":"Inflame","floor":6,"key":"SMITH"},{"data":"Shockwave","floor":10,"key":"SMITH"},{"floor":15,"key":"REST"}],"neow_cost":"NONE","seed_source_timestamp":18153350257555,"circlet_count":0,"master_deck":["Strike_R","Defend_R","Defend_R","Defend_R","Defend_R","Bash","Blood for Blood","Inflame+1","Cleave","Anger","Shockwave+1","Rupture","Berserk","Flame Barrier","Clothesline","Flex","Double Tap","Hemokinesis+1","Thunderclap+1","Sever Soul+1","Flex","Heavy Blade","Combust","Trip","Heavy Blade"],"relics":["Burning Blood","Peace Pipe","Bottled Lightning","Question Card","Astrolabe","Matryoshka"],"potions_floor_usage":[16,23],"damage_taken":[{"damage":5,"enemies":"Small Slimes","floor":1,"turns":6},{"damage":2,"enemies":"2 Louse","floor":2,"turns":3},{"damage":6,"enemies":"Jaw Worm","floor":4,"turns":3},{"damage":16,"enemies":"Red Slaver","floor":5,"turns":4},{"damage":9,"enemies":"Looter","floor":7,"turns":4},{"damage":34,"enemies":"Lagavulin","floor":8,"turns":6},{"damage":5,"enemies":"Large Slime","floor":11,"turns":4},{"damage":4,"enemies":"Red Slaver","floor":12,"turns":4},{"damage":0,"enemies":"2 Fungi Beasts","floor":13,"turns":3},{"damage":35,"enemies":"The Guardian","floor":16,"turns":12},{"damage":23,"enemies":"2 Thieves","floor":18,"turns":3},{"damage":23,"enemies":"Shell Parasite","floor":19,"turns":5},{"damage":20,"enemies":"3 Cultists","floor":22,"turns":5},{"damage":37,"enemies":"Slavers","floor":23,"turns":2}],"seed_played":"-4270470908088015073","potions_obtained":[{"floor":1,"key":"Dexterity Potion"},{"floor":8,"key":"Weak Potion"},{"floor":11,"key":"Strength Potion"},{"floor":22,"key":"Weak Potion"}],"is_trial":false,"path_per_floor":["M","M","?","M","M","R","M","E","T","R","M","M","M","?","R","B",null,"M","M","?","$","M"],"character_chosen":"IRONCLAD","items_purchased":["Matryoshka","Combust","Trip"],"campfire_rested":1,"item_purchase_floors":[21,21,21],"current_hp_per_floor":[80,80,55,55,45,45,42,14,14,14,15,17,23,12,36,7,80,63,46,46,46,32,0],"gold":16,"neow_bonus":"THREE_CARDS","is_prod":false,"is_daily":false,"chose_seed":false,"campfire_upgraded":2,"win_rate":0,"timestamp":1530509474,"path_taken":["M","M","?","M","M","R","M","E","T","R","?","M","M","?","R","BOSS","M","M","?","$","M","E"],"build_version":"2018-06-28","purchased_purges":0,"victory":false,"max_hp_per_floor":[80,80,80,80,80,80,80,80,80,80,80,80,80,80,80,80,80,80,80,80,80,80,80],"card_choices":[{"not_picked":["True Grit","Perfected Strike"],"picked":"Blood for Blood","floor":0},{"not_picked":["Rampage","Pommel Strike"],"picked":"Inflame","floor":1},{"not_picked":["Perfected Strike","Body Slam"],"picked":"Cleave","floor":2},{"not_picked":["Perfected Strike","Cleave"],"picked":"Anger","floor":4},{"not_picked":["True Grit","Warcry"],"picked":"Shockwave","floor":5},{"not_picked":["Carnage","Metallicize"],"picked":"Rupture","floor":7},{"not_picked":["Juggernaut","Pommel Strike"],"picked":"Berserk","floor":8},{"not_picked":["Feel No Pain","Cleave","Power Through"],"picked":"Flame Barrier","floor":11},{"not_picked":["Rupture","True Grit","Body Slam"],"picked":"Clothesline","floor":12},{"not_picked":["Second Wind","Heavy Blade","Cleave"],"picked":"Flex","floor":13},{"not_picked":["Fiend Fire","Impervious","Limit Break"],"picked":"Double Tap","floor":16},{"not_picked":["Body Slam","Wild Strike","Clash"],"picked":"Flex","floor":18},{"not_picked":["Dropkick","Clash+1","Anger"],"picked":"Heavy Blade","floor":19},{"not_picked":["Carnage","Sword Boomerang","Anger"],"picked":"Heavy Blade","floor":22}],"player_experience":106724,"relics_obtained":[{"floor":8,"key":"Bottled Lightning"},{"floor":9,"key":"Question Card"}],"event_choices":[{"event_name":"Scrap Ooze","player_choice":"success","floor":3,"damage_taken":25},{"event_name":"World of Goop","player_choice":"Gather Gold","floor":14,"damage_taken":0},{"event_name":"Bonfire Elementals","player_choice":"BASIC","floor":20,"damage_taken":0}],"boss_relics":[{"not_picked":["Eternal Feather","White Beast Statue"],"picked":"Astrolabe"}],"items_purged_floors":[],"is_endless":false,"potions_floor_spawned":[1,8,11,12,22],"killed_by":"Slavers","ascension_level":0}