{"gold_per_floor":[214,224,399,78,78,78,44,58,112,122,197,223,242,254,254,358,358,376,376,376,389,403,403,403,403,429,444,69,69,84,5,5,106,106,116,516,516,516,527,527,527,527,527,539,572,585,605,2,2,2],"floor_reached":51,"playtime":2694,"items_purged":["Doubt","Defend_B+1","Strike_B+1"],"score":777,"play_id":"5ace3c52-e0fa-4c33-a2ce-da15d1584c87","local_time":"20190306144850","is_ascension_mode":false,"campfire_choices":[{"data":"Apotheosis","floor":6,"key":"SMITH"},{"floor":15,"key":"REST"},{"floor":23,"key":"REST"},{"floor":32,"key":"REST"},{"data":"White Noise","floor":40,"key":"SMITH"},{"floor":42,"key":"REST"},{"floor":49,"key":"REST"}],"neow_cost":"NONE","seed_source_timestamp":86439875018666,"circlet_count":0,"master_deck":["Strike_B+1","Strike_B+1","Defend_B+1","Defend_B+1","Defend_B+1","Zap","Dualcast","Glacier","Glacier","Apotheosis+1","Leap","White Noise","Doom and Gloom","Barrage","Doom and Gloom","Chaos","Redo","Biased Cognition","Coolheaded","Glacier","Coolheaded","Ball Lightning+1","Capacitor","Lockon","Thunder Strike","Heatsinks","Storm","Biased Cognition","Storm+1","White Noise+1","Fusion+1","Glacier","Coolheaded+1","Blizzard+1","Amplify","Biased Cognition","Fusion","Consume"],"relics":["Cracked Core","Anchor","Nunchaku","Lizard Tail","Lantern","Matryoshka","Philosopher\u0027s Stone","Old Coin","Mummified Hand","Ginger","Dead Branch","ClockworkSouvenir"],"potions_floor_usage":[50,50,50],"damage_taken":[{"damage":0,"enemies":"Small Slimes","floor":1,"turns":3},{"damage":5,"enemies":"Jaw Worm","floor":2,"turns":4},{"damage":0,"enemies":"2 Louse","floor":8,"turns":4},{"damage":0,"enemies":"Lots of Slimes","floor":10,"turns":1},{"damage":20,"enemies":"Gremlin Nob","floor":12,"turns":5},{"damage":8,"enemies":"2 Fungi Beasts","floor":13,"turns":4},{"damage":1,"enemies":"Exordium Thugs","floor":14,"turns":7},{"damage":12,"enemies":"Slime Boss","floor":16,"turns":6},{"damage":8,"enemies":"2 Thieves","floor":18,"turns":4},{"damage":12,"enemies":"Shell Parasite","floor":21,"turns":4},{"damage":10,"enemies":"Centurion and Healer","floor":22,"turns":9},{"damage":2,"enemies":"3 Cultists","floor":27,"turns":5},{"damage":11,"enemies":"Snake Plant","floor":30,"turns":5},{"damage":26,"enemies":"Automaton","floor":33,"turns":8},{"damage":0,"enemies":"Orb Walker","floor":35,"turns":3},{"damage":9,"enemies":"Mind Bloom Boss Battle","floor":36,"turns":5},{"damage":17,"enemies":"3 Darklings","floor":39,"turns":3},{"damage":11,"enemies":"Spire Growth","floor":44,"turns":4},{"damage":1,"enemies":"Giant Head","floor":45,"turns":8},{"damage":14,"enemies":"Sphere and 2 Shapes","floor":46,"turns":4},{"damage":0,"enemies":"Transient","floor":47,"turns":5},{"damage":51,"enemies":"Awakened One","floor":50,"turns":7}],"seed_played":"-1229945199792879507","potions_obtained":[{"floor":2,"key":"Weak Potion"},{"floor":8,"key":"Poison Potion"},{"floor":12,"key":"Explosive Potion"},{"floor":14,"key":"Block Potion"}],"is_trial":false,"path_per_floor":["?","?","M","?","M","?","?","M","?","?","M","T","M","?","?","?","?","M"],"character_chosen":"DEFECT","items_purchased":["Apotheosis","Leap","White Noise","Capacitor","Lockon","Thunder Strike","Storm","Biased Cognition","Fusion","Consume","ClockworkSouvenir"],"campfire_rested":5,"item_purchase_floors":[4,4,7,28,28,28,31,48,48,48,48],"current_hp_per_floor":[75,70,70,70,70,70,70,70,70,70,63,43,35,34,56,44,75,67,67,67,55,45,67,67,67,67,65,65,65,54,54,75,49,75,75,66,66,66,49,49,49,71,71,60,59,45,45,45,67,16],"gold":2,"neow_bonus":"HUNDRED_GOLD","is_prod":false,"is_daily":false,"chose_seed":false,"campfire_upgraded":2,"win_rate":0.0,"timestamp":1551880130,"path_taken":["M","M","?","$","?","R","$","?","T","M","?","E","?","M","R","BOSS","M","?","?","M","?","R","?","?","T","?","$","?","?","$","R","BOSS","M","?","?","?","M","R","?","R","T","?","E","M","M","$","R","BOSS"],"build_version":"2019-01-23","purchased_purges":3,"victory":true,"max_hp_per_floor":[75,75,75,75,75,75,75,75,75,75,75,75,75,75,75,75,75,75,75,75,75,75,75,75,75,75,75,75,75,75,75,75,75,75,75,75,75,75,75,75,75,75,75,75,75,75,75,75,75,75],"card_choices":[{"not_picked":["Hologram","Scrape"],"picked":"Glacier","floor":1},{"not_picked":["Hologram","Rip and Tear"],"picked":"Glacier","floor":2},{"not_picked":["Skim","Sweeping Beam"],"picked":"Doom and Gloom","floor":8},{"not_picked":["Leap","Gash"],"picked":"Barrage","floor":10},{"not_picked":["Hologram","Turbo"],"picked":"Doom and Gloom","floor":12},{"not_picked":["Sweeping Beam","Steam"],"picked":"Chaos","floor":13},{"not_picked":["Go for the Eyes","Hologram"],"picked":"Redo","floor":14},{"not_picked":["Echo Form","All For One"],"picked":"Biased Cognition","floor":16},{"not_picked":["Sweeping Beam","Steam"],"picked":"Coolheaded","floor":18},{"not_picked":["Streamline","Double Energy"],"picked":"Glacier","floor":21},{"not_picked":["Leap","Stack"],"picked":"Coolheaded","floor":22},{"not_picked":["Steam Power","Steam+1"],"picked":"Ball Lightning+1","floor":27},{"not_picked":["Buffer","Stack"],"picked":"Heatsinks","floor":30},{"not_picked":["Buffer","All For One"],"picked":"Biased Cognition","floor":33},{"not_picked":["Streamline","Coolheaded+1"],"picked":"Storm+1","floor":35},{"not_picked":["Chill","Redo"],"picked":"White Noise","floor":36},{"not_picked":["Streamline+1","Loop+1"],"picked":"Fusion+1","floor":39},{"not_picked":["Go for the Eyes+1","Beam Cell+1"],"picked":"Glacier","floor":44},{"not_picked":["Sweeping Beam","Hello World"],"picked":"Coolheaded+1","floor":45},{"not_picked":["Gash+1","Steam"],"picked":"Blizzard+1","floor":46},{"not_picked":["Sweeping Beam","Fusion"],"picked":"Amplify","floor":47}],"player_experience":152125,"relics_obtained":[{"floor":9,"key":"Anchor"},{"floor":12,"key":"Nunchaku"},{"floor":26,"key":"Lantern"},{"floor":29,"key":"Matryoshka"},{"floor":36,"key":"Old Coin"},{"floor":43,"key":"Mummified Hand"},{"floor":43,"key":"Ginger"},{"floor":45,"key":"Dead Branch"}],"event_choices":[{"damage_healed":0,"gold_gain":175,"player_choice":"AGREE","damage_taken":0,"max_hp_gain":0,"max_hp_loss":0,"event_name":"Liars Game","floor":3,"gold_loss":0,"cards_obtained":["Doubt"]},{"damage_healed":0,"gold_gain":0,"player_choice":"Leave","damage_taken":0,"max_hp_gain":0,"max_hp_loss":0,"event_name":"The Cleric","floor":5,"gold_loss":0},{"damage_healed":0,"gold_gain":75,"player_choice":"Touch","damage_taken":7,"max_hp_gain":0,"max_hp_loss":0,"event_name":"FaceTrader","floor":11,"gold_loss":0},{"damage_healed":0,"gold_gain":0,"player_choice":"Ignored","damage_taken":0,"max_hp_gain":0,"max_hp_loss":0,"event_name":"Vampires","floor":19,"gold_loss":0},{"damage_healed":0,"gold_gain":0,"player_choice":"Got Potions","damage_taken":0,"max_hp_gain":0,"max_hp_loss":0,"event_name":"Lab","floor":20,"gold_loss":0},{"damage_healed":0,"gold_gain":0,"player_choice":"Simplicity","damage_taken":0,"max_hp_gain":0,"max_hp_loss":0,"event_name":"Back to Basics","floor":24,"gold_loss":0,"cards_upgraded":["Strike_B","Strike_B","Strike_B","Strike_B","Defend_B","Defend_B","Defend_B","Defend_B"]},{"damage_healed":0,"gold_gain":0,"player_choice":"Bought 0 Potions","damage_taken":0,"max_hp_gain":0,"max_hp_loss":0,"event_name":"The Woman in Blue","floor":25,"gold_loss":0},{"damage_healed":0,"gold_gain":0,"player_choice":"Fight","damage_taken":0,"max_hp_gain":0,"max_hp_loss":0,"event_name":"MindBloom","floor":36,"gold_loss":0},{"damage_healed":0,"gold_gain":0,"player_choice":"Ignored","damage_taken":0,"max_hp_gain":0,"max_hp_loss":0,"event_name":"Tomb of Lord Red Mask","floor":37,"gold_loss":0},{"cards_removed":["Strike_B"],"damage_healed":0,"gold_gain":0,"player_choice":"Removed Attack","damage_taken":0,"max_hp_gain":0,"max_hp_loss":0,"event_name":"Falling","floor":38,"gold_loss":0},{"damage_healed":0,"gold_gain":0,"player_choice":"Memory 1","damage_taken":0,"max_hp_gain":0,"max_hp_loss":0,"event_name":"SensoryStone","floor":41,"gold_loss":0}],"is_beta":false,"boss_relics":[{"not_picked":["White Beast Statue","Ectoplasm"],"picked":"Lizard Tail"},{"not_picked":["Tiny House","Pandora\u0027s Box"],"picked":"Philosopher\u0027s Stone"}],"items_purged_floors":[4,28,48],"is_endless":false,"potions_floor_spawned":[2,8,12,14,16,18,27,30,36,39],"ascension_level":0}