{"gold_per_floor":[118,128,139,139,151,151,151,184,207,217,243,48,74,74,74,74],"floor_reached":16,"playtime":1410,"items_purged":[],"score":160,"play_id":"4dbec16e-0f52-4b5d-bbc4-ec011d1d4277","local_time":"20190228002944","is_ascension_mode":true,"campfire_choices":[{"data":"Bouncing Flask","floor":6,"key":"SMITH"},{"floor":15,"key":"REST"}],"neow_cost":"NONE","seed_source_timestamp":447273210704060,"circlet_count":0,"master_deck":["Defend_G","Defend_G","Defend_G","Defend_G","Defend_G","Strike_G","Strike_G","Strike_G+1","Strike_G","Survivor+1","Neutralize","Bouncing Flask+1","PiercingWail","Cloak And Dagger","Master of Strategy","PiercingWail"],"relics":["Ring of the Snake","Lantern","Pen Nib","Centennial Puzzle","Meat on the Bone"],"potions_floor_usage":[13,13,16,16],"damage_taken":[{"damage":0,"enemies":"Cultist","floor":1,"turns":5},{"damage":0,"enemies":"Small Slimes","floor":2,"turns":3},{"damage":2,"enemies":"2 Louse","floor":3,"turns":4},{"damage":1,"enemies":"Red Slaver","floor":5,"turns":4},{"damage":4,"enemies":"Lagavulin","floor":8,"turns":7},{"damage":3,"enemies":"Looter","floor":10,"turns":3},{"damage":0,"enemies":"Gremlin Nob","floor":11,"turns":3},{"damage":15,"enemies":"3 Sentries","floor":13,"turns":7},{"damage":56,"enemies":"Slime Boss","floor":16,"turns":7}],"seed_played":"5828650924716794714","potions_obtained":[{"floor":1,"key":"SpeedPotion"},{"floor":3,"key":"SkillPotion"},{"floor":8,"key":"AttackPotion"},{"floor":14,"key":"Swift Potion"},{"floor":14,"key":"LiquidBronze"}],"is_trial":false,"path_per_floor":["M","M","M","?","M","R","?","E","T","M","E","$","E","?","R","B"],"character_chosen":"THE_SILENT","items_purchased":["Master of Strategy"],"campfire_rested":1,"item_purchase_floors":[12],"current_hp_per_floor":[77,77,75,60,59,59,52,48,48,45,45,45,30,30,53,0],"gold":74,"neow_bonus":"TEN_PERCENT_HP_BONUS","is_prod":false,"is_daily":false,"chose_seed":false,"campfire_upgraded":1,"win_rate":0,"timestamp":1551342584,"path_taken":["M","M","M","?","M","R","?","E","T","M","E","$","E","?","R","BOSS"],"build_version":"2019-01-23","purchased_purges":0,"victory":false,"max_hp_per_floor":[77,77,77,77,77,77,77,77,77,77,77,77,77,77,77,77],"card_choices":[{"not_picked":["Skewer","Poisoned Stab"],"picked":"Bouncing Flask","floor":1},{"not_picked":["Quick Slash","Caltrops","Slice"],"picked":"SKIP","floor":2},{"not_picked":["Tactician","Cloak And Dagger"],"picked":"PiercingWail","floor":3},{"not_picked":["Quick Slash","Terror","All Out Attack"],"picked":"SKIP","floor":5},{"not_picked":["Choke","Acrobatics"],"picked":"Cloak And Dagger","floor":8},{"not_picked":["Deflect","Eviscerate","Doppelganger"],"picked":"SKIP","floor":10},{"not_picked":["Reflex","Blade Dance","Predator"],"picked":"SKIP","floor":11},{"not_picked":["Dagger Throw","Wraith Form v2"],"picked":"PiercingWail","floor":13}],"player_experience":69542,"relics_obtained":[{"floor":8,"key":"Lantern"},{"floor":9,"key":"Pen Nib"},{"floor":11,"key":"Centennial Puzzle"},{"floor":13,"key":"Meat on the Bone"}],"event_choices":[{"damage_healed":0,"gold_gain":0,"player_choice":"Entered Light","damage_taken":15,"max_hp_gain":0,"max_hp_loss":0,"event_name":"Shining Light","floor":4,"gold_loss":0,"cards_upgraded":["Survivor","Strike_G"]},{"cards_removed":["Strike_G"],"damage_healed":0,"gold_gain":0,"player_choice":"Card Removal","damage_taken":7,"max_hp_gain":0,"max_hp_loss":0,"event_name":"Golden Wing","floor":7,"gold_loss":0},{"damage_healed":0,"gold_gain":0,"player_choice":"Got Potions","damage_taken":0,"max_hp_gain":0,"max_hp_loss":0,"event_name":"Lab","floor":14,"gold_loss":0}],"is_beta":false,"boss_relics":[],"items_purged_floors":[],"is_endless":false,"potions_floor_spawned":[1,3,8],"killed_by":"Slime Boss","ascension_level":2}