{"gold_per_floor":[112,124,124,145,159,159,193,207,230,253,253,268,281,305,305,435,435,456,481,481,502,8,8,27,127,181,38,77,77,120,219,219,219],"floor_reached":33,"playtime":1284,"items_purged":[],"score":320,"play_id":"cef949eb-ebc8-4995-85e4-e14fbaef9d75","local_time":"20180716002801","is_ascension_mode":true,"campfire_choices":[{"data":"Sunder","floor":6,"key":"SMITH"},{"floor":11,"key":"REST"},{"floor":15,"key":"REST"},{"data":"Defragment","floor":23,"key":"SMITH"},{"data":"Zap","floor":29,"key":"SMITH"},{"data":"Double Energy","floor":32,"key":"SMITH"}],"neow_cost":"","seed_source_timestamp":85935118511916,"circlet_count":0,"master_deck":["Strike_B","Strike_B","Strike_B","Strike_B","Defend_B","Defend_B","Defend_B","Defend_B","Zap+1","Dualcast","Sunder+1","FTL","Defragment+1","Tempest","Chill","Chaos","Electrodynamics","Sunder","Leap","Reboot","Go for the Eyes","Turbo","Thunder Strike","Scrape+1","Heatsinks","Beam Cell","Double Energy+1","Self Repair"],"relics":["Cracked Core","Golden Idol","Bird Faced Urn","Dream Catcher","Sozu","Bottled Tornado","Toolbox","Ancient Tea Set","Lantern","Omamori","Bag of Marbles"],"potions_floor_usage":[16,33,33,33],"damage_taken":[{"damage":0,"enemies":"2 Louse","floor":1,"turns":2},{"damage":6,"enemies":"Cultist","floor":2,"turns":3},{"damage":4,"enemies":"Jaw Worm","floor":4,"turns":3},{"damage":12,"enemies":"Looter","floor":5,"turns":3},{"damage":9,"enemies":"3 Sentries","floor":7,"turns":4},{"damage":17,"enemies":"Lots of Slimes","floor":8,"turns":4},{"damage":7,"enemies":"2 Fungi Beasts","floor":10,"turns":3},{"damage":21,"enemies":"Blue Slaver","floor":12,"turns":3},{"damage":0,"enemies":"Exordium Wildlife","floor":13,"turns":2},{"damage":2,"enemies":"2 Fungi Beasts","floor":14,"turns":2},{"damage":37,"enemies":"The Guardian","floor":16,"turns":10},{"damage":0,"enemies":"Chosen","floor":18,"turns":4},{"damage":11,"enemies":"Shell Parasite","floor":19,"turns":3},{"damage":12,"enemies":"Chosen and Byrds","floor":21,"turns":6},{"damage":10,"enemies":"Sentry and Sphere","floor":24,"turns":5},{"damage":20,"enemies":"Book of Stabbing","floor":28,"turns":4},{"damage":18,"enemies":"Gremlin Leader","floor":30,"turns":5},{"damage":56,"enemies":"Champ","floor":33,"turns":7}],"seed_played":"3789082019056040669","potions_obtained":[{"floor":2,"key":"Dexterity Potion"},{"floor":4,"key":"SneckoOil"},{"floor":5,"key":"SpeedPotion"},{"floor":14,"key":"Regen Potion"},{"floor":16,"key":"SteroidPotion"}],"is_trial":false,"path_per_floor":["M","M","?","M","M","R","E","M","T","M","R","M","M","M","R","B",null,"M","M","?","M","$","R","M","?","T","$","E","R","E","?","R"],"character_chosen":"DEFECT","items_purchased":["Bottled Tornado","Toolbox","Beam Cell","Lantern"],"campfire_rested":2,"item_purchase_floors":[22,22,22,27],"current_hp_per_floor":[75,69,51,47,35,35,26,11,11,6,28,11,13,11,33,12,75,75,66,66,56,56,56,52,52,52,52,38,38,35,35,35,0],"gold":219,"neow_bonus":"","is_prod":false,"is_daily":false,"chose_seed":false,"campfire_upgraded":4,"win_rate":0,"timestamp":1531722481,"path_taken":["M","M","?","M","?","R","E","M","T","M","R","M","M","M","R","BOSS","M","M","?","M","$","R","M","?","T","?","E","R","E","?","R","BOSS"],"build_version":"2018-07-12","purchased_purges":0,"victory":false,"max_hp_per_floor":[75,75,75,75,75,75,75,75,75,75,75,75,75,75,75,75,75,75,75,75,75,75,75,75,75,75,75,75,75,75,75,75,75],"card_choices":[{"not_picked":["Sweeping Beam","Auto Shields"],"picked":"Sunder","floor":1},{"not_picked":["Rebound","BootSequence"],"picked":"FTL","floor":2},{"not_picked":["Leap","Auto Shields"],"picked":"Defragment","floor":4},{"not_picked":["Conserve Battery","Barrage"],"picked":"Tempest","floor":5},{"not_picked":["Sweeping Beam","Compile Driver"],"picked":"Chill","floor":7},{"not_picked":["Hologram","Aggregate"],"picked":"Chaos","floor":8},{"not_picked":["Leap","Go for the Eyes"],"picked":"Electrodynamics","floor":10},{"not_picked":["Leap","Genetic Algorithm"],"picked":"Sunder","floor":11},{"not_picked":["Consume","Reinforced Body"],"picked":"Leap","floor":12},{"not_picked":["Stack","Conserve Battery"],"picked":"Reboot","floor":13},{"not_picked":["Storm","Heatsinks"],"picked":"Go for the Eyes","floor":14},{"not_picked":["Skim","Lockon"],"picked":"Turbo","floor":15},{"not_picked":["Fission","Core Surge"],"picked":"Thunder Strike","floor":16},{"not_picked":["Scrape+1","Cold Snap","Heatsinks"],"picked":"SKIP","floor":18},{"not_picked":["Cold Snap","Heatsinks"],"picked":"Scrape+1","floor":18},{"not_picked":["Reprogram+1","Hologram","Rebound"],"picked":"SKIP","floor":19},{"not_picked":["BootSequence","Leap"],"picked":"Heatsinks","floor":21},{"not_picked":["Go for the Eyes","Chill"],"picked":"Double Energy","floor":24},{"not_picked":["Sweeping Beam","Reboot"],"picked":"Self Repair","floor":28},{"not_picked":["Redo","Stack","Turbo+1"],"picked":"SKIP","floor":30}],"player_experience":207915,"relics_obtained":[{"floor":7,"key":"Bird Faced Urn"},{"floor":9,"key":"Dream Catcher"},{"floor":26,"key":"Ancient Tea Set"},{"floor":28,"key":"Omamori"},{"floor":30,"key":"Bag of Marbles"}],"event_choices":[{"event_name":"Golden Idol","player_choice":"Take Damage","floor":3,"damage_taken":0},{"event_name":"Ghosts","player_choice":"Ignored","floor":20,"damage_taken":0},{"event_name":"Golden Shrine","player_choice":"Pray","floor":25,"damage_taken":0},{"event_name":"Nest","player_choice":"Stole From Cult","floor":31,"damage_taken":0}],"boss_relics":[{"not_picked":["Philosopher\u0027s Stone","Velvet Choker"],"picked":"Sozu"}],"items_purged_floors":[],"is_endless":false,"potions_floor_spawned":[2,4,5,10,14,16,19,21,28,30],"killed_by":"Champ","ascension_level":2}