{"gold_per_floor":[109,121,131,131,206,240,240,256,256,256,275,293,293,293,293,394,424,435,435,38,62,82,117,117],"floor_reached":24,"playtime":1031,"items_purged":["Doubt"],"score":324,"play_id":"1c36d557-ebc1-4d69-8413-43f826c1cef6","local_time":"20181107124945","is_ascension_mode":true,"campfire_choices":[{"data":"Zap","floor":7.0,"key":"SMITH"},{"data":"Self Repair","floor":13.0,"key":"SMITH"},{"data":"Glacier","floor":15.0,"key":"SMITH"}],"neow_cost":"NONE","seed_source_timestamp":2989904012720362,"circlet_count":0,"master_deck":["AscendersBane","Strike_B","Strike_B","Strike_B","Strike_B","Defend_B","Defend_B","Defend_B","Defend_B","Zap+1","Dualcast","Self Repair+1","Conserve Battery","Rebound","Electrodynamics","Chill","Go for the Eyes","Glacier+1","Consume","Zap","Echo Form","Writhe","Writhe","Rebound","Storm","Coolheaded"],"special_seed":0,"relics":["Coffee Dripper","Shuriken","Bottled Tornado","Calling Bell","Tiny Chest","The Courier","Nunchaku","Pantograph","Vajra","PrismaticShard","Dream Catcher","Dodecahedron"],"potions_floor_usage":[22,22],"damage_taken":[{"damage":4.0,"enemies":"2 Louse","floor":1.0,"turns":3.0},{"damage":6.0,"enemies":"Small Slimes","floor":2.0,"turns":4.0},{"damage":0.0,"enemies":"Cultist","floor":3.0,"turns":4.0},{"damage":50.0,"enemies":"3 Sentries","floor":6.0,"turns":10.0},{"damage":13.0,"enemies":"Exordium Wildlife","floor":8.0,"turns":4.0},{"damage":4.0,"enemies":"Exordium Thugs","floor":11.0,"turns":5.0},{"damage":0.0,"enemies":"Gremlin Gang","floor":12.0,"turns":5.0},{"damage":10.0,"enemies":"Slime Boss","floor":16.0,"turns":10.0},{"damage":25,"enemies":"Spheric Guardian","floor":18,"turns":7},{"damage":3,"enemies":"3 Byrds","floor":22,"turns":3},{"damage":42,"enemies":"Slavers","floor":23,"turns":8},{"damage":23,"enemies":"Cultist and Chosen","floor":24,"turns":4}],"seed_played":"1322119374895473709","potions_obtained":[{"floor":2.0,"key":"EssenceOfSteel"},{"floor":11.0,"key":"Strength Potion"},{"floor":12.0,"key":"AttackPotion"},{"floor":16.0,"key":"EssenceOfSteel"},{"floor":18,"key":"AttackPotion"}],"is_trial":false,"path_per_floor":["M","M","M","?","?","E","R","M","T","?","M","M","M","R","?","R","B",null,"M","T","$","T","M","E","M"],"character_chosen":"DEFECT","items_purchased":["Vajra","PrismaticShard","Storm"],"campfire_rested":0,"item_purchase_floors":[20,20,20],"current_hp_per_floor":[64,65,72,72,61,18,18,12,12,12,15,22,22,22,22,22,62,47,47,47,47,54,22,0],"gold":117,"neow_bonus":"BOSS_RELIC","is_prod":false,"is_daily":false,"chose_seed":false,"campfire_upgraded":3,"win_rate":0,"timestamp":1541620185,"path_taken":["M","M","M","?","?","E","R","M","T","?","M","M","R","?","R","BOSS","M","?","$","?","M","E","?"],"build_version":"2018-11-01","purchased_purges":1,"victory":false,"max_hp_per_floor":[75,75,75,75,75,75,75,75,75,75,75,75,75,75,75,75,75,75,75,75,75,75,75,75],"card_choices":[{"not_picked":["Turbo","Streamline"],"picked":"Self Repair","floor":1.0},{"not_picked":["Steam","Turbo"],"picked":"Conserve Battery","floor":2.0},{"not_picked":["Hologram","Go for the Eyes"],"picked":"Rebound","floor":3.0},{"not_picked":["Darkness","Fission"],"picked":"Electrodynamics","floor":6.0},{"not_picked":["Go for the Eyes","Barrage"],"picked":"Chill","floor":8.0},{"not_picked":["Undo","Barrage"],"picked":"Go for the Eyes","floor":11.0},{"not_picked":["Lockon","Skim"],"picked":"Glacier","floor":12.0},{"not_picked":["Machine Learning","Biased Cognition"],"picked":"Echo Form","floor":16.0},{"not_picked":["Go for the Eyes","Double Energy"],"picked":"Rebound","floor":18},{"not_picked":["Bane+1","Distraction+1"],"picked":"Coolheaded","floor":22},{"not_picked":["Dagger Throw+1","Skewer","Skewer"],"picked":"SKIP","floor":23}],"player_experience":556158,"relics_obtained":[{"floor":6.0,"key":"Shuriken"},{"floor":9.0,"key":"Bottled Tornado"},{"floor":17,"key":"Tiny Chest"},{"floor":17,"key":"The Courier"},{"floor":17,"key":"Nunchaku"},{"floor":19,"key":"Pantograph"},{"floor":21,"key":"Dream Catcher"},{"floor":23,"key":"Dodecahedron"}],"event_choices":[{"damage_healed":0.0,"max_hp_gain":0.0,"max_hp_loss":0.0,"gold_gain":0.0,"event_name":"Liars Game","player_choice":"Ignored","floor":4.0,"gold_loss":0.0,"damage_taken":0.0},{"damage_healed":0.0,"max_hp_gain":0.0,"max_hp_loss":0.0,"gold_gain":75.0,"event_name":"World of Goop","player_choice":"Gather Gold","floor":5.0,"gold_loss":0.0,"damage_taken":11.0},{"damage_healed":0.0,"max_hp_gain":0.0,"max_hp_loss":0.0,"gold_gain":0.0,"event_name":"Dead Adventurer","player_choice":"Searched \u00270\u0027 times","floor":10.0,"gold_loss":0.0,"damage_taken":0.0},{"damage_healed":0.0,"max_hp_gain":0.0,"max_hp_loss":0.0,"gold_gain":0.0,"event_name":"Match and Keep!","player_choice":"2 cards matched","floor":14.0,"gold_loss":0.0,"damage_taken":0.0,"cards_obtained":["Consume","Zap"]}],"is_beta":false,"boss_relics":[{"not_picked":["Lizard Tail","Velvet Choker"],"picked":"Calling Bell"}],"items_purged_floors":[20],"is_endless":false,"potions_floor_spawned":[2,11,12,16,18],"killed_by":"Cultist and Chosen","ascension_level":10}