{"gold_per_floor":[19,29,49,124,144,144,177,177,177,206,218,230,109,109,109,211,211,231,250,250,279,350,350,365,365,389,53,66,66,79,92,92,191,191,203,128,140,154,174,203,203,232,258,258,278,278,297,323,323,323],"floor_reached":51,"playtime":3015,"items_purged":["Defend_G"],"score":1011,"play_id":"c44ef1df-f18c-44c2-afdd-9fa146ee4eb8","local_time":"20181107163224","is_ascension_mode":true,"campfire_choices":[{"floor":6.0,"key":"REST"},{"floor":8.0,"key":"REST"},{"floor":12.0,"key":"REST"},{"data":"Leg Sweep","floor":15.0,"key":"SMITH"},{"data":"Crippling Poison","floor":23.0,"key":"SMITH"},{"data":"Dash","floor":25.0,"key":"SMITH"},{"data":"Finisher","floor":29.0,"key":"SMITH"},{"floor":32.0,"key":"REST"},{"data":"Predator","floor":41,"key":"SMITH"},{"data":"Leg Sweep","floor":44,"key":"SMITH"},{"data":"Predator","floor":49,"key":"SMITH"}],"neow_cost":"NO_GOLD","seed_source_timestamp":3001232703029265,"circlet_count":0,"master_deck":["Defend_G","Defend_G","Defend_G","Strike_G","Strike_G","Survivor","Neutralize","A Thousand Cuts+1","Crippling Poison+1","Backflip","Deflect","Flying Knee","Blade Dance","Bullet Time","Leg Sweep+1","Dagger Spray","Die Die Die","Dagger Throw","Cloak And Dagger+1","Dash+1","Bullet Time","Apotheosis","Finisher+1","Terror","Acrobatics","After Image+1","Outmaneuver+1","Finisher+1","Glass Knife+1","Predator+1","Predator+1","Leg Sweep+1","Cloak And Dagger+1","Acrobatics+1","Footwork+1","Underhanded Strike","Backflip+1","Backflip+1"],"special_seed":0,"relics":["Ring of the Snake","Pen Nib","MawBank","Snecko Eye","Red Mask","Frozen Egg 2","Bag of Marbles","Astrolabe","Bottled Lightning","Sundial","Juzu Bracelet","Ornamental Fan"],"potions_floor_usage":[40,50,50],"damage_taken":[{"damage":0.0,"enemies":"Small Slimes","floor":1.0,"turns":3.0},{"damage":0.0,"enemies":"2 Louse","floor":2.0,"turns":4.0},{"damage":1.0,"enemies":"Jaw Worm","floor":3.0,"turns":5.0},{"damage":40.0,"enemies":"Gremlin Gang","floor":5.0,"turns":9.0},{"damage":24.0,"enemies":"3 Sentries","floor":7.0,"turns":8.0},{"damage":22.0,"enemies":"Lots of Slimes","floor":10.0,"turns":2.0},{"damage":23.0,"enemies":"Slime Boss","floor":16.0,"turns":10.0},{"damage":0.0,"enemies":"Spheric Guardian","floor":18.0,"turns":3.0},{"damage":0.0,"enemies":"Shell Parasite","floor":19.0,"turns":3.0},{"damage":9.0,"enemies":"Masked Bandits","floor":21.0,"turns":4.0},{"damage":0.0,"enemies":"Centurion and Healer","floor":24.0,"turns":5.0},{"damage":0.0,"enemies":"3 Cultists","floor":28.0,"turns":3.0},{"damage":13.0,"enemies":"Snake Plant","floor":30.0,"turns":4.0},{"damage":8.0,"enemies":"Cultist and Chosen","floor":31.0,"turns":3.0},{"damage":4.0,"enemies":"Champ","floor":33.0,"turns":6.0},{"damage":0.0,"enemies":"Orb Walker","floor":35.0,"turns":3.0},{"damage":0.0,"enemies":"3 Darklings","floor":37.0,"turns":4.0},{"damage":3,"enemies":"Sphere and 2 Shapes","floor":38,"turns":4},{"damage":0,"enemies":"Jaw Worm Horde","floor":39,"turns":2},{"damage":9,"enemies":"Reptomancer","floor":40,"turns":4},{"damage":0,"enemies":"Nemesis","floor":42,"turns":4},{"damage":14,"enemies":"Writhing Mass","floor":45,"turns":4},{"damage":0,"enemies":"Sphere and 2 Shapes","floor":47,"turns":3},{"damage":0,"enemies":"Reptomancer","floor":48,"turns":3},{"damage":15,"enemies":"Awakened One","floor":50,"turns":8}],"seed_played":"7459506920597908770","potions_obtained":[{"floor":1.0,"key":"Weak Potion"},{"floor":10.0,"key":"SkillPotion"},{"floor":16.0,"key":"FairyPotion"},{"floor":21.0,"key":"Swift Potion"},{"floor":33.0,"key":"Block Potion"},{"floor":38,"key":"SpeedPotion"},{"floor":39,"key":"Fruit Juice"},{"floor":40,"key":"Dexterity Potion"},{"floor":48,"key":"Strength Potion"}],"is_trial":false,"path_per_floor":["M","M","M","?","M","R","E","R","T","M","?","R","$","?","R","B",null,"M","M","?","?","T","R","M","R","T","$","M","R","M","M","R","B",null,"M","$","M","M","M","E","R","E","T","R","M","?","M","E","R","B",null],"character_chosen":"THE_SILENT","items_purchased":["Leg Sweep","Dagger Spray","Bullet Time","Apotheosis"],"campfire_rested":4,"item_purchase_floors":[13,13,27,27],"current_hp_per_floor":[63,63,62,51,11,32,8,29,29,7,7,28,28,28,28,5,54,54,54,54,45,45,45,45,45,45,45,45,45,32,24,45,41,63,63,63,63,60,60,56,56,56,56,56,42,42,42,42,42,27],"gold":323,"neow_bonus":"THREE_RARE_CARDS","is_prod":false,"is_daily":false,"chose_seed":false,"campfire_upgraded":7,"win_rate":0,"timestamp":1541633544,"path_taken":["M","M","M","?","M","R","E","R","T","M","?","R","$","?","R","BOSS","M","M","?","?","?","R","M","R","T","$","?","R","M","M","R","BOSS","M","$","?","M","?","E","R","E","T","R","M","?","M","E","R","BOSS"],"build_version":"2018-11-01","purchased_purges":1,"victory":true,"max_hp_per_floor":[70,70,70,70,70,70,70,70,70,70,70,70,70,70,70,70,70,70,70,70,70,70,70,70,70,70,70,70,70,70,70,70,70,70,70,70,70,70,70,75,75,75,75,75,75,75,75,75,75,75],"card_choices":[{"not_picked":["Phantasmal Killer","Envenom"],"picked":"A Thousand Cuts","floor":0.0},{"not_picked":["Prepared","Flying Knee"],"picked":"Crippling Poison","floor":1.0},{"not_picked":["Accuracy","Distraction"],"picked":"Backflip","floor":2.0},{"not_picked":["Catalyst","Eviscerate"],"picked":"Deflect","floor":3.0},{"not_picked":["Slice","Bane"],"picked":"Flying Knee","floor":5.0},{"not_picked":["Dagger Throw","Catalyst"],"picked":"Blade Dance","floor":7.0},{"not_picked":["PiercingWail","Quick Slash"],"picked":"Bullet Time","floor":10.0},{"not_picked":["Burst","Night Terror"],"picked":"Die Die Die","floor":16.0},{"not_picked":["PiercingWail","Endless Agony+1"],"picked":"Dagger Throw","floor":18.0},{"not_picked":["Bane","Dagger Throw","PiercingWail"],"picked":"SKIP","floor":19.0},{"not_picked":["Poisoned Stab","Slice"],"picked":"Cloak And Dagger+1","floor":21.0},{"not_picked":["Cloak And Dagger","Well Laid Plans+1"],"picked":"Dash","floor":24.0},{"not_picked":["Doppelganger","Acrobatics+1"],"picked":"Finisher","floor":28.0},{"not_picked":["Concentrate","Leg Sweep"],"picked":"Terror","floor":30.0},{"not_picked":["Concentrate","Bane"],"picked":"Acrobatics","floor":31.0},{"not_picked":["Bullet Time","Die Die Die"],"picked":"After Image+1","floor":33.0},{"not_picked":["Poisoned Stab+1","Riddle With Holes"],"picked":"Predator","floor":35.0},{"not_picked":["Backstab","Heel Hook+1"],"picked":"Predator","floor":37.0},{"not_picked":["Underhanded Strike","Riddle With Holes"],"picked":"Leg Sweep","floor":38},{"not_picked":["Dagger Throw+1","Dodge and Roll"],"picked":"Cloak And Dagger+1","floor":39},{"not_picked":["Dagger Spray","Finisher"],"picked":"Acrobatics+1","floor":40},{"not_picked":["Malaise","Concentrate+1"],"picked":"Footwork+1","floor":42},{"not_picked":["Poisoned Stab","Escape Plan"],"picked":"Underhanded Strike","floor":45},{"not_picked":["Bane+1","Dagger Throw+1"],"picked":"Backflip+1","floor":47},{"not_picked":["Blade Dance","Heel Hook"],"picked":"Backflip+1","floor":48}],"player_experience":559715,"relics_obtained":[{"floor":7.0,"key":"Pen Nib"},{"floor":9.0,"key":"MawBank"},{"floor":21.0,"key":"Red Mask"},{"floor":22.0,"key":"Frozen Egg 2"},{"floor":26.0,"key":"Bag of Marbles"},{"floor":40,"key":"Bottled Lightning"},{"floor":42,"key":"Sundial"},{"floor":43,"key":"Juzu Bracelet"},{"floor":48,"key":"Ornamental Fan"}],"event_choices":[{"damage_healed":0.0,"max_hp_gain":0.0,"max_hp_loss":0.0,"gold_gain":75.0,"event_name":"World of Goop","player_choice":"Gather Gold","floor":4.0,"gold_loss":0.0,"damage_taken":11.0},{"damage_healed":0.0,"max_hp_gain":0.0,"max_hp_loss":0.0,"gold_gain":0.0,"event_name":"Golden Wing","player_choice":"Ignored","floor":11.0,"gold_loss":0.0,"damage_taken":0.0},{"damage_healed":0.0,"max_hp_gain":0.0,"max_hp_loss":0.0,"gold_gain":0.0,"event_name":"Living Wall","player_choice":"Grow","floor":14.0,"gold_loss":0.0,"damage_taken":0.0,"cards_upgraded":["A Thousand Cuts"]},{"damage_healed":0.0,"max_hp_gain":0.0,"max_hp_loss":0.0,"gold_gain":0.0,"event_name":"Ghosts","player_choice":"Ignored","floor":20.0,"gold_loss":0.0,"damage_taken":0.0},{"damage_healed":0.0,"max_hp_gain":0.0,"max_hp_loss":0.0,"gold_gain":0.0,"event_name":"Masked Bandits","player_choice":"Fought Bandits","floor":21.0,"gold_loss":0.0,"damage_taken":0.0},{"cards_removed":["Defend_G"],"damage_healed":0,"gold_gain":0,"player_choice":"Removed Skill","damage_taken":0,"max_hp_gain":0,"max_hp_loss":0,"event_name":"Falling","floor":46,"gold_loss":0}],"is_beta":false,"boss_relics":[{"not_picked":["Calling Bell","Orrery"],"picked":"Snecko Eye"},{"not_picked":["Velvet Choker","Philosopher\u0027s Stone"],"picked":"Astrolabe"}],"items_purged_floors":[36],"is_endless":false,"potions_floor_spawned":[1,10,16,21,28,33,38,39,40,47,48],"ascension_level":6}