{"gold_per_floor":[112,124,141,141,74,108,108,140,140,140,140,165,177,187,187,261,261,244,264,277,308,233,259,259,286,310,310,321,333,19,30,30,104,104,119,129,129,144,94,94,124,136,136,150,177,208,220,251,263,275],"floor_reached":51,"playtime":3560,"items_purged":["Decay"],"score":1287,"play_id":"633bd546-2aaf-4819-9c01-7c179fb0e049","local_time":"20190311163840","is_ascension_mode":true,"campfire_choices":[{"floor":7.0,"key":"REST"},{"floor":11.0,"key":"REST"},{"data":"Bash","floor":15.0,"key":"SMITH"},{"data":"Inflame","floor":24,"key":"SMITH"},{"data":"Spot Weakness","floor":27,"key":"SMITH"},{"data":"Uppercut","floor":32,"key":"SMITH"},{"data":"Berserk","floor":40,"key":"SMITH"},{"data":"Metallicize","floor":47,"key":"SMITH"},{"data":"Finesse","floor":49,"key":"SMITH"}],"neow_cost":"NONE","seed_source_timestamp":1650507087707832,"circlet_count":0,"master_deck":["AscendersBane","Bash+1","Finesse+1","Spot Weakness+1","Disarm+1","Anger","Dropkick","Inflame+1","True Grit+1","Shockwave+1","Armaments+1","Limit Break+1","Sentinel+1","Shockwave+1","Dropkick","Thunderclap","Wild Strike","Wild Strike","Reaper","Uppercut+1","Warcry+1","Rage+1","True Grit+1","Double Tap+1","Battle Trance+1","Dropkick","Berserk+1","Spot Weakness+1","Warcry+1","Metallicize+1","Disarm+1","Burning Pact+1"],"special_seed":0,"relics":["Black Blood","Toxic Egg 2","Champion Belt","Ginger","Magic Flower","Pandora\u0027s Box","Red Mask","Thread and Needle","Smiling Mask","Blood Vial","ClockworkSouvenir","Torii","Bronze Scales","MawBank"],"potions_floor_usage":[33,44,44],"damage_taken":[{"damage":0.0,"enemies":"Cultist","floor":1.0,"turns":3.0},{"damage":12.0,"enemies":"Jaw Worm","floor":2.0,"turns":4.0},{"damage":0.0,"enemies":"Small Slimes","floor":3.0,"turns":4.0},{"damage":46.0,"enemies":"3 Sentries","floor":6.0,"turns":9.0},{"damage":34.0,"enemies":"Lagavulin","floor":8.0,"turns":6.0},{"damage":23.0,"enemies":"Gremlin Nob","floor":12.0,"turns":4.0},{"damage":3.0,"enemies":"Red Slaver","floor":13.0,"turns":5.0},{"damage":6.0,"enemies":"Large Slime","floor":14.0,"turns":7.0},{"damage":12.0,"enemies":"Hexaghost","floor":16.0,"turns":9.0},{"damage":31.0,"enemies":"2 Thieves","floor":18.0,"turns":4.0},{"damage":0.0,"enemies":"Chosen","floor":19.0,"turns":3.0},{"damage":18.0,"enemies":"3 Cultists","floor":20.0,"turns":6.0},{"damage":43.0,"enemies":"Masked Bandits","floor":21.0,"turns":5.0},{"damage":62,"enemies":"Gremlin Leader","floor":23,"turns":8},{"damage":31,"enemies":"Slavers","floor":25,"turns":9},{"damage":9,"enemies":"Snake Plant","floor":28,"turns":5},{"damage":15,"enemies":"Sentry and Sphere","floor":29,"turns":5},{"damage":4,"enemies":"Centurion and Healer","floor":31,"turns":5},{"damage":69,"enemies":"Automaton","floor":33,"turns":11},{"damage":31,"enemies":"3 Darklings","floor":35,"turns":7},{"damage":14,"enemies":"3 Shapes","floor":36,"turns":12},{"damage":28,"enemies":"Spire Growth","floor":38,"turns":5},{"damage":42,"enemies":"Giant Head","floor":41,"turns":7},{"damage":19,"enemies":"Writhing Mass","floor":42,"turns":5},{"damage":63,"enemies":"Sphere and 2 Shapes","floor":44,"turns":6},{"damage":35,"enemies":"Reptomancer","floor":45,"turns":6},{"damage":28,"enemies":"Maw","floor":46,"turns":8},{"damage":6,"enemies":"Transient","floor":48,"turns":5},{"damage":45,"enemies":"Donu and Deca","floor":50,"turns":8}],"seed_played":"870217868495184187","potions_obtained":[{"floor":2.0,"key":"Strength Potion"},{"floor":6.0,"key":"Block Potion"},{"floor":13.0,"key":"Ancient Potion"},{"floor":18.0,"key":"Weak Potion"},{"floor":23,"key":"Weak Potion"},{"floor":25,"key":"Poison Potion"},{"floor":28,"key":"Strength Potion"},{"floor":36,"key":"SneckoOil"},{"floor":42,"key":"Regen Potion"}],"is_trial":false,"path_per_floor":["M","M","M","?","$","E","R","E","T","?","R","E","M","M","R","B",null,"M","M","M","?","?","E","R","E","T","R","M","M","$","M","R","B",null,"M","M","?","M","$","R","E","M","T","M","E","M","R","M","R","B",null],"character_chosen":"IRONCLAD","items_purchased":["Dropkick","ClockworkSouvenir","Battle Trance+1","Dropkick"],"campfire_rested":2,"item_purchase_floors":[5,30,30,30],"current_hp_per_floor":[74,68,74,70,70,30,52,24,24,24,46,29,35,38,38,35,65,55,75,75,75,75,48,48,75,75,75,75,69,69,75,75,38,66,75,75,75,62,62,62,62,61,61,30,49,60,60,72,72,75],"gold":287,"neow_bonus":"RANDOM_COLORLESS","is_prod":false,"is_daily":false,"chose_seed":false,"campfire_upgraded":7,"win_rate":0,"timestamp":1552343920,"path_taken":["M","M","?","?","?","E","R","E","T","?","R","E","M","M","R","BOSS","M","M","M","?","?","E","R","E","T","R","M","M","$","M","R","BOSS","M","M","?","M","$","R","E","M","T","?","E","M","R","M","R","BOSS"],"build_version":"2019-01-23","purchased_purges":1,"victory":true,"max_hp_per_floor":[75,75,75,75,75,75,75,75,75,75,75,75,75,75,75,75,75,75,75,75,75,75,75,75,75,75,75,75,75,75,75,75,75,75,75,75,75,75,75,75,75,75,75,75,75,75,75,75,75,75],"card_choices":[{"not_picked":["Flex","Body Slam"],"picked":"Spot Weakness","floor":1.0},{"not_picked":["Perfected Strike","Feel No Pain"],"picked":"Disarm","floor":2.0},{"not_picked":["True Grit","Wild Strike"],"picked":"Anger","floor":3.0},{"not_picked":["Body Slam","Flex"],"picked":"Inflame","floor":6.0},{"not_picked":["Sentinel+1","Twin Strike"],"picked":"True Grit+1","floor":8.0},{"not_picked":["Clothesline","Rampage","Power Through+1"],"picked":"SKIP","floor":12.0},{"not_picked":["Pommel Strike","Juggernaut"],"picked":"Shockwave+1","floor":13.0},{"not_picked":["Flex+1","True Grit+1"],"picked":"Armaments+1","floor":14.0},{"not_picked":["Dark Embrace","Feed"],"picked":"Limit Break+1","floor":16.0},{"not_picked":["Clash","Corruption"],"picked":"Warcry+1","floor":18.0},{"not_picked":["Seeing Red+1","Entrench+1"],"picked":"Rage+1","floor":19.0},{"not_picked":["Clothesline+1","Infernal Blade+1"],"picked":"True Grit+1","floor":20.0},{"not_picked":["Headbutt","Clash","Cleave"],"picked":"SKIP","floor":23},{"not_picked":["Anger","Body Slam","Carnage+1"],"picked":"SKIP","floor":25},{"not_picked":["Anger","Body Slam","Carnage+1"],"picked":"SKIP","floor":25},{"not_picked":["Body Slam+1","Wild Strike+1"],"picked":"Double Tap+1","floor":28},{"not_picked":["Reckless Charge","Wild Strike","Headbutt"],"picked":"SKIP","floor":29},{"not_picked":["Heavy Blade","Corruption","Battle Trance+1"],"picked":"SKIP","floor":31},{"not_picked":["Feed","Brutality"],"picked":"Berserk","floor":33},{"not_picked":["Clash","Bloodletting+1"],"picked":"Spot Weakness+1","floor":35},{"not_picked":["Carnage+1","Headbutt"],"picked":"Warcry+1","floor":36},{"not_picked":["Iron Wave","Heavy Blade+1","Headbutt"],"picked":"SKIP","floor":38},{"not_picked":["Pommel Strike","Cleave+1"],"picked":"Metallicize","floor":41},{"not_picked":["Heavy Blade","Corruption"],"picked":"Disarm+1","floor":42},{"not_picked":["Thunderclap+1","Clash"],"picked":"Burning Pact+1","floor":44},{"not_picked":["Clothesline","Bludgeon","Body Slam+1"],"picked":"SKIP","floor":45},{"not_picked":["Flex+1","Perfected Strike","Twin Strike"],"picked":"SKIP","floor":46},{"not_picked":["Bloodletting+1","Thunderclap","Entrench+1"],"picked":"SKIP","floor":48}],"player_experience":769582,"relics_obtained":[{"floor":6.0,"key":"Toxic Egg 2"},{"floor":8.0,"key":"Champion Belt"},{"floor":9.0,"key":"Ginger"},{"floor":12.0,"key":"Magic Flower"},{"floor":21.0,"key":"Red Mask"},{"floor":23,"key":"Thread and Needle"},{"floor":25,"key":"Smiling Mask"},{"floor":26,"key":"Blood Vial"},{"floor":41,"key":"Torii"},{"floor":43,"key":"Bronze Scales"},{"floor":45,"key":"MawBank"}],"event_choices":[{"damage_healed":0.0,"max_hp_gain":0.0,"max_hp_loss":0.0,"gold_gain":0.0,"event_name":"The Woman in Blue","player_choice":"Bought 0 Potions","floor":4.0,"gold_loss":0.0,"damage_taken":0.0},{"damage_healed":0.0,"max_hp_gain":0.0,"max_hp_loss":0.0,"gold_gain":0.0,"event_name":"Accursed Blacksmith","player_choice":"Forge","floor":10.0,"gold_loss":0.0,"damage_taken":0.0,"cards_upgraded":["Disarm"]},{"damage_healed":0.0,"max_hp_gain":0.0,"max_hp_loss":0.0,"gold_gain":0.0,"event_name":"Masked Bandits","player_choice":"Fought Bandits","floor":21.0,"gold_loss":0.0,"damage_taken":0.0},{"cards_removed":["Fire Breathing"],"damage_healed":0.0,"max_hp_gain":0.0,"max_hp_loss":0.0,"gold_gain":0.0,"event_name":"Beggar","player_choice":"Gave Gold","floor":22.0,"gold_loss":75.0,"damage_taken":0.0},{"damage_healed":0,"gold_gain":0,"player_choice":"Cursed","damage_taken":0,"max_hp_gain":0,"max_hp_loss":0,"event_name":"Wheel of Change","floor":37,"gold_loss":0,"cards_obtained":["Decay"]}],"is_beta":false,"boss_relics":[{"not_picked":["Runic Cube","Calling Bell"],"picked":"Pandora\u0027s Box"},{"not_picked":["Runic Pyramid","Astrolabe"],"picked":"Black Blood"}],"items_purged_floors":[39],"is_endless":false,"potions_floor_spawned":[2,6,13,18,23,25,28,36,42],"ascension_level":15}