{"gold_per_floor":[110,123,73,73,89,118,118],"floor_reached":7,"playtime":319,"items_purged":[],"score":79,"play_id":"58d58a7f-e157-4792-977f-b7edd2ff782e","local_time":"20181118002702","is_ascension_mode":true,"campfire_choices":[],"neow_cost":"NONE","seed_source_timestamp":563879008020765,"circlet_count":0,"master_deck":["AscendersBane","Strike_R","Strike_R","Strike_R","Strike_R","Defend_R","Defend_R","Defend_R","Bash","Panacea","Disarm","Entrench","Cleave","Reaper"],"relics":["Burning Blood","Dream Catcher"],"potions_floor_usage":[7,7],"damage_taken":[{"damage":6,"enemies":"Cultist","floor":1,"turns":4},{"damage":7,"enemies":"2 Louse","floor":2,"turns":4},{"damage":8,"enemies":"Small Slimes","floor":5,"turns":4},{"damage":57,"enemies":"Lagavulin","floor":6,"turns":9},{"damage":42,"enemies":"The Mushroom Lair","floor":7,"turns":5}],"seed_played":"5666612130773405722","potions_obtained":[{"floor":2,"key":"Swift Potion"},{"floor":6,"key":"BloodPotion"}],"is_trial":false,"path_per_floor":["M","M","?","?","M","E","?"],"character_chosen":"IRONCLAD","items_purchased":[],"campfire_rested":0,"item_purchase_floors":[],"current_hp_per_floor":[72,71,71,71,69,18,0],"gold":118,"neow_bonus":"RANDOM_COLORLESS","is_prod":false,"is_daily":false,"chose_seed":false,"campfire_upgraded":0,"win_rate":0,"timestamp":1542526022,"path_taken":["M","M","?","?","M","E","?"],"build_version":"2018-11-15","purchased_purges":0,"victory":false,"max_hp_per_floor":[80,80,80,80,80,80,80],"card_choices":[{"not_picked":["Inflame","Iron Wave"],"picked":"Disarm","floor":1},{"not_picked":["Metallicize","Disarm"],"picked":"Entrench","floor":2},{"not_picked":["Warcry","Anger"],"picked":"Cleave","floor":5},{"not_picked":["Power Through","Cleave"],"picked":"Reaper","floor":6}],"player_experience":618947,"relics_obtained":[{"floor":6,"key":"Dream Catcher"}],"event_choices":[{"cards_removed":["Strike_R"],"damage_healed":0,"gold_gain":0,"player_choice":"Card Removal","damage_taken":0,"max_hp_gain":0,"max_hp_loss":0,"event_name":"The Cleric","floor":3,"gold_loss":50},{"cards_removed":["Defend_R"],"damage_healed":0,"gold_gain":0,"player_choice":"Forget","damage_taken":0,"max_hp_gain":0,"max_hp_loss":0,"event_name":"Living Wall","floor":4,"gold_loss":0},{"damage_healed":0,"gold_gain":0,"player_choice":"Fought Mushrooms","damage_taken":0,"max_hp_gain":0,"max_hp_loss":0,"event_name":"Mushrooms","floor":7,"gold_loss":0}],"is_beta":false,"boss_relics":[],"items_purged_floors":[],"is_endless":false,"potions_floor_spawned":[2,6],"killed_by":"The Mushroom Lair","ascension_level":11}