{"gold_per_floor":[13,24,24,34,52,52,79,79,158,158,59,77,77,106,106,206,206,216,230,230,130,150,150,176,176,176,51,80,80,99,124,124,224,224,242,258,16,27,27,27,27,27,52,69,69,89,0,0,0,0],"floor_reached":51,"playtime":2188,"items_purged":["Defend_B","Leap","Bite+1"],"score":938,"play_id":"ef7ddeea-f7c0-488f-9dbc-7ed88d32afc3","local_time":"20180709122316","is_ascension_mode":false,"campfire_choices":[{"data":"Zap","floor":6,"key":"SMITH"},{"data":"Electrodynamics","floor":8,"key":"SMITH"},{"data":"Dualcast","floor":10,"key":"SMITH"},{"data":"Leap","floor":15,"key":"SMITH"},{"data":"Beam Cell","floor":23,"key":"SMITH"},{"data":"Conserve Battery","floor":25,"key":"SMITH"},{"floor":32,"key":"REST"},{"floor":40,"key":"REST"},{"data":"Bandage Up","floor":42,"key":"SMITH"},{"floor":45,"key":"REST"},{"floor":49,"key":"REST"}],"neow_cost":"NO_GOLD","seed_source_timestamp":668097218433186,"circlet_count":0,"master_deck":["Zap+1","Dualcast+1","Leap+1","Beam Cell+1","Electrodynamics+1","Cold Snap+1","Go for the Eyes+1","Bite+1","Bite+1","Conserve Battery+1","Gash+1","Echo Form+1","All For One+1","Swift Strike+1","Thinking Ahead+1","Bandage Up+1"],"relics":["Cracked Core","Ginger","Molten Egg 2","Vajra","Empty Cage","Frozen Egg 2","Calipers","Blood Vial","Torii","Astrolabe","Letter Opener","Bag of Marbles","Red Mask","Peace Pipe"],"potions_floor_usage":[31,50,50],"damage_taken":[{"damage":0,"enemies":"Small Slimes","floor":1,"turns":2},{"damage":0,"enemies":"Jaw Worm","floor":2,"turns":4},{"damage":1,"enemies":"Cultist","floor":4,"turns":3},{"damage":3,"enemies":"3 Louse","floor":5,"turns":3},{"damage":19,"enemies":"3 Sentries","floor":7,"turns":7},{"damage":0,"enemies":"Lots of Slimes","floor":12,"turns":1},{"damage":11,"enemies":"Lagavulin","floor":14,"turns":5},{"damage":21,"enemies":"The Guardian","floor":16,"turns":10},{"damage":18,"enemies":"2 Thieves","floor":18,"turns":3},{"damage":1,"enemies":"Chosen","floor":19,"turns":3},{"damage":9,"enemies":"Sentry and Sphere","floor":22,"turns":4},{"damage":29,"enemies":"Book of Stabbing","floor":24,"turns":5},{"damage":0,"enemies":"Gremlin Leader","floor":28,"turns":5},{"damage":16,"enemies":"Slaver and Parasite","floor":30,"turns":4},{"damage":20,"enemies":"Slavers","floor":31,"turns":3},{"damage":38,"enemies":"Automaton","floor":33,"turns":9},{"damage":27,"enemies":"3 Darklings","floor":35,"turns":4},{"damage":14,"enemies":"3 Shapes","floor":36,"turns":2},{"damage":15,"enemies":"Maw","floor":38,"turns":6},{"damage":30,"enemies":"Sphere and 2 Shapes","floor":44,"turns":5},{"damage":0,"enemies":"3 Darklings","floor":46,"turns":2},{"damage":3,"floor":48,"turns":5},{"damage":59,"enemies":"Awakened One","floor":50,"turns":11}],"seed_played":"-7519392903688085292","potions_obtained":[{"floor":14,"key":"Explosive Potion"},{"floor":16,"key":"Fire Potion"},{"floor":28,"key":"Energy Potion"},{"floor":30,"key":"FocusPotion"},{"floor":33,"key":"SteroidPotion"}],"is_trial":false,"path_per_floor":["M","M","?","M","M","R","E","R","T","R","$","M","$","E","R","B",null,"M","M","?","$","M","R","E","R","T","$","E","$","M","E","R","B",null,"M","M","$","M","$","R","?","R","T","M","R","M","?","?","R","B"],"character_chosen":"DEFECT","items_purchased":["Cold Snap+1","Letter Opener"],"campfire_rested":4,"item_purchase_floors":[11,37],"current_hp_per_floor":[75,75,75,74,71,71,52,52,52,52,52,52,52,41,41,20,75,57,56,52,52,46,46,38,38,38,38,52,52,51,32,47,31,52,31,22,22,24,24,39,39,39,39,22,37,45,45,52,52,17],"gold":0,"neow_bonus":"REMOVE_TWO","is_prod":false,"is_daily":false,"chose_seed":false,"campfire_upgraded":7,"win_rate":0,"timestamp":1531160596,"path_taken":["M","M","?","M","M","R","E","R","T","R","$","M","$","E","R","BOSS","M","M","?","$","M","R","E","R","T","?","E","$","M","E","R","BOSS","M","M","$","M","$","R","?","R","T","M","R","M","?","?","R","BOSS"],"build_version":"2018-07-05","purchased_purges":3,"victory":true,"max_hp_per_floor":[75,75,75,75,75,75,75,75,75,75,75,75,75,75,75,75,75,75,75,52,52,52,52,52,52,52,52,52,52,52,52,52,52,52,52,52,52,52,52,52,52,52,52,52,52,52,52,52,52,52],"card_choices":[{"not_picked":["Compile Driver","Barrage"],"picked":"Leap","floor":1},{"not_picked":["Steam","Blizzard"],"picked":"Leap","floor":2},{"not_picked":["Ball Lightning","Melter"],"picked":"Beam Cell","floor":4},{"not_picked":["Leap","Rebound","Compile Driver"],"picked":"SKIP","floor":5},{"not_picked":["Barrage","Steam Power"],"picked":"Electrodynamics","floor":7},{"not_picked":["Cold Snap+1","Glacier","Genetic Algorithm"],"picked":"SKIP","floor":12},{"not_picked":["Redo","Steam Power","Rebound+1"],"picked":"SKIP","floor":14},{"not_picked":["Compile Driver+1","Coolheaded"],"picked":"Go for the Eyes+1","floor":18},{"not_picked":["Redo","Hologram","Coolheaded"],"picked":"SKIP","floor":19},{"not_picked":["Coolheaded","BootSequence"],"picked":"Conserve Battery","floor":22},{"not_picked":["Doom and Gloom+1","Streamline+1"],"picked":"Biased Cognition","floor":24},{"not_picked":["Ball Lightning+1","Cold Snap+1","Conserve Battery"],"picked":"SKIP","floor":28},{"not_picked":["Reprogram+1","Leap","Tempest"],"picked":"SKIP","floor":30},{"not_picked":["Streamline+1","Static Discharge+1"],"picked":"Gash+1","floor":31},{"not_picked":["Multi-Cast","Amplify"],"picked":"Echo Form+1","floor":33},{"not_picked":["Force Field+1","Rebound+1","Barrage+1"],"picked":"SKIP","floor":35},{"not_picked":["Conserve Battery","Reprogram","Turbo"],"picked":"SKIP","floor":36},{"not_picked":["Seek","Conserve Battery","Consume"],"picked":"SKIP","floor":38},{"not_picked":["Deep Breath","Transmutation"],"picked":"Bandage Up","floor":41},{"not_picked":["Stack","Aggregate","Hologram+1"],"picked":"SKIP","floor":44},{"not_picked":["Force Field+1","Turbo+1","Barrage+1"],"picked":"SKIP","floor":46}],"player_experience":168497,"relics_obtained":[{"floor":7,"key":"Ginger"},{"floor":9,"key":"Molten Egg 2"},{"floor":14,"key":"Vajra"},{"floor":24,"key":"Frozen Egg 2"},{"floor":26,"key":"Calipers"},{"floor":28,"key":"Blood Vial"},{"floor":31,"key":"Torii"},{"floor":43,"key":"Bag of Marbles"},{"floor":48,"key":"Peace Pipe"}],"event_choices":[{"event_name":"Living Wall","player_choice":"Forget","floor":3,"damage_taken":0},{"event_name":"Vampires","player_choice":"Became a vampire","floor":20,"damage_taken":0},{"event_name":"SensoryStone","player_choice":"Memory 1","floor":41,"damage_taken":0},{"event_name":"Tomb of Lord Red Mask","player_choice":"Paid","floor":47,"damage_taken":0},{"event_name":"MindBloom","player_choice":"Fight","floor":48,"damage_taken":0}],"boss_relics":[{"not_picked":["Nuclear Battery","Orrery"],"picked":"Empty Cage"},{"not_picked":["Sozu","Eternal Feather"],"picked":"Astrolabe"}],"items_purged_floors":[11,21,27],"is_endless":false,"potions_floor_spawned":[14,16,28,30,33,35,36],"ascension_level":0}