{"gold_per_floor":[115,115,115,80,80,110,110,60,139,139,314,314,314],"floor_reached":13,"playtime":592,"items_purged":[],"score":85,"play_id":"b01224b5-1afe-4fe3-bac0-61f4b2c002ba","local_time":"20190311151403","is_ascension_mode":true,"campfire_choices":[{"floor":7,"key":"REST"},{"floor":12,"key":"REST"}],"neow_cost":"NONE","seed_source_timestamp":1257205554069218,"circlet_count":0,"master_deck":["Strike_B","Strike_B","Strike_B","Defend_B","Defend_B","Defend_B","Zap","Dualcast","Steam","Glacier","Leap","Doubt"],"relics":["Cracked Core","Anchor","Incense Burner","Matryoshka","Ornamental Fan","Sundial"],"potions_floor_usage":[],"damage_taken":[{"damage":8,"enemies":"Small Slimes","floor":1,"turns":4},{"damage":35,"enemies":"Lagavulin","floor":6,"turns":8},{"damage":82,"enemies":"Gremlin Nob","floor":13,"turns":8}],"seed_played":"-6735333228767699946","potions_obtained":[{"floor":6,"key":"EssenceOfSteel"}],"is_trial":false,"path_per_floor":["M","$","?","?","?","E","R","$","T","T","?","R","E"],"character_chosen":"DEFECT","items_purchased":["Leap"],"campfire_rested":2,"item_purchase_floors":[8],"current_hp_per_floor":[67,67,49,67,67,32,54,54,54,54,54,75,0],"gold":314,"neow_bonus":"REMOVE_CARD","is_prod":false,"is_daily":false,"chose_seed":false,"campfire_upgraded":0,"win_rate":0,"timestamp":1552328043,"path_taken":["M","$","?","?","?","E","R","$","T","?","?","R","E"],"build_version":"2019-01-23","purchased_purges":0,"victory":false,"max_hp_per_floor":[75,75,75,75,75,75,75,75,75,75,75,75,75],"card_choices":[{"not_picked":["Barrage","Scrape"],"picked":"Steam","floor":1},{"not_picked":["Sweeping Beam","Turbo"],"picked":"Glacier","floor":6}],"player_experience":77381,"relics_obtained":[{"floor":6,"key":"Incense Burner"},{"floor":9,"key":"Matryoshka"},{"floor":10,"key":"Ornamental Fan"},{"floor":10,"key":"Sundial"}],"event_choices":[{"damage_healed":0,"gold_gain":0,"player_choice":"Success","damage_taken":18,"relics_obtained":["Anchor"],"max_hp_gain":0,"max_hp_loss":0,"event_name":"Scrap Ooze","floor":3,"gold_loss":0},{"damage_healed":18,"gold_gain":0,"player_choice":"Healed","damage_taken":0,"max_hp_gain":0,"max_hp_loss":0,"event_name":"The Cleric","floor":4,"gold_loss":35},{"cards_removed":["Defend_B"],"damage_healed":0,"gold_gain":0,"player_choice":"Forget","damage_taken":0,"max_hp_gain":0,"max_hp_loss":0,"event_name":"Living Wall","floor":5,"gold_loss":0},{"damage_healed":0,"gold_gain":175,"player_choice":"AGREE","damage_taken":0,"max_hp_gain":0,"max_hp_loss":0,"event_name":"Liars Game","floor":11,"gold_loss":0,"cards_obtained":["Doubt"]}],"is_beta":false,"boss_relics":[],"items_purged_floors":[],"is_endless":false,"potions_floor_spawned":[6],"killed_by":"Gremlin Nob","ascension_level":2}