{"path_per_floor":["M","M","?","M","$","R","M","$","T","M","$","M","R","M","R","B",null,"M","M","?","?","M","R","?","M","T","$","R","?","$","M","R","B",null,"M","M","M","R","M","M","R"],"character_chosen":"DEFECT","items_purchased":["Gash","Ball Lightning","White Noise"],"gold_per_floor":[116,130,130,141,61,61,75,0,47,67,21,32,32,50,50,150,150,160,176,176,176,188,188,188,205,228,128,128,128,3,15,15,110,110,130,147,115,115,133,146,146,146],"floor_reached":42,"campfire_rested":5,"playtime":2572,"current_hp_per_floor":[75,75,68,68,68,68,64,64,64,55,55,55,55,53,53,30,75,41,20,20,20,5,42,42,5,12,12,51,78,78,51,82,26,82,82,82,5,41,41,21,57,0],"items_purged":["Defend_B","Strike_B","Strike_B"],"gold":146,"score":473,"play_id":"0e88de24-6f74-4483-8d65-9e9b00b3a96b","local_time":"20180512145932","is_prod":false,"is_daily":false,"chose_seed":false,"is_ascension_mode":true,"campfire_upgraded":6,"timestamp":1526155172,"path_taken":["M","M","?","M","$","R","M","?","T","M","?","M","R","M","R","BOSS","M","M","?","?","?","R","?","?","T","$","R","?","?","M","R","BOSS","M","M","?","?","$","R","?","R","T","R","?","R","M","M","R","BOSS"],"build_version":"2018-05-12","seed_source_timestamp":313402196817614,"purchased_purges":3,"victory":false,"master_deck":["Defend_B","Defend_B","Defend_B","Zap+1","Dualcast","Gash+1","Streamline+1","Leap","Gash+1","Genetic Algorithm","Auto Shields","Ball Lightning","Go for the Eyes","Doom and Gloom","Electrodynamics+1","Barrage+1","Defragment+1","Gash+1","Ball Lightning","Thunder Strike","Machine Learning","Beam Cell+1","White Noise+1","Panache","Force Field+1"],"max_hp_per_floor":[75,75,75,75,75,75,75,75,75,75,75,75,75,75,75,75,75,75,75,75,75,75,75,75,75,82,82,82,82,82,82,82,82,82,82,82,72,72,72,72,72,72],"relics":["Cracked Core","NeowsBlessing","Regal Pillow","Inserter","Strawberry","Runic Pyramid","Oddly Smooth Stone"],"card_choices":[{"not_picked":["Ball Lightning","Beam Cell"],"picked":"Gash","floor":1.0},{"not_picked":["Chaos","Loop"],"picked":"Streamline","floor":2.0},{"not_picked":["Capacitor","Impulse"],"picked":"Leap","floor":4.0},{"not_picked":["Hello World","Sweeping Beam"],"picked":"Genetic Algorithm","floor":7.0},{"not_picked":["Skim","Hello World"],"picked":"Auto Shields","floor":10.0},{"not_picked":["Scrape","Blizzard"],"picked":"Go for the Eyes","floor":12.0},{"not_picked":["Coolheaded","Skim"],"picked":"Doom and Gloom","floor":14.0},{"not_picked":["Fission","Reboot"],"picked":"Electrodynamics","floor":16.0},{"not_picked":["Coolheaded+1","Hologram"],"picked":"Barrage+1","floor":18.0},{"not_picked":["Go for the Eyes","Beam Cell"],"picked":"Defragment+1","floor":19.0},{"not_picked":["Sweeping Beam","Axe Kick","Steam Power"],"picked":"SKIP","floor":22.0},{"not_picked":["Leap","Stack"],"picked":"Ball Lightning","floor":25.0},{"not_picked":["Capacitor","Rebound"],"picked":"Thunder Strike","floor":31.0},{"not_picked":["Amplify","Biased Cognition"],"picked":"Machine Learning","floor":33.0},{"not_picked":["Lockon","Go for the Eyes+1"],"picked":"Beam Cell+1","floor":35.0},{"not_picked":["Turbo","Coolheaded+1","Darkness+1"],"picked":"SKIP","floor":36.0},{"not_picked":["Swift Strike","Panacea"],"picked":"Panache","floor":37},{"not_picked":["Hologram","Doom and Gloom","Axe Kick"],"picked":"SKIP","floor":37},{"not_picked":["Streamline+1","Undo","Cold Snap"],"picked":"SKIP","floor":39},{"not_picked":["Coolheaded","Leap"],"picked":"Force Field+1","floor":40}],"player_experience":99542,"potions_floor_usage":[],"damage_taken":[{"damage":0.0,"enemies":"Small Slimes","floor":1.0,"turns":1.0},{"damage":0.0,"enemies":"Cultist","floor":2.0,"turns":1.0},{"damage":0.0,"enemies":"Jaw Worm","floor":4.0,"turns":1.0},{"damage":4.0,"enemies":"Red Slaver","floor":7.0,"turns":3.0},{"damage":9.0,"enemies":"Gremlin Gang","floor":10.0,"turns":5.0},{"damage":0.0,"enemies":"Exordium Wildlife","floor":12.0,"turns":3.0},{"damage":2.0,"enemies":"3 Louse","floor":14.0,"turns":3.0},{"damage":23.0,"enemies":"Hexaghost","floor":16.0,"turns":8.0},{"damage":34.0,"enemies":"3 Byrds","floor":18.0,"turns":6.0},{"damage":21.0,"enemies":"Spheric Guardian","floor":19.0,"turns":5.0},{"damage":15.0,"enemies":"Snake Plant","floor":22.0,"turns":5.0},{"damage":37.0,"enemies":"Centurion and Healer","floor":25.0,"turns":7.0},{"damage":27.0,"enemies":"Snecko","floor":31.0,"turns":5.0},{"damage":56.0,"enemies":"Champ","floor":33.0,"turns":9.0},{"damage":0.0,"enemies":"Flame Bruiser 1 Orb","floor":35.0,"turns":6.0},{"damage":0.0,"enemies":"3 Shapes","floor":36.0,"turns":7.0},{"damage":73.0,"enemies":"Mysterious Sphere","floor":37.0,"turns":6.0},{"damage":67,"enemies":"3 Darklings","floor":37,"turns":5},{"damage":0,"enemies":"Maw","floor":39,"turns":6},{"damage":20,"enemies":"Sphere and 2 Shapes","floor":40,"turns":4},{"damage":64,"enemies":"Time Eater","floor":42,"turns":7}],"event_choices":[{"event_name":"Golden Wing","player_choice":"Card Removal","floor":3.0,"damage_taken":0.0},{"event_name":"Duplicator","player_choice":"One dupe","floor":20.0,"damage_taken":0.0},{"event_name":"Vampires","player_choice":"Ignored","floor":21.0,"damage_taken":0.0},{"event_name":"Cursed Tome","player_choice":"Ignored","floor":24.0,"damage_taken":0.0},{"event_name":"The Library","player_choice":"Heal","floor":29.0,"damage_taken":0.0},{"event_name":"Mysterious Sphere","player_choice":"Fight","floor":37.0,"damage_taken":0.0},{"event_name":"The Moai Head","player_choice":"Heal","floor":37,"damage_taken":0},{"event_name":"Purifier","player_choice":"One Purge","floor":37,"damage_taken":0},{"event_name":"SensoryStone","player_choice":"Memory 1","floor":37,"damage_taken":0}],"boss_relics":[],"potions_floor_spawned":[4,7,10,14,16,19,25,39],"seed_played":"-3528188859075209237","killed_by":"Time Eater","ascension_level":4,"is_trial":false}