{"gold_per_floor":[110,185,199,212,229,229,239,239,287,287,317,317,327,341,341,341],"floor_reached":16,"playtime":444,"items_purged":[],"score":141,"play_id":"c15b18ff-730c-435b-b790-0b773073b80f","local_time":"20180826013222","is_ascension_mode":true,"campfire_choices":[{"data":"Zap","floor":6,"key":"SMITH"},{"floor":12,"key":"REST"},{"data":"Beam Cell","floor":15,"key":"SMITH"}],"neow_cost":"NONE","seed_source_timestamp":571312915486447,"circlet_count":0,"master_deck":["Strike_B","Strike_B","Strike_B","Strike_B","Defend_B","Defend_B","Defend_B","Zap+1","Dualcast","AscendersBane","Conserve Battery","Leap","Beam Cell+1","Cold Snap","Hello World","Double Energy","Chill"],"relics":["Cracked Core","Juzu Bracelet","Pen Nib"],"potions_floor_usage":[],"damage_taken":[{"damage":1,"enemies":"Cultist","floor":1,"turns":3},{"damage":2,"enemies":"2 Louse","floor":3,"turns":3},{"damage":12,"enemies":"Small Slimes","floor":4,"turns":3},{"damage":13,"enemies":"Exordium Wildlife","floor":5,"turns":6},{"damage":7,"enemies":"3 Louse","floor":7,"turns":4},{"damage":0,"enemies":"Large Slime","floor":13,"turns":5},{"damage":6,"enemies":"Blue Slaver","floor":14,"turns":3},{"damage":47,"enemies":"Slime Boss","floor":16,"turns":7}],"seed_played":"6258967028226453867","potions_obtained":[{"floor":1,"key":"Ancient Potion"},{"floor":4,"key":"Dexterity Potion"},{"floor":7,"key":"Ancient Potion"}],"is_trial":false,"path_per_floor":["M","?","M","M","M","R","M","?","T","?","?","R","M","M","R"],"character_chosen":"DEFECT","items_purchased":[],"campfire_rested":1,"item_purchase_floors":[],"current_hp_per_floor":[67,56,54,42,29,29,22,27,27,20,20,44,44,38,38,0],"gold":341,"neow_bonus":"RANDOM_COMMON_RELIC","is_prod":false,"is_daily":false,"chose_seed":false,"campfire_upgraded":2,"win_rate":0,"timestamp":1535268742,"path_taken":["M","?","M","M","M","R","M","?","T","?","?","R","M","M","R","BOSS"],"build_version":"2018-08-23v2","purchased_purges":0,"victory":false,"max_hp_per_floor":[75,75,75,75,75,75,75,80,80,80,80,80,80,80,80,80],"card_choices":[{"not_picked":["Tempest","Double Energy"],"picked":"Conserve Battery","floor":1},{"not_picked":["Storm","Aggregate"],"picked":"Leap","floor":3},{"not_picked":["Barrage","Stack"],"picked":"Beam Cell","floor":4},{"not_picked":["Ball Lightning","Rebound"],"picked":"Cold Snap","floor":5},{"not_picked":["White Noise","Tempest"],"picked":"Hello World","floor":7},{"not_picked":["Reinforced Body","Cold Snap"],"picked":"Double Energy","floor":13},{"not_picked":["Lockon","Steam"],"picked":"Chill","floor":14}],"player_experience":428717,"relics_obtained":[{"floor":9,"key":"Pen Nib"}],"event_choices":[{"event_name":"World of Goop","player_choice":"Gather Gold","floor":2,"damage_taken":0},{"event_name":"Big Fish","player_choice":"Donut","floor":8,"damage_taken":0},{"event_name":"Golden Wing","player_choice":"Card Removal","floor":10,"damage_taken":0},{"event_name":"Dead Adventurer","player_choice":"Searched \u00271\u0027 times","floor":11,"damage_taken":0}],"is_beta":false,"boss_relics":[],"items_purged_floors":[],"is_endless":false,"potions_floor_spawned":[1,4,7],"killed_by":"Slime Boss","ascension_level":10}