{"gold_per_floor":[116,130,29,45,120,148,148,148,171,171,196,213,228,228,228,332,332,345,47,58,9,19,19,39,56,56,56],"floor_reached":27,"playtime":1806,"items_purged":["Strike_B"],"score":248,"play_id":"60f9d384-53cd-4ece-a7bd-c77bc85b09a4","local_time":"20190318150352","is_ascension_mode":true,"campfire_choices":[{"floor":8,"key":"REST"},{"floor":10,"key":"REST"},{"floor":15,"key":"REST"},{"floor":23,"key":"REST"}],"neow_cost":"NONE","seed_source_timestamp":1860269973254913,"circlet_count":0,"master_deck":["Strike_B","Strike_B","Strike_B","Defend_B","Defend_B","Defend_B","Defend_B","Zap","Dualcast","Leap","Reinforced Body","Static Discharge","Steam+1","Hologram+1","BootSequence","Leap","Hologram","Ball Lightning","Pain","Electrodynamics","Steam","Defragment","Static Discharge","Conserve Battery","Turbo"],"relics":["Cracked Core","Orichalcum","Pen Nib","Anchor","Regal Pillow","War Paint","WarpedTongs","Runic Pyramid","DataDisk","StoneCalendar"],"potions_floor_usage":[16,16,18,22,22],"damage_taken":[{"damage":8,"enemies":"Jaw Worm","floor":1,"turns":4},{"damage":0,"enemies":"Small Slimes","floor":2,"turns":3},{"damage":3,"enemies":"2 Louse","floor":4,"turns":4},{"damage":22,"enemies":"Gremlin Nob","floor":6,"turns":5},{"damage":13,"enemies":"Lagavulin","floor":11,"turns":8},{"damage":20,"enemies":"Lots of Slimes","floor":12,"turns":6},{"damage":4,"enemies":"3 Louse","floor":13,"turns":5},{"damage":48,"enemies":"Hexaghost","floor":16,"turns":9},{"damage":21,"enemies":"2 Thieves","floor":18,"turns":5},{"damage":25,"enemies":"Spheric Guardian","floor":20,"turns":6},{"damage":17,"enemies":"Centurion and Healer","floor":22,"turns":6},{"damage":13,"enemies":"Snake Plant","floor":24,"turns":5},{"damage":38,"enemies":"Snecko","floor":25,"turns":6},{"damage":34,"enemies":"Cultist and Chosen","floor":27,"turns":4}],"seed_played":"6223058414055953774","potions_obtained":[{"floor":4,"key":"Swift Potion"},{"floor":13,"key":"FearPotion"},{"floor":16,"key":"Energy Potion"},{"floor":18,"key":"LiquidBronze"},{"floor":20,"key":"Regen Potion"}],"is_trial":false,"path_per_floor":["M","M","$","M","?","E","?","R","T","R","E","M","M","?","R","B",null,"M","$","M","$","M","R","M","M","T","M"],"character_chosen":"DEFECT","items_purchased":["Static Discharge","Steam","Defragment","DataDisk","Conserve Battery"],"campfire_rested":4,"item_purchase_floors":[3,3,19,19,21],"current_hp_per_floor":[67,67,67,64,53,31,13,35,35,72,59,39,35,35,72,24,75,54,54,29,29,27,64,51,13,13,0],"gold":56,"neow_bonus":"RANDOM_COMMON_RELIC","is_prod":false,"is_daily":false,"chose_seed":false,"campfire_upgraded":0,"win_rate":0,"timestamp":1552932232,"path_taken":["M","M","$","M","?","E","?","R","T","R","E","M","M","?","R","BOSS","M","$","M","$","M","R","M","M","T","M"],"build_version":"2019-01-23","purchased_purges":1,"victory":false,"max_hp_per_floor":[75,75,75,75,75,75,75,75,75,75,75,75,75,75,75,75,75,75,75,75,75,75,75,75,75,75,75],"card_choices":[{"not_picked":["Beam Cell","Recycle"],"picked":"Leap","floor":1},{"not_picked":["Rebound","Tempest"],"picked":"Reinforced Body","floor":2},{"not_picked":["Turbo","Chill"],"picked":"Hologram","floor":4},{"not_picked":["Tempest","Rainbow"],"picked":"BootSequence","floor":6},{"not_picked":["Streamline","Beam Cell"],"picked":"Leap","floor":11},{"not_picked":["Reinforced Body","Force Field"],"picked":"Hologram","floor":12},{"not_picked":["Go for the Eyes","Leap"],"picked":"Ball Lightning","floor":13},{"not_picked":["Seek","Core Surge"],"picked":"Electrodynamics","floor":16},{"not_picked":["Conserve Battery","Sweeping Beam"],"picked":"Steam","floor":18},{"not_picked":["Redo+1","Genetic Algorithm"],"picked":"Static Discharge","floor":20},{"not_picked":["Tempest","Coolheaded","Conserve Battery"],"picked":"SKIP","floor":22},{"not_picked":["Stack","Aggregate","Streamline"],"picked":"SKIP","floor":24},{"not_picked":["Blizzard+1","Go for the Eyes+1"],"picked":"Turbo","floor":25}],"player_experience":94829,"relics_obtained":[{"floor":6,"key":"Pen Nib"},{"floor":9,"key":"Regal Pillow"},{"floor":11,"key":"War Paint"},{"floor":26,"key":"StoneCalendar"}],"event_choices":[{"damage_healed":0,"gold_gain":75,"player_choice":"Gather Gold","damage_taken":11,"max_hp_gain":0,"max_hp_loss":0,"event_name":"World of Goop","floor":5,"gold_loss":0},{"damage_healed":0,"gold_gain":0,"player_choice":"Success","damage_taken":18,"relics_obtained":["Anchor"],"max_hp_gain":0,"max_hp_loss":0,"event_name":"Scrap Ooze","floor":7,"gold_loss":0},{"damage_healed":0,"gold_gain":0,"player_choice":"Rummage","damage_taken":0,"relics_obtained":["WarpedTongs"],"max_hp_gain":0,"max_hp_loss":0,"event_name":"Accursed Blacksmith","floor":14,"gold_loss":0,"cards_obtained":["Pain"]}],"is_beta":false,"boss_relics":[{"not_picked":["Philosopher\u0027s Stone","Sozu"],"picked":"Runic Pyramid"}],"items_purged_floors":[19],"is_endless":false,"potions_floor_spawned":[4,13,16,18,20],"killed_by":"Cultist and Chosen","ascension_level":2}