{"gold_per_floor":[17,17,92,92,108,108,120,120,146,172,172,17,28,44,44,44],"floor_reached":16,"playtime":736,"items_purged":["Strike_R"],"score":129,"play_id":"2e604f8c-2d37-4e41-aa1c-b2d3599191e2","local_time":"20190207100731","is_ascension_mode":true,"campfire_choices":[{"floor":6,"key":"REST"},{"data":"Entrench","floor":8,"key":"SMITH"},{"floor":15,"key":"REST"}],"neow_cost":"NO_GOLD","seed_source_timestamp":258741146274287,"circlet_count":0,"master_deck":["Strike_R","Strike_R","Strike_R","Strike_R","Defend_R","Defend_R","Defend_R","Defend_R","Bash","Shrug It Off","Entrench+1","Power Through","Impervious","Ghostly Armor"],"relics":["Burning Blood","Ancient Tea Set","Odd Mushroom","Bronze Scales"],"potions_floor_usage":[16,16,16],"damage_taken":[{"damage":9,"enemies":"2 Louse","floor":1,"turns":3},{"damage":11,"enemies":"Jaw Worm","floor":5,"turns":5},{"damage":1,"enemies":"Small Slimes","floor":7,"turns":4},{"damage":70,"enemies":"The Mushroom Lair","floor":10,"turns":10},{"damage":6,"enemies":"3 Louse","floor":13,"turns":4},{"damage":11,"enemies":"Large Slime","floor":14,"turns":10},{"damage":85,"enemies":"Slime Boss","floor":16,"turns":14}],"seed_played":"5650332864107942243","potions_obtained":[{"floor":10,"key":"SpeedPotion"},{"floor":13,"key":"Regen Potion"},{"floor":14,"key":"SteroidPotion"}],"is_trial":false,"path_per_floor":["?","?","?","?","T","$","M"],"character_chosen":"IRONCLAD","items_purchased":["Impervious"],"campfire_rested":2,"item_purchase_floors":[12],"current_hp_per_floor":[93,93,82,87,82,101,101,101,101,37,37,37,37,32,62,0],"gold":44,"neow_bonus":"TWENTY_PERCENT_HP_BONUS","is_prod":false,"is_daily":false,"chose_seed":false,"campfire_upgraded":1,"win_rate":0,"timestamp":1549530451,"path_taken":["M","?","?","?","M","R","M","R","T","?","?","?","?","M","R","BOSS"],"build_version":"2019-01-23","purchased_purges":1,"victory":false,"max_hp_per_floor":[96,96,96,101,101,101,101,101,101,101,101,101,101,101,101,101],"card_choices":[{"not_picked":["Pommel Strike","Battle Trance"],"picked":"Shrug It Off","floor":1},{"not_picked":["Infernal Blade","True Grit"],"picked":"Entrench","floor":5},{"not_picked":["Evolve","Dropkick","Sever Soul"],"picked":"SKIP","floor":7},{"not_picked":["Perfected Strike","Wild Strike"],"picked":"Power Through","floor":10},{"not_picked":["Dropkick","Bloodletting"],"picked":"Ghostly Armor","floor":13},{"not_picked":["Rampage","Infernal Blade","Headbutt"],"picked":"SKIP","floor":14}],"player_experience":117860,"relics_obtained":[{"floor":9,"key":"Ancient Tea Set"},{"floor":10,"key":"Odd Mushroom"},{"floor":11,"key":"Bronze Scales"}],"event_choices":[{"damage_healed":0,"gold_gain":0,"player_choice":"Leave","damage_taken":0,"max_hp_gain":0,"max_hp_loss":0,"event_name":"The Cleric","floor":2,"gold_loss":0},{"damage_healed":0,"gold_gain":75,"player_choice":"Gather Gold","damage_taken":11,"max_hp_gain":0,"max_hp_loss":0,"event_name":"World of Goop","floor":3,"gold_loss":0},{"damage_healed":0,"gold_gain":0,"player_choice":"Donut","damage_taken":0,"max_hp_gain":5,"max_hp_loss":0,"event_name":"Big Fish","floor":4,"gold_loss":0},{"damage_healed":0,"gold_gain":0,"player_choice":"Fought Mushrooms","damage_taken":0,"max_hp_gain":0,"max_hp_loss":0,"event_name":"Mushrooms","floor":10,"gold_loss":0}],"is_beta":false,"boss_relics":[],"items_purged_floors":[12],"is_endless":false,"potions_floor_spawned":[10,13,14],"killed_by":"Slime Boss","ascension_level":3}