{"gold_per_floor":[111,111,111,123,123,123,123,198,198,198,212,212,224,239,239,334,334,350,364,364,364,19,19,19,19,45,45,45,59,69,79,79,79],"floor_reached":33,"playtime":1249,"items_purged":[],"score":235,"play_id":"6f73ec75-7b50-4696-8750-299789f3b9cb","local_time":"20180730165200","is_ascension_mode":false,"campfire_choices":[{"data":"Zap","floor":10,"key":"SMITH"},{"data":"White Noise","floor":12,"key":"SMITH"},{"floor":15,"key":"REST"},{"data":"Apotheosis","floor":23,"key":"SMITH"},{"data":"Defragment","floor":25,"key":"SMITH"},{"data":"Fusion","floor":27,"key":"SMITH"},{"floor":32,"key":"REST"}],"neow_cost":"NONE","seed_source_timestamp":1354450074700550,"circlet_count":0,"master_deck":["Strike_B","Strike_B","Defend_B","Defend_B","Defend_B","Zap+1","Dualcast","Heatsinks","Rebound","White Noise+1","Go for the Eyes","Hologram","Darkness","Machine Learning","Streamline+1","Conserve Battery+1","Defragment+1","Apotheosis+1","Sunder","Fusion+1","Double Energy","Hello World+1","Fission"],"relics":["FrozenCore"],"potions_floor_usage":[16,16,29],"damage_taken":[{"damage":10,"enemies":"Cultist","floor":1,"turns":4},{"damage":0,"enemies":"Small Slimes","floor":4,"turns":2},{"damage":12,"enemies":"2 Louse","floor":11,"turns":3},{"damage":1,"enemies":"Exordium Wildlife","floor":13,"turns":2},{"damage":21,"enemies":"Exordium Thugs","floor":14,"turns":5},{"damage":31,"enemies":"The Guardian","floor":16,"turns":8},{"damage":23,"enemies":"3 Byrds","floor":18,"turns":5},{"damage":3,"enemies":"Chosen","floor":19,"turns":4},{"damage":1,"enemies":"Snecko","floor":29,"turns":5},{"damage":5,"enemies":"Centurion and Healer","floor":30,"turns":5},{"damage":11,"enemies":"Sentry and Sphere","floor":31,"turns":4},{"damage":64,"enemies":"Champ","floor":33,"turns":10}],"seed_played":"-2828432574965998547","potions_obtained":[{"floor":1,"key":"GamblersBrew"},{"floor":14,"key":"Block Potion"},{"floor":18,"key":"SkillPotion"},{"floor":30,"key":"SneckoOil"}],"is_trial":false,"path_per_floor":["M","?","?","M","?","T","?","?","T","R","M","R","M","M","R","B",null,"M","M","?","?","$","R","?","R","T","R","$","M","M","M","R"],"character_chosen":"DEFECT","items_purchased":["Apotheosis","Sunder","Fusion"],"campfire_rested":2,"item_purchase_floors":[22,22,22],"current_hp_per_floor":[65,65,58,58,58,58,58,47,47,47,35,35,34,13,35,4,75,52,49,49,49,49,49,49,49,49,49,49,48,43,32,54,0],"gold":79,"neow_bonus":"TRANSFORM_CARD","is_prod":false,"is_daily":false,"chose_seed":false,"campfire_upgraded":5,"win_rate":0,"timestamp":1532991120,"path_taken":["M","?","?","M","?","?","?","?","T","R","M","R","M","M","R","BOSS","M","M","?","?","$","R","?","R","T","R","$","M","M","M","R","BOSS"],"build_version":"2018-07-26","purchased_purges":0,"victory":false,"max_hp_per_floor":[75,75,75,75,75,75,75,75,75,75,75,75,75,75,75,75,75,75,75,75,75,75,75,75,75,75,75,75,75,75,75,75,75],"card_choices":[{"not_picked":["Tempest","Sweeping Beam"],"picked":"Rebound","floor":1},{"not_picked":["Coolheaded","Redo"],"picked":"White Noise","floor":4},{"not_picked":["Rip and Tear","Steam"],"picked":"Go for the Eyes","floor":11},{"not_picked":["Heatsinks","Coolheaded"],"picked":"Hologram","floor":13},{"not_picked":["Steam","Turbo"],"picked":"Darkness","floor":14},{"not_picked":["Meteor Strike","Fission"],"picked":"Machine Learning","floor":16},{"not_picked":["Aggregate+1","Cold Snap"],"picked":"Streamline+1","floor":18},{"not_picked":["Sweeping Beam","Go for the Eyes+1"],"picked":"Conserve Battery+1","floor":19},{"not_picked":["Stack+1","Coolheaded"],"picked":"Double Energy","floor":29},{"not_picked":["Leap","Double Energy"],"picked":"Hello World+1","floor":30},{"not_picked":["Leap","Barrage"],"picked":"Fission","floor":31}],"player_experience":304226,"relics_obtained":[],"event_choices":[{"event_name":"Scrap Ooze","player_choice":"unsuccessful","floor":2,"damage_taken":0},{"event_name":"Golden Wing","player_choice":"Card Removal","floor":3,"damage_taken":0},{"event_name":"Golden Idol","player_choice":"Ignored","floor":5,"damage_taken":0},{"event_name":"Living Wall","player_choice":"Forget","floor":7,"damage_taken":0},{"event_name":"World of Goop","player_choice":"Gather Gold","floor":8,"damage_taken":0},{"event_name":"Ghosts","player_choice":"Ignored","floor":20,"damage_taken":0},{"event_name":"The Library","player_choice":"Read","floor":21,"damage_taken":0},{"event_name":"Beggar","player_choice":"Ignored","floor":24,"damage_taken":0}],"is_beta":false,"boss_relics":[{"not_picked":["Cursed Key","Inserter"],"picked":"FrozenCore"}],"items_purged_floors":[],"is_endless":false,"potions_floor_spawned":[1,14,18,30],"killed_by":"Champ","ascension_level":0}