{"gold_per_floor":[113,188,65,75,75,103,103,49,123,155,167,167,178,188,188,188],"floor_reached":16,"playtime":3211,"items_purged":[],"score":155,"play_id":"67102636-f6d6-4934-9044-70c3f5e2588b","local_time":"20190206202228","is_ascension_mode":true,"campfire_choices":[{"floor":12,"key":"REST"},{"data":"Inflame","floor":15,"key":"SMITH"}],"neow_cost":"NONE","seed_source_timestamp":206760243947219,"circlet_count":0,"master_deck":["Strike_R","Strike_R","Strike_R","Strike_R","Strike_R","Defend_R","Defend_R","Defend_R","Defend_R","Bash","Shrug It Off","Rupture","Inflame+1","Shrug It Off","Shrug It Off","Whirlwind"],"relics":["Burning Blood","NeowsBlessing","Tiny Chest","Unceasing Top","Bottled Tornado","Meat on the Bone","Smiling Mask"],"potions_floor_usage":[16,16,16],"damage_taken":[{"damage":0,"enemies":"2 Louse","floor":1,"turns":1},{"damage":0,"enemies":"Small Slimes","floor":4,"turns":1},{"damage":0,"enemies":"3 Sentries","floor":6,"turns":2},{"damage":51,"enemies":"Lagavulin","floor":10,"turns":9},{"damage":10,"enemies":"Cultist","floor":11,"turns":4},{"damage":9,"enemies":"3 Louse","floor":13,"turns":7},{"damage":0,"enemies":"Blue Slaver","floor":14,"turns":6},{"damage":131,"enemies":"The Guardian","floor":16,"turns":23}],"seed_played":"-2489480117106288283","potions_obtained":[{"floor":10,"key":"Poison Potion"},{"floor":13,"key":"BloodPotion"},{"floor":14,"key":"Regen Potion"}],"is_trial":false,"path_per_floor":["?","?","T","$"],"character_chosen":"IRONCLAD","items_purchased":["Tiny Chest","Shrug It Off"],"campfire_rested":1,"item_purchase_floors":[3,8],"current_hp_per_floor":[80,69,69,75,75,80,80,80,80,47,55,79,76,80,80,0],"gold":188,"neow_bonus":"THREE_ENEMY_KILL","is_prod":false,"is_daily":false,"chose_seed":false,"campfire_upgraded":1,"win_rate":0,"timestamp":1549480948,"path_taken":["M","?","$","M","?","E","?","?","T","E","M","R","M","M","R","BOSS"],"build_version":"2019-01-23","purchased_purges":0,"victory":false,"max_hp_per_floor":[80,80,80,80,80,80,80,80,80,80,80,80,80,80,80,80],"card_choices":[{"not_picked":["Clash","Armaments"],"picked":"Shrug It Off","floor":1},{"not_picked":["Armaments","Flex"],"picked":"Rupture","floor":4},{"not_picked":["Metallicize","Immolate"],"picked":"Inflame","floor":6},{"not_picked":["Anger","Thunderclap"],"picked":"Shrug It Off","floor":10},{"not_picked":["Clash","Blood for Blood","Disarm"],"picked":"SKIP","floor":11},{"not_picked":["Sentinel","Sword Boomerang","Rage"],"picked":"SKIP","floor":13},{"not_picked":["Thunderclap","Shrug It Off"],"picked":"Whirlwind","floor":14}],"player_experience":113603,"relics_obtained":[{"floor":6,"key":"Unceasing Top"},{"floor":7,"key":"Bottled Tornado"},{"floor":9,"key":"Meat on the Bone"},{"floor":10,"key":"Smiling Mask"}],"event_choices":[{"damage_healed":0,"gold_gain":75,"player_choice":"Gather Gold","damage_taken":11,"max_hp_gain":0,"max_hp_loss":0,"event_name":"World of Goop","floor":2,"gold_loss":0},{"damage_healed":0,"gold_gain":0,"player_choice":"Ignored","damage_taken":0,"max_hp_gain":0,"max_hp_loss":0,"event_name":"Shining Light","floor":5,"gold_loss":0}],"is_beta":false,"boss_relics":[],"items_purged_floors":[],"is_endless":false,"potions_floor_spawned":[10,13,14],"killed_by":"The Guardian","ascension_level":3}