{"gold_per_floor":[117,131,81,100,112,137,137,163,163,163,195,207,240,259,259,363,363,383,396,306,322,9,9,39,54,79,79,98,112,112,129,129,230,230,243,256,54,100,61,61,76,107,131,131],"floor_reached":44,"playtime":2254,"items_purged":["Strike_G"],"score":784,"play_id":"93cad893-6e83-4f88-89b3-e8c7484aa025","local_time":"20181111012302","is_ascension_mode":true,"campfire_choices":[{"data":"Bullet Time","floor":7.0,"key":"SMITH"},{"data":"Well Laid Plans","floor":10.0,"key":"SMITH"},{"data":"Bane","floor":15.0,"key":"SMITH"},{"floor":23.0,"key":"REST"},{"floor":27.0,"key":"REST"},{"data":"Neutralize","floor":30.0,"key":"SMITH"},{"data":"Burst","floor":32.0,"key":"SMITH"},{"floor":40,"key":"REST"}],"neow_cost":"NONE","seed_source_timestamp":3292658227551862,"circlet_count":0,"master_deck":["Survivor+1","Neutralize+1","Well Laid Plans+1","Deadly Poison","Bullet Time+1","Bane+1","Corpse Explosion","Poisoned Stab","Dagger Throw+1","Poisoned Stab+1","Deadly Poison","Dagger Throw+1","Bullet Time","Sucker Punch+1","Tactician+1","Sucker Punch+1","Underhanded Strike+1","Burst+1","Bane+1","Prepared+1","Heel Hook+1","Prepared+1","Envenom","Noxious Fumes","Underhanded Strike+1","Quick Slash+1","Acrobatics","Choke+1","Deadly Poison","Prepared","Heel Hook+1","Calculated Gamble+1","Trip","Heel Hook+1","Underhanded Strike+1","Poisoned Stab+1","Calculated Gamble","Distraction+1"],"special_seed":0,"relics":["Ring of the Serpent","Ancient Tea Set","Ninja Scroll","Molten Egg 2","Dodecahedron","Omamori","ClockworkSouvenir","Meat on the Bone","Bronze Scales","Pandora\u0027s Box","Tingsha","Bottled Lightning","Anchor"],"potions_floor_usage":[33,42],"damage_taken":[{"damage":0.0,"enemies":"Cultist","floor":1.0,"turns":4.0},{"damage":0.0,"enemies":"Small Slimes","floor":2.0,"turns":4.0},{"damage":0.0,"enemies":"2 Louse","floor":4.0,"turns":4.0},{"damage":6.0,"enemies":"Exordium Thugs","floor":5.0,"turns":7.0},{"damage":7.0,"enemies":"Lagavulin","floor":6.0,"turns":5.0},{"damage":0.0,"enemies":"3 Sentries","floor":8.0,"turns":2.0},{"damage":12.0,"enemies":"Lagavulin","floor":11.0,"turns":4.0},{"damage":1.0,"enemies":"Looter","floor":12.0,"turns":3.0},{"damage":10.0,"enemies":"3 Sentries","floor":13.0,"turns":2.0},{"damage":0.0,"enemies":"2 Fungi Beasts","floor":14.0,"turns":3.0},{"damage":33.0,"enemies":"The Guardian","floor":16.0,"turns":7.0},{"damage":12.0,"enemies":"2 Thieves","floor":18.0,"turns":3.0},{"damage":0.0,"enemies":"3 Byrds","floor":19.0,"turns":4.0},{"damage":32.0,"enemies":"Snake Plant","floor":21.0,"turns":4.0},{"damage":15.0,"enemies":"Book of Stabbing","floor":24.0,"turns":3.0},{"damage":19.0,"enemies":"Shelled Parasite and Fungi","floor":25.0,"turns":4.0},{"damage":2.0,"enemies":"Snecko","floor":28.0,"turns":4.0},{"damage":0.0,"enemies":"Chosen and Byrds","floor":29.0,"turns":4.0},{"damage":0.0,"enemies":"Sentry and Sphere","floor":31.0,"turns":3.0},{"damage":44,"enemies":"Automaton","floor":33,"turns":8},{"damage":0,"enemies":"3 Darklings","floor":35,"turns":1},{"damage":12,"enemies":"Orb Walker","floor":36,"turns":2},{"damage":26,"enemies":"2 Orb Walkers","floor":38,"turns":2},{"damage":26,"enemies":"Maw","floor":41,"turns":5},{"damage":36,"enemies":"Giant Head","floor":42,"turns":6},{"damage":26,"enemies":"Transient","floor":44,"turns":4}],"seed_played":"4960175994466251029","potions_obtained":[{"floor":1.0,"key":"Poison Potion"},{"floor":4.0,"key":"SteroidPotion"},{"floor":5.0,"key":"SteroidPotion"},{"floor":6.0,"key":"Energy Potion"},{"floor":13.0,"key":"Energy Potion"},{"floor":16.0,"key":"Explosive Potion"},{"floor":18.0,"key":"FearPotion"},{"floor":21.0,"key":"Swift Potion"},{"floor":24.0,"key":"Poison Potion"},{"floor":33,"key":"SteroidPotion"},{"floor":35,"key":"Poison Potion"},{"floor":41,"key":"FearPotion"}],"is_trial":false,"path_per_floor":["M","M","?","M","M","E","R","E","T","R","E","M","E","M","R","B",null,"M","M","?","M","$","R","E","M","T","R","M","M","R","M","R","B",null,"M","M","$","?","$","R","M","E","T","M"],"character_chosen":"THE_SILENT","items_purchased":["ClockworkSouvenir","Underhanded Strike+1","Trip","Heel Hook+1","Underhanded Strike+1","Calculated Gamble"],"campfire_rested":3,"item_purchase_floors":[22,22,37,37,37,39],"current_hp_per_floor":[70,70,70,70,64,57,57,57,57,57,45,44,34,34,34,1,58,46,46,46,14,14,37,22,15,15,38,48,48,48,48,48,16,62,62,50,50,36,36,59,45,21,21,0],"gold":131,"neow_bonus":"TEN_PERCENT_HP_BONUS","is_prod":false,"is_daily":false,"chose_seed":false,"campfire_upgraded":5,"win_rate":0,"timestamp":1541924582,"path_taken":["M","M","?","M","M","E","R","E","T","R","E","M","E","M","R","BOSS","M","M","?","M","$","R","E","M","T","R","M","M","R","?","R","BOSS","M","M","$","?","$","R","M","E","T","M"],"build_version":"2018-11-08","purchased_purges":1,"victory":false,"max_hp_per_floor":[77,77,77,77,77,77,77,77,77,77,77,77,77,77,77,77,77,77,77,77,77,77,77,77,77,77,77,77,77,77,77,77,77,77,77,77,77,77,77,77,77,77,77,77],"card_choices":[{"not_picked":["Acrobatics","Cloak And Dagger"],"picked":"Well Laid Plans","floor":1.0},{"not_picked":["Blade Dance","PiercingWail"],"picked":"Deadly Poison","floor":2.0},{"not_picked":["Cloak And Dagger","Quick Slash"],"picked":"Bullet Time","floor":4.0},{"not_picked":["Distraction","Slice"],"picked":"Bane","floor":5.0},{"not_picked":["Tactician","Poisoned Stab"],"picked":"Corpse Explosion","floor":6.0},{"not_picked":["Backflip","Reflex"],"picked":"Poisoned Stab","floor":8.0},{"not_picked":["Blade Dance","Eviscerate+1"],"picked":"Dagger Throw+1","floor":11.0},{"not_picked":["Escape Plan","Setup"],"picked":"Poisoned Stab+1","floor":12.0},{"not_picked":["Distraction","Outmaneuver"],"picked":"Deadly Poison","floor":13.0},{"not_picked":["Flying Knee+1","Die Die Die+1"],"picked":"Dagger Throw+1","floor":14.0},{"not_picked":["Die Die Die+1","Night Terror"],"picked":"Bullet Time","floor":16.0},{"not_picked":["Eviscerate+1","Heel Hook+1"],"picked":"Sucker Punch+1","floor":18.0},{"not_picked":["Eviscerate+1","Dagger Throw+1"],"picked":"Tactician+1","floor":19.0},{"not_picked":["Dagger Spray+1","Flying Knee+1"],"picked":"Sucker Punch+1","floor":21.0},{"not_picked":["Slice+1","Deflect"],"picked":"Burst","floor":24.0},{"not_picked":["Cloak And Dagger","Backflip"],"picked":"Bane+1","floor":25.0},{"not_picked":["Blade Dance","Bane+1"],"picked":"Prepared+1","floor":28.0},{"not_picked":["Skewer+1","Slice+1"],"picked":"Heel Hook+1","floor":29.0},{"not_picked":["Sucker Punch+1","PiercingWail+1"],"picked":"Prepared+1","floor":31.0},{"not_picked":["Wraith Form v2","Night Terror"],"picked":"Envenom","floor":33},{"not_picked":["Underhanded Strike+1","Slice+1"],"picked":"Heel Hook+1","floor":35},{"not_picked":["Sucker Punch+1","Dagger Throw+1"],"picked":"Calculated Gamble+1","floor":36},{"not_picked":["Masterful Stab+1","Finisher+1"],"picked":"Poisoned Stab+1","floor":38},{"not_picked":["Glass Knife+1","Deflect","Masterful Stab+1"],"picked":"SKIP","floor":41},{"not_picked":["Terror+1","Cloak And Dagger"],"picked":"Distraction+1","floor":42}],"player_experience":575932,"relics_obtained":[{"floor":6.0,"key":"Ancient Tea Set"},{"floor":8.0,"key":"Ninja Scroll"},{"floor":9.0,"key":"Molten Egg 2"},{"floor":11.0,"key":"Dodecahedron"},{"floor":13.0,"key":"Omamori"},{"floor":24.0,"key":"Meat on the Bone"},{"floor":26.0,"key":"Bronze Scales"},{"floor":38,"key":"Tingsha"},{"floor":42,"key":"Bottled Lightning"},{"floor":43,"key":"Anchor"}],"event_choices":[{"cards_removed":["Strike_G"],"damage_healed":0.0,"max_hp_gain":0.0,"max_hp_loss":0.0,"gold_gain":0.0,"event_name":"The Cleric","player_choice":"Card Removal","floor":3.0,"gold_loss":50.0,"damage_taken":0.0},{"cards_removed":["Defend_G"],"damage_healed":0.0,"max_hp_gain":0.0,"max_hp_loss":0.0,"gold_gain":0.0,"event_name":"Designer","player_choice":"Upgrade and Remove","floor":20.0,"gold_loss":90.0,"damage_taken":0.0,"cards_upgraded":["Survivor"]},{"damage_healed":0,"gold_gain":0,"player_choice":"Fight","damage_taken":0,"max_hp_gain":0,"max_hp_loss":0,"event_name":"Mysterious Sphere","floor":38,"gold_loss":0}],"is_beta":false,"boss_relics":[{"not_picked":["Calling Bell","Velvet Choker"],"picked":"Ring of the Serpent"},{"not_picked":["Black Star","White Beast Statue"],"picked":"Pandora\u0027s Box"}],"items_purged_floors":[22],"is_endless":false,"potions_floor_spawned":[1,4,5,6,13,16,18,21,24,33,35,41],"killed_by":"Transient","ascension_level":8}