{"path_per_floor":["M","?","M","$","M","E","?","M","T","R","M","?","R","$","R","B",null,"M","?","M","M","?","R","M","M","T","E","$","R","M","M","R","B",null,"M","?","?","?","M","R","M","R","T","$","M","$","R","M","R","B"],"character_chosen":"DEFECT","items_purchased":["Defragment","Capacitor","Blind","Calipers","DataDisk"],"gold_per_floor":[111,111,121,46,56,82,82,98,124,124,143,318,318,84,84,181,181,193,223,239,255,255,255,269,284,284,317,217,217,233,253,253,357,357,370,419,641,641,659,659,673,673,673,237,255,109,109,119,119,119],"floor_reached":51,"campfire_rested":4,"playtime":2763,"current_hp_per_floor":[75,63,63,63,63,48,48,45,45,45,45,45,45,45,45,29,75,75,61,40,24,24,46,46,10,10,37,37,59,59,54,75,59,75,75,67,67,67,64,64,60,60,60,60,58,58,58,58,75,69],"items_purged":["Doubt","Strike_B","Defend_B"],"gold":119,"score":694,"play_id":"0e66951c-2136-4a8f-a757-31b761cf2f59","local_time":"20180505133442","is_prod":false,"is_daily":false,"chose_seed":false,"is_ascension_mode":false,"campfire_upgraded":6,"timestamp":1525545282,"path_taken":["M","?","M","$","M","E","?","?","T","R","M","?","R","$","R","BOSS","M","?","M","?","?","R","M","M","T","E","$","R","M","M","R","BOSS","M","?","?","?","?","R","M","R","T","$","M","$","R","M","R","BOSS"],"build_version":"2018-05-03","seed_source_timestamp":1678508434047319,"purchased_purges":4,"victory":true,"master_deck":["Strike_B","Strike_B","Defend_B","Defend_B","Defend_B","Zap","Dualcast+1","Melter","Beam Cell+1","Defragment+1","Go for the Eyes","Barrage+1","Capacitor","Blind+1","Redo","Ball Lightning+1","Consume+1","Capacitor","Darkness","Cold Snap+1","Static Discharge+1","Sweeping Beam+1","Rainbow+1","Leap+1","Defragment+1","Glacier+1","Undo+1","Stack+1"],"max_hp_per_floor":[75,75,75,75,75,75,75,75,75,75,75,75,75,75,75,75,75,75,75,75,75,75,75,75,75,75,75,75,75,75,75,75,75,75,75,75,75,75,75,75,75,75,75,75,75,75,75,75,75,75],"relics":["Cracked Core","Bag of Preparation","Orichalcum","Anchor","Lizard Tail","Red Mask","Emotion Chip","Cables","Inserter","Sundial","Darkstone Periapt","Calipers","DataDisk"],"card_choices":[{"not_picked":["Hologram","Scrape"],"picked":"Melter","floor":1.0},{"not_picked":["Axe Kick","Stack"],"picked":"Beam Cell","floor":3.0},{"not_picked":["Hello World","Steam Power"],"picked":"Go for the Eyes","floor":5.0},{"not_picked":["Sweeping Beam","Skim"],"picked":"Barrage","floor":11.0},{"not_picked":["Nova","Rainbow"],"picked":"Redo","floor":16.0},{"not_picked":["Coolheaded","Sweeping Beam"],"picked":"Ball Lightning","floor":18.0},{"not_picked":["Streamline","Reprogram"],"picked":"Consume","floor":19.0},{"not_picked":["Genetic Algorithm","Leap"],"picked":"Capacitor","floor":20.0},{"not_picked":["Redo","Cold Snap"],"picked":"Darkness","floor":24.0},{"not_picked":["Barrage","Aggregate"],"picked":"Cold Snap","floor":25.0},{"not_picked":["Skim","Impulse"],"picked":"Static Discharge","floor":27.0},{"not_picked":["Skim","Impulse"],"picked":"Sweeping Beam","floor":30.0},{"not_picked":["Hyperbeam","Amplify"],"picked":"Rainbow","floor":33.0},{"not_picked":["Capacitor","Go for the Eyes"],"picked":"Leap","floor":35},{"not_picked":["Reinforced Body","Skim"],"picked":"Defragment","floor":36},{"not_picked":["Creative AI","Barrage"],"picked":"Glacier","floor":39},{"not_picked":["Go for the Eyes","Axe Kick"],"picked":"Undo","floor":41},{"not_picked":["Impulse","Beam Cell"],"picked":"Stack","floor":45}],"player_experience":42094,"potions_floor_usage":[35],"damage_taken":[{"damage":0.0,"enemies":"Small Slimes","floor":1.0,"turns":2.0},{"damage":0.0,"enemies":"2 Louse","floor":3.0,"turns":1.0},{"damage":0.0,"enemies":"Cultist","floor":5.0,"turns":2.0},{"damage":15.0,"enemies":"3 Sentries","floor":6.0,"turns":7.0},{"damage":3.0,"enemies":"Exordium Wildlife","floor":8.0,"turns":4.0},{"damage":0.0,"enemies":"Looter","floor":11.0,"turns":2.0},{"damage":16.0,"enemies":"Hexaghost","floor":16.0,"turns":8.0},{"damage":0.0,"enemies":"Spheric Guardian","floor":18.0,"turns":1.0},{"damage":14.0,"enemies":"Masked Bandits","floor":19.0,"turns":5.0},{"damage":21.0,"enemies":"2 Thieves","floor":20.0,"turns":4.0},{"damage":16.0,"enemies":"Centurion and Healer","floor":21.0,"turns":8.0},{"damage":0.0,"enemies":"Snake Plant","floor":24.0,"turns":3.0},{"damage":36.0,"enemies":"3 Cultists","floor":25.0,"turns":5.0},{"damage":13.0,"enemies":"Slavers","floor":27.0,"turns":7.0},{"damage":0.0,"enemies":"Sentry and Sphere","floor":30.0,"turns":3.0},{"damage":5.0,"enemies":"Snake Plant","floor":31.0,"turns":3.0},{"damage":16.0,"enemies":"Collector","floor":33.0,"turns":6.0},{"damage":0,"enemies":"Orb Walker","floor":35,"turns":3},{"damage":8,"enemies":"Mysterious Sphere","floor":36,"turns":4},{"damage":3,"enemies":"3 Shapes","floor":39,"turns":6},{"damage":4,"enemies":"Sphere and 2 Shapes","floor":41,"turns":3},{"damage":8,"enemies":"Spire Growth","floor":45,"turns":4},{"damage":19,"enemies":"3 Darklings","floor":48,"turns":3},{"damage":6,"enemies":"Time Eater","floor":50,"turns":11}],"event_choices":[{"event_name":"Scrap Ooze","player_choice":"success","floor":2.0,"damage_taken":12.0},{"event_name":"Living Wall","player_choice":"Grow","floor":7.0,"damage_taken":0.0},{"event_name":"Liars Game","player_choice":"agreed","floor":12.0,"damage_taken":0.0},{"event_name":"Masked Bandits","player_choice":"Fought over 193 gold","floor":19.0,"damage_taken":0.0},{"event_name":"Purifier","player_choice":"One Purge","floor":22.0,"damage_taken":0.0},{"event_name":"Mysterious Sphere","player_choice":"Fight","floor":36,"damage_taken":0},{"event_name":"Tomb of Lord Red Mask","player_choice":"Wore Mask","floor":37,"damage_taken":0},{"event_name":"SecretPortal","player_choice":"Rejected Portal.","floor":38,"damage_taken":0}],"boss_relics":[],"potions_floor_spawned":[1,8,11,19,20,21,27,30,33,35,39,41,48],"seed_played":"-171282095239139792","ascension_level":0,"is_trial":false}