{"gold_per_floor":[111,111,126,126,1,34,34,44,44,64,78,93,127,147,147,246,246,257,270,43,43,57,86,86,98,98,98,112,112,112,125,125,125],"floor_reached":33,"playtime":1189,"items_purged":["Strike_G"],"score":331,"play_id":"b1752b7a-0f20-4c51-8523-722cd42d3b81","local_time":"20190317183536","is_ascension_mode":false,"campfire_choices":[{"data":"Neutralize","floor":7,"key":"SMITH"},{"floor":15,"key":"REST"},{"floor":24,"key":"REST"},{"floor":29,"key":"REST"},{"floor":32,"key":"REST"}],"neow_cost":"NONE","seed_source_timestamp":237509713474032,"circlet_count":0,"master_deck":["Defend_G","Defend_G","Defend_G","Defend_G","Defend_G","Survivor","Neutralize+1","Dagger Spray","Noxious Fumes","Slice","Slice","Flying Knee","Riddle With Holes","Dagger Throw","Blade Dance","Blade Dance","Deflect","Unload","Noxious Fumes+1","Accuracy","Cloak And Dagger+1","Bite","Bite","Bite","Bite","Bite","Backstab","Blade Dance"],"relics":["Ring of the Snake","NeowsBlessing","Peace Pipe","Mango","StoneCalendar","Fusion Hammer","Pen Nib","Question Card","Ginger","Singing Bowl"],"potions_floor_usage":[10,13,23,28],"damage_taken":[{"damage":0,"enemies":"2 Louse","floor":1,"turns":1},{"damage":0,"enemies":"Cultist","floor":3,"turns":1},{"damage":0,"enemies":"Gremlin Nob","floor":6,"turns":1},{"damage":0,"enemies":"Small Slimes","floor":8,"turns":3},{"damage":1,"enemies":"Gremlin Gang","floor":10,"turns":3},{"damage":0,"enemies":"Looter","floor":11,"turns":2},{"damage":4,"enemies":"Blue Slaver","floor":12,"turns":2},{"damage":22,"enemies":"Lagavulin","floor":13,"turns":7},{"damage":4,"enemies":"Large Slime","floor":14,"turns":6},{"damage":36,"enemies":"The Guardian","floor":16,"turns":10},{"damage":1,"enemies":"3 Byrds","floor":18,"turns":4},{"damage":17,"enemies":"Shell Parasite","floor":19,"turns":5},{"damage":6,"enemies":"Centurion and Healer","floor":22,"turns":5},{"damage":37,"enemies":"Gremlin Leader","floor":23,"turns":7},{"damage":18,"enemies":"Snecko","floor":25,"turns":5},{"damage":27,"enemies":"Sentry and Sphere","floor":28,"turns":5},{"damage":18,"enemies":"Centurion and Healer","floor":31,"turns":5},{"damage":66,"enemies":"Champ","floor":33,"turns":9}],"seed_played":"-3369027233658387500","potions_obtained":[{"floor":1,"key":"Explosive Potion"},{"floor":6,"key":"AttackPotion"},{"floor":10,"key":"SkillPotion"},{"floor":14,"key":"SpeedPotion"},{"floor":16,"key":"SpeedPotion"},{"floor":19,"key":"PowerPotion"},{"floor":23,"key":"Strength Potion"}],"is_trial":false,"path_per_floor":["?","?","M","$","T","?","?"],"character_chosen":"THE_SILENT","items_purchased":["Slice","Accuracy","Pen Nib"],"campfire_rested":4,"item_purchase_floors":[5,20,20],"current_hp_per_floor":[70,70,70,70,70,70,70,70,84,83,83,79,57,53,78,42,84,83,66,66,66,60,23,48,30,30,30,15,33,33,21,39,0],"gold":125,"neow_bonus":"THREE_ENEMY_KILL","is_prod":false,"is_daily":false,"chose_seed":false,"campfire_upgraded":1,"win_rate":0,"timestamp":1552844136,"path_taken":["M","?","M","?","$","E","R","M","T","M","M","M","E","M","R","BOSS","M","?","?","?","M","E","R","M","T","?","M","R","?","M","R","BOSS"],"build_version":"2019-01-23","purchased_purges":1,"victory":false,"max_hp_per_floor":[70,70,70,70,70,70,70,70,84,84,84,84,84,84,84,84,84,84,84,84,84,84,84,84,84,84,58,60,60,60,60,60,60],"card_choices":[{"not_picked":["Choke","Crippling Poison"],"picked":"Dagger Spray","floor":1},{"not_picked":["Predator","Bane"],"picked":"Noxious Fumes","floor":3},{"not_picked":["Dodge and Roll","All Out Attack"],"picked":"Slice","floor":6},{"not_picked":["PiercingWail","Leg Sweep"],"picked":"Flying Knee","floor":8},{"not_picked":["Backflip","Outmaneuver"],"picked":"Riddle With Holes","floor":10},{"not_picked":["Flechettes","Acrobatics"],"picked":"Dagger Throw","floor":11},{"not_picked":["Flying Knee","Cloak And Dagger"],"picked":"Blade Dance","floor":12},{"not_picked":["Flying Knee","Expertise"],"picked":"Blade Dance","floor":13},{"not_picked":["Wraith Form v2","Poisoned Stab"],"picked":"Deflect","floor":14},{"not_picked":["Malaise","Phantasmal Killer"],"picked":"Unload","floor":16},{"not_picked":["Dodge and Roll+1","Sucker Punch+1","Leg Sweep+1"],"picked":"SKIP","floor":18},{"not_picked":["Dagger Throw","Prepared"],"picked":"Noxious Fumes+1","floor":19},{"not_picked":["Deadly Poison+1","Outmaneuver+1","Predator","Venomology"],"picked":"SKIP","floor":22},{"not_picked":["Concentrate+1","Well Laid Plans","Blade Dance"],"picked":"Cloak And Dagger+1","floor":23},{"not_picked":["Flying Knee","Dagger Throw","Sucker Punch","Dodge and Roll"],"picked":"SKIP","floor":25},{"not_picked":["Prepared","Malaise","Slice+1","Backflip+1"],"picked":"Singing Bowl","floor":28},{"not_picked":["Flying Knee","Terror","PiercingWail"],"picked":"Blade Dance","floor":31}],"player_experience":369645,"relics_obtained":[{"floor":6,"key":"Peace Pipe"},{"floor":9,"key":"Mango"},{"floor":13,"key":"StoneCalendar"},{"floor":21,"key":"Question Card"},{"floor":23,"key":"Ginger"},{"floor":26,"key":"Singing Bowl"}],"event_choices":[{"damage_healed":0,"gold_gain":0,"cards_transformed":["Strike_G"],"player_choice":"Change","damage_taken":0,"max_hp_gain":0,"max_hp_loss":0,"event_name":"Living Wall","floor":2,"gold_loss":0,"cards_obtained":["Eviscerate"]},{"cards_removed":["Eviscerate"],"damage_healed":0,"gold_gain":0,"player_choice":"Offered Uncommon","damage_taken":0,"max_hp_gain":0,"max_hp_loss":0,"event_name":"Bonfire Elementals","floor":4,"gold_loss":0},{"damage_healed":0,"gold_gain":0,"player_choice":"Became a vampire","damage_taken":0,"max_hp_gain":0,"max_hp_loss":26,"event_name":"Vampires","floor":27,"gold_loss":0,"cards_obtained":["Bite","Bite","Bite","Bite","Bite"]},{"damage_healed":0,"gold_gain":0,"player_choice":"1 cards matched","damage_taken":0,"max_hp_gain":0,"max_hp_loss":0,"event_name":"Match and Keep!","floor":30,"gold_loss":0,"cards_obtained":["Backstab"]}],"is_beta":false,"boss_relics":[{"not_picked":["Cursed Key","Calling Bell"],"picked":"Fusion Hammer"}],"items_purged_floors":[5],"is_endless":false,"potions_floor_spawned":[1,6,10,14,16,19,23],"killed_by":"Champ","ascension_level":0}