{"gold_per_floor":[116,129,148,148,162,162,188,188,188,188,188,188,202,202,202,302,302,316,316,37,47,47,47],"floor_reached":23,"playtime":1037,"items_purged":["Writhe"],"score":284,"play_id":"6e309e75-2265-4867-a2bd-bfbf1cf9c046","local_time":"20180828132804","is_ascension_mode":true,"campfire_choices":[{"data":"Dualcast","floor":6.0,"key":"SMITH"},{"data":"Zap","floor":8.0,"key":"SMITH"},{"data":"Glacier","floor":10.0,"key":"SMITH"},{"data":"Redo","floor":12.0,"key":"SMITH"},{"floor":15.0,"key":"REST"}],"neow_cost":"PERCENT_DAMAGE","seed_source_timestamp":786390425731254,"circlet_count":0,"master_deck":["Strike_B","Defend_B","Defend_B","Zap+1","Dualcast+1","AscendersBane","Skim","Ball Lightning","Cold Snap","Glacier+1","Seek","Beam Cell+1","Redo+1","Self Repair","Meteor Strike+1","Steam+1","Tempest+1","Aggregate+1","Fusion","Go for the Eyes+1","Fusion"],"special_seed":0,"relics":["Cracked Core","Oddly Smooth Stone","Orichalcum","Astrolabe","Symbiotic Virus","Whetstone"],"potions_floor_usage":[],"damage_taken":[{"damage":6.0,"enemies":"2 Louse","floor":1.0,"turns":2.0},{"damage":0.0,"enemies":"Cultist","floor":2.0,"turns":3.0},{"damage":7.0,"enemies":"Small Slimes","floor":3.0,"turns":2.0},{"damage":3.0,"enemies":"Blue Slaver","floor":5.0,"turns":3.0},{"damage":12.0,"enemies":"3 Sentries","floor":7.0,"turns":8.0},{"damage":0.0,"enemies":"3 Louse","floor":13.0,"turns":3.0},{"damage":37.0,"enemies":"Hexaghost","floor":16.0,"turns":14.0},{"damage":21,"enemies":"3 Byrds","floor":18,"turns":5},{"damage":6,"enemies":"Shell Parasite","floor":21,"turns":5},{"damage":56,"enemies":"Gremlin Leader","floor":23,"turns":8}],"seed_played":"-7039265672199500614","potions_obtained":[{"floor":1.0,"key":"Poison Potion"},{"floor":13.0,"key":"SkillPotion"}],"is_trial":false,"path_per_floor":["M","M","M","?","M","R","E","R","T","R","?","R","M","?","R","B",null,"M","?","$","M","$"],"character_chosen":"DEFECT","items_purchased":["Go for the Eyes","Whetstone"],"campfire_rested":1,"item_purchase_floors":[20,20],"current_hp_per_floor":[44,44,37,37,34,34,22,22,22,22,27,27,27,27,51,21,65,51,51,51,52,52,0],"gold":47,"neow_bonus":"TRANSFORM_TWO_CARDS","is_prod":false,"is_daily":false,"chose_seed":false,"campfire_upgraded":4,"win_rate":0,"timestamp":1535484484,"path_taken":["M","M","M","?","M","R","E","R","T","R","?","R","M","?","R","BOSS","M","?","$","M","$","E"],"build_version":"2018-08-23v2","purchased_purges":1,"victory":false,"max_hp_per_floor":[75,75,75,75,75,75,75,75,75,75,80,80,80,80,80,80,80,80,80,80,80,80,80],"card_choices":[{"not_picked":["FTL","Barrage"],"picked":"Cold Snap","floor":1.0},{"not_picked":["Hologram","Aggregate"],"picked":"Glacier","floor":2.0},{"not_picked":["Steam Power","Stack"],"picked":"Seek","floor":3.0},{"not_picked":["Rebound","Sweeping Beam"],"picked":"Beam Cell","floor":5.0},{"not_picked":["Steam","FTL"],"picked":"Redo","floor":7.0},{"not_picked":["Darkness","Barrage"],"picked":"Self Repair","floor":13.0},{"not_picked":["Multi-Cast","Amplify"],"picked":"Meteor Strike","floor":16.0},{"not_picked":["Steam+1","Cold Snap"],"picked":"Fusion","floor":18},{"not_picked":["Redo","FTL+1"],"picked":"Fusion","floor":21}],"player_experience":431153,"relics_obtained":[{"floor":7.0,"key":"Oddly Smooth Stone"},{"floor":9.0,"key":"Orichalcum"}],"event_choices":[{"event_name":"The Woman in Blue","player_choice":"Bought 0 Potions","floor":4.0,"damage_taken":0.0},{"event_name":"Big Fish","player_choice":"Donut","floor":11.0,"damage_taken":0.0},{"event_name":"Upgrade Shrine","player_choice":"Upgraded","floor":14.0,"damage_taken":0.0},{"event_name":"The Mausoleum","player_choice":"Yes","floor":19,"damage_taken":0}],"is_beta":false,"boss_relics":[{"not_picked":["Snecko Eye","Pandora\u0027s Box"],"picked":"Astrolabe"}],"items_purged_floors":[20],"is_endless":false,"potions_floor_spawned":[1,13],"killed_by":"Gremlin Leader","ascension_level":10}