{"gold_per_floor":[117,117,117,127,0,0,29,29,106,56,68,95,105,123,123,196,196,212,229,245,245],"floor_reached":21,"playtime":1085,"items_purged":["Strike_R"],"score":356,"play_id":"471c3589-5133-4942-a337-377e193d1047","local_time":"20190318174937","is_ascension_mode":true,"campfire_choices":[{"data":"Armaments","floor":8.0,"key":"SMITH"},{"data":"Body Slam","floor":15.0,"key":"SMITH"}],"neow_cost":"NONE","seed_source_timestamp":281830965622222,"circlet_count":0,"master_deck":["AscendersBane","Strike_R","Strike_R","Strike_R","Defend_R","Defend_R","Defend_R","Defend_R","Bash","Whirlwind","Barricade","Battle Trance","Madness","Wild Strike","Body Slam","Armaments+1","Shrug It Off","Headbutt","Wild Strike","Body Slam+1","Juggernaut","Impervious","Disarm"],"special_seed":0,"relics":["Black Blood","NeowsBlessing","Paper Frog","Meat on the Bone","Darkstone Periapt","Omamori"],"potions_floor_usage":[21],"damage_taken":[{"damage":0.0,"enemies":"Small Slimes","floor":1.0,"turns":2.0},{"damage":0.0,"enemies":"Cultist","floor":4.0,"turns":1.0},{"damage":0.0,"enemies":"3 Sentries","floor":7.0,"turns":2.0},{"damage":9.0,"enemies":"Jaw Worm","floor":11.0,"turns":3.0},{"damage":22.0,"enemies":"Lagavulin","floor":12.0,"turns":4.0},{"damage":11.0,"enemies":"2 Fungi Beasts","floor":13.0,"turns":4.0},{"damage":0.0,"enemies":"3 Louse","floor":14.0,"turns":1.0},{"damage":26.0,"enemies":"Hexaghost","floor":16.0,"turns":9.0},{"damage":44.0,"enemies":"2 Thieves","floor":18.0,"turns":3.0},{"damage":34.0,"enemies":"Chosen","floor":19.0,"turns":6.0},{"damage":28.0,"enemies":"Centurion and Healer","floor":20.0,"turns":10.0},{"damage":45,"enemies":"Snecko","floor":21,"turns":6}],"seed_played":"9018955488131329954","potions_obtained":[{"floor":1.0,"key":"AttackPotion"},{"floor":4.0,"key":"Ancient Potion"},{"floor":12.0,"key":"SteroidPotion"},{"floor":18.0,"key":"AttackPotion"}],"is_trial":false,"path_per_floor":["M","$","?","M","$","?","E","R","T","?","M","E","M","M","R","B",null,"M","M","M","M"],"character_chosen":"IRONCLAD","items_purchased":["Armaments"],"campfire_rested":0,"item_purchase_floors":[5],"current_hp_per_floor":[78,78,78,80,80,77,80,80,80,80,77,61,56,62,62,54,74,52,40,34,0],"gold":245,"neow_bonus":"THREE_ENEMY_KILL","is_prod":false,"is_daily":false,"chose_seed":false,"campfire_upgraded":2,"win_rate":0,"timestamp":1552898977,"path_taken":["M","$","?","M","?","?","E","R","T","?","M","E","M","M","R","BOSS","M","M","M","M"],"build_version":"2019-01-23","purchased_purges":1,"victory":false,"max_hp_per_floor":[80,80,80,80,80,80,80,80,80,80,80,80,80,80,80,80,80,80,80,80,80],"card_choices":[{"not_picked":["Second Wind","Twin Strike"],"picked":"Whirlwind","floor":1.0},{"not_picked":["Spot Weakness","Armaments"],"picked":"Body Slam","floor":4.0},{"not_picked":["Iron Wave","Flex","Whirlwind"],"picked":"SKIP","floor":7.0},{"not_picked":["Warcry","Cleave"],"picked":"Shrug It Off","floor":11.0},{"not_picked":["Heavy Blade","Clash"],"picked":"Headbutt","floor":12.0},{"not_picked":["Dual Wield","Limit Break"],"picked":"Wild Strike","floor":13.0},{"not_picked":["Bloodletting","Headbutt"],"picked":"Body Slam","floor":14.0},{"not_picked":["Limit Break","Bludgeon"],"picked":"Juggernaut","floor":16.0},{"not_picked":["Headbutt","Havoc","Wild Strike+1"],"picked":"SKIP","floor":18.0},{"not_picked":["Battle Trance+1","Intimidate"],"picked":"Impervious","floor":19.0},{"not_picked":["Spot Weakness","Rage"],"picked":"Disarm","floor":20.0}],"player_experience":419460,"relics_obtained":[{"floor":7.0,"key":"Meat on the Bone"},{"floor":9.0,"key":"Darkstone Periapt"},{"floor":12.0,"key":"Omamori"}],"event_choices":[{"damage_healed":0.0,"max_hp_gain":0.0,"max_hp_loss":0.0,"gold_gain":0.0,"event_name":"Match and Keep!","player_choice":"4 cards matched","floor":3.0,"gold_loss":0.0,"damage_taken":0.0,"cards_obtained":["Barricade","Battle Trance","Madness","Wild Strike"]},{"damage_healed":0.0,"max_hp_gain":0.0,"max_hp_loss":0.0,"gold_gain":0.0,"event_name":"Scrap Ooze","player_choice":"Success","floor":6.0,"gold_loss":0.0,"damage_taken":3.0,"relics_obtained":["Paper Frog"]},{"cards_removed":["Strike_R"],"damage_healed":0.0,"max_hp_gain":0.0,"max_hp_loss":0.0,"gold_gain":0.0,"event_name":"The Cleric","player_choice":"Card Removal","floor":10.0,"gold_loss":50.0,"damage_taken":0.0}],"is_beta":false,"boss_relics":[{"not_picked":["Runic Cube","Velvet Choker"],"picked":"Black Blood"}],"items_purged_floors":[5],"is_endless":false,"potions_floor_spawned":[1,4,12,13,18],"killed_by":"Snecko","ascension_level":13}