{"gold_per_floor":[118,118,118,118,138,138,158,158,182,193,193,46,46,46,46,142,142,159,159,177,139,139,154,104,104,104,120,120,138,138,0,0,97,97,108,108,0,0,0,13,13,13,13,30,30,30,57,73,73,73],"floor_reached":51,"playtime":2964,"items_purged":["Regret"],"score":636,"play_id":"759664a7-4e38-45f3-8f26-4fee33f4c083","local_time":"20180912232211","is_ascension_mode":false,"campfire_choices":[{"data":"Genetic Algorithm","floor":6,"key":"SMITH"},{"data":"Zap","floor":8,"key":"SMITH"},{"data":"Beam Cell","floor":13,"key":"SMITH"},{"floor":15,"key":"REST"},{"data":"Self Repair","floor":25,"key":"SMITH"},{"floor":28,"key":"REST"},{"data":"Seek","floor":30,"key":"SMITH"},{"data":"Storm","floor":32,"key":"SMITH"},{"data":"Creative AI","floor":41,"key":"SMITH"},{"floor":49,"key":"REST"}],"neow_cost":"","seed_source_timestamp":282020711735093,"circlet_count":0,"master_deck":["Strike_B","Defend_B","Defend_B","Defend_B","Zap+1","Dualcast","Genetic Algorithm+1","Beam Cell+1","Skim","Sweeping Beam","Melter","Seek+1","Leap","Self Repair+1","Storm+1","Necronomicurse","Glacier","Streamline","Capacitor+1","Storm+1","Creative AI+1","Fusion+1","Coolheaded+1","Thinking Ahead","Coolheaded+1","BootSequence","Leap+1"],"relics":["Cracked Core","Strawberry","Blood Vial","Letter Opener","Cursed Key","Necronomicon","Empty Cage","Red Mask","FossilizedHelix","Dodecahedron"],"potions_floor_usage":[47,48,50],"damage_taken":[{"damage":6,"enemies":"Jaw Worm","floor":1,"turns":3},{"damage":7,"enemies":"2 Louse","floor":5,"turns":3},{"damage":2,"enemies":"Small Slimes","floor":7,"turns":3},{"damage":10,"enemies":"3 Louse","floor":10,"turns":3},{"damage":65,"enemies":"Slime Boss","floor":16,"turns":10},{"damage":0,"enemies":"Shell Parasite","floor":18,"turns":3},{"damage":0,"enemies":"Chosen","floor":20,"turns":4},{"damage":18,"enemies":"3 Cultists","floor":23,"turns":5},{"damage":6,"enemies":"Shelled Parasite and Fungi","floor":27,"turns":5},{"damage":3,"enemies":"Centurion and Healer","floor":29,"turns":7},{"damage":76,"enemies":"Collector","floor":33,"turns":15},{"damage":15,"enemies":"Orb Walker","floor":35,"turns":3},{"damage":0,"enemies":"3 Shapes","floor":40,"turns":4},{"damage":1,"enemies":"Transient","floor":44,"turns":5},{"damage":0,"enemies":"Mind Bloom Boss Battle","floor":45,"turns":6},{"damage":49,"enemies":"Giant Head","floor":47,"turns":9},{"damage":2,"enemies":"3 Darklings","floor":48,"turns":5},{"damage":69,"enemies":"Time Eater","floor":50,"turns":11}],"seed_played":"7876882605212195636","potions_obtained":[{"floor":1,"key":"SpeedPotion"},{"floor":5,"key":"SpeedPotion"},{"floor":16,"key":"PowerPotion"},{"floor":20,"key":"Weak Potion"},{"floor":33,"key":"Swift Potion"},{"floor":44,"key":"PowerPotion"},{"floor":48,"key":"GamblersBrew"}],"is_trial":false,"path_per_floor":["M","?","?","?","M","R","M","R","T","M","?","$","R","$","R","B",null,"M","?","M","$","?","M","$","R","T","M","R","M","R","?","R","B",null,"M","$","?","$","?","M","R","?","T","M","?","$","E","M","R","B"],"character_chosen":"DEFECT","items_purchased":["Melter","Storm","Streamline"],"campfire_rested":3,"item_purchase_floors":[12,21,24],"current_hp_per_floor":[69,69,69,62,55,55,53,53,53,45,45,45,45,45,69,6,82,82,66,68,68,52,43,43,43,43,49,75,84,84,84,84,20,87,82,82,82,82,82,87,87,87,87,87,87,87,48,58,84,17],"gold":73,"neow_bonus":"","is_prod":false,"is_daily":false,"chose_seed":false,"campfire_upgraded":7,"win_rate":0.0,"timestamp":1536787331,"path_taken":["M","?","?","?","M","R","M","R","T","M","?","$","R","$","R","BOSS","M","?","M","$","?","M","$","R","T","M","R","M","R","?","R","BOSS","M","$","?","$","?","?","R","?","T","M","?","$","E","M","R","BOSS"],"build_version":"2018-09-10","purchased_purges":1,"victory":true,"max_hp_per_floor":[75,82,82,82,82,82,82,82,82,82,82,82,82,82,82,82,82,82,87,87,87,87,87,87,87,87,87,87,87,87,87,87,87,87,87,87,87,87,87,87,87,87,87,87,87,87,87,87,87,87],"card_choices":[{"not_picked":["Darkness","Gash"],"picked":"Genetic Algorithm","floor":1},{"not_picked":["Fusion","Conserve Battery"],"picked":"Beam Cell","floor":5},{"not_picked":["Chill","Fusion"],"picked":"Skim","floor":7},{"not_picked":["Auto Shields","Hello World"],"picked":"Sweeping Beam","floor":10},{"not_picked":["Thunder Strike","Machine Learning"],"picked":"Seek","floor":16},{"not_picked":["Steam","Gash"],"picked":"Leap","floor":18},{"not_picked":["Gash","Rip and Tear"],"picked":"Self Repair","floor":20},{"not_picked":["Streamline","Steam+1"],"picked":"Glacier","floor":23},{"not_picked":["Ball Lightning","Compile Driver+1"],"picked":"Capacitor+1","floor":27},{"not_picked":["Sweeping Beam","Seek"],"picked":"Storm+1","floor":29},{"not_picked":["Buffer","Amplify"],"picked":"Creative AI","floor":33},{"not_picked":["Steam+1","Sweeping Beam"],"picked":"Fusion+1","floor":35},{"not_picked":["Stack+1","Barrage"],"picked":"Coolheaded+1","floor":40},{"not_picked":["Secret Weapon","Panacea"],"picked":"Thinking Ahead","floor":42},{"not_picked":["Skim+1","Sweeping Beam+1"],"picked":"Coolheaded+1","floor":44},{"not_picked":["Auto Shields","Chaos+1"],"picked":"BootSequence","floor":47},{"not_picked":["Rip and Tear+1","Tempest"],"picked":"Leap+1","floor":48}],"player_experience":7016,"relics_obtained":[{"floor":9,"key":"Blood Vial"},{"floor":22,"key":"Necronomicon"},{"floor":45,"key":"FossilizedHelix"},{"floor":47,"key":"Dodecahedron"}],"event_choices":[{"event_name":"Scrap Ooze","player_choice":"success","floor":2,"damage_taken":7},{"event_name":"Living Wall","player_choice":"Forget","floor":3,"damage_taken":0},{"event_name":"Golden Wing","player_choice":"Card Removal","floor":4,"damage_taken":0},{"event_name":"Big Fish","player_choice":"Box","floor":11,"damage_taken":0},{"event_name":"Forgotten Altar","player_choice":"Shed Blood","floor":19,"damage_taken":0},{"event_name":"Cursed Tome","player_choice":"Obtained Book","floor":22,"damage_taken":0},{"event_name":"Masked Bandits","player_choice":"Paid Fearfully","floor":31,"damage_taken":0},{"event_name":"Tomb of Lord Red Mask","player_choice":"Paid","floor":37,"damage_taken":0},{"event_name":"Mysterious Sphere","player_choice":"Ignore","floor":39,"damage_taken":0},{"event_name":"SensoryStone","player_choice":"Memory 1","floor":42,"damage_taken":0},{"event_name":"MindBloom","player_choice":"Fight","floor":45,"damage_taken":0}],"is_beta":true,"boss_relics":[{"not_picked":["Astrolabe","Calling Bell"],"picked":"Cursed Key"},{"not_picked":["Runic Pyramid","Orrery"],"picked":"Empty Cage"}],"items_purged_floors":[12],"is_endless":false,"potions_floor_spawned":[1,5,16,20,33,44,48],"ascension_level":0}