{"path_per_floor":["M","?","$","?","M","R","E","?","T","M","R","M","R","M","R","B",null,"M","?","$","M","M","E","R","?","T","M","?","R","?","M","R","B",null,"M","$","?","M","?","R","?","R","T","M","M","?","$","M","R","B"],"character_chosen":"DEFECT","items_purchased":["Chaos","Jack Of All Trades","Darkstone Periapt","Purity","Regen Potion","Energy Potion","Streamline"],"gold_per_floor":[119,119,44,44,63,63,92,92,145,161,161,177,177,187,187,289,289,305,305,125,135,150,180,180,206,206,219,219,219,219,237,237,339,339,357,17,17,28,73,73,73,73,73,89,105,327,81,96,96,96],"floor_reached":51,"campfire_rested":3,"playtime":3248,"current_hp_per_floor":[65,65,65,65,67,67,45,45,45,47,47,44,66,67,67,37,75,75,75,75,65,59,69,69,53,63,28,28,55,55,74,74,92,92,79,79,79,86,88,88,88,88,94,87,77,77,77,36,65,8],"items_purged":["Defend_B","Writhe"],"gold":96,"score":690,"play_id":"61d82559-e6f7-4393-8e7f-057aeef73dda","local_time":"20180428192429","is_prod":false,"is_daily":false,"chose_seed":false,"is_ascension_mode":false,"campfire_upgraded":5,"timestamp":1524961469,"path_taken":["M","?","$","?","M","R","E","?","T","?","R","M","R","M","R","BOSS","M","?","$","?","M","E","R","?","T","M","?","R","?","M","R","BOSS","M","$","?","?","?","R","?","R","T","M","M","?","$","M","R","BOSS"],"build_version":"2018-04-27v3","seed_source_timestamp":1094315405544216,"purchased_purges":3,"victory":true,"master_deck":["Strike_B+1","Strike_B+1","Strike_B+1","Strike_B+1","Defend_B+1","Defend_B+1","Defend_B+1","Zap","Dualcast+1","Meteor Strike","Self Repair","Chaos+1","Impulse","Madness","Echo Form","Double Energy+1","Melter","White Noise","Auto Shields","Buffer+1","Seek","Jack Of All Trades+1","Ball Lightning","Rip and Tear","Tempest","Capacitor","Cold Snap+1","Streamline+1","Rainbow","Stack+1","Purity","Finesse","Zap","Redo","Doom and Gloom+1","Meteor Strike","Tempest","Streamline","Reboot"],"max_hp_per_floor":[75,75,75,75,75,75,75,75,75,75,75,75,75,75,75,75,75,75,75,75,75,75,82,82,82,92,92,92,92,92,92,92,92,92,92,92,92,92,92,92,92,92,98,98,98,98,98,98,98,98],"relics":["Cracked Core","Ornamental Fan","Pen Nib","Snecko Eye","Pantograph","Strawberry","Red Mask","Pear","Cursed Key","Darkstone Periapt","Girya","Ancient Tea Set"],"card_choices":[{"not_picked":["Loop","Chaos"],"picked":"Self Repair","floor":1},{"not_picked":["Turbo","Barrage"],"picked":"Double Energy","floor":5},{"not_picked":["Leap","Impulse"],"picked":"Melter","floor":7},{"not_picked":["Storm","Sunder"],"picked":"White Noise","floor":10},{"not_picked":["Ball Lightning","Storm"],"picked":"Auto Shields","floor":12},{"not_picked":["Rebound","Self Repair"],"picked":"Buffer","floor":14},{"not_picked":["Prime","All For One"],"picked":"Seek","floor":16},{"not_picked":["Reprogram","Leap"],"picked":"Ball Lightning","floor":21},{"not_picked":["Rebound","Heatsinks"],"picked":"Rip and Tear","floor":22},{"not_picked":["Leap","Darkness"],"picked":"Tempest","floor":23},{"not_picked":["Heatsinks","Skim"],"picked":"Capacitor","floor":25},{"not_picked":["Impulse","Beam Cell"],"picked":"Cold Snap","floor":27},{"not_picked":["Reprogram","Undo"],"picked":"Streamline","floor":31},{"not_picked":["All For One","Meteor Strike"],"picked":"Rainbow","floor":33},{"not_picked":["Leap","Coolheaded"],"picked":"Stack","floor":35},{"not_picked":["Static Discharge","Steam Power"],"picked":"Redo","floor":38},{"not_picked":["Cold Snap","Beam Cell"],"picked":"Doom and Gloom","floor":39},{"not_picked":["Rebound","Leap"],"picked":"Tempest","floor":45},{"not_picked":["Capacitor","Turbo"],"picked":"Reboot","floor":48}],"player_experience":7102,"potions_floor_usage":[14,23,23,31,33,35,44,44,50,50],"damage_taken":[{"damage":10,"enemies":"Jaw Worm","floor":1,"turns":4},{"damage":5,"enemies":"Cultist","floor":5,"turns":4},{"damage":29,"enemies":"Gremlin Nob","floor":7,"turns":4},{"damage":5,"enemies":"2 Louse","floor":10,"turns":2},{"damage":10,"enemies":"Looter","floor":12,"turns":4},{"damage":6,"enemies":"Lots of Slimes","floor":14,"turns":5},{"damage":37,"enemies":"Hexaghost","floor":16,"turns":12},{"damage":0,"enemies":"Spheric Guardian","floor":18,"turns":1},{"damage":17,"enemies":"Shell Parasite","floor":21,"turns":6},{"damage":13,"enemies":"Snake Plant","floor":22,"turns":3},{"damage":4,"enemies":"Gremlin Leader","floor":23,"turns":6},{"damage":16,"enemies":"Masked Bandits","floor":25,"turns":3},{"damage":42,"enemies":"Cultist and Chosen","floor":27,"turns":7},{"damage":0,"enemies":"Centurion and Healer","floor":31,"turns":5},{"damage":3,"enemies":"Automaton","floor":33,"turns":5},{"damage":13,"enemies":"Flame Bruiser 1 Orb","floor":35,"turns":5},{"damage":0,"enemies":"3 Shapes","floor":38,"turns":5},{"damage":5,"enemies":"Mysterious Sphere","floor":39,"turns":7},{"damage":7,"enemies":"Maw","floor":44,"turns":5},{"damage":10,"enemies":"Sphere and 2 Shapes","floor":45,"turns":3},{"damage":41,"enemies":"4 Shapes","floor":48,"turns":4},{"damage":97,"enemies":"Awakened One","floor":50,"turns":13}],"event_choices":[{"event_name":"Upgrade Shrine","player_choice":"Upgraded","floor":2,"damage_taken":0},{"event_name":"Match and Keep!","player_choice":"3 cards matched","floor":4,"damage_taken":0},{"event_name":"The Lab","player_choice":"Got Potions","floor":8,"damage_taken":0},{"event_name":"The Mausoleum","player_choice":"Yes","floor":19,"damage_taken":0},{"event_name":"Masked Bandits","player_choice":"Fought over 180 gold","floor":25,"damage_taken":0},{"event_name":"Vampires","player_choice":"Ignored","floor":28,"damage_taken":0},{"event_name":"Back to Basics","player_choice":"Simplicity","floor":30,"damage_taken":0},{"event_name":"Match and Keep!","player_choice":"2 cards matched","floor":37,"damage_taken":0},{"event_name":"Mysterious Sphere","player_choice":"Fight","floor":39,"damage_taken":0},{"event_name":"Duplicator","player_choice":"One dupe","floor":41,"damage_taken":0},{"event_name":"Tomb of Lord Red Mask","player_choice":"Wore Mask","floor":46,"damage_taken":0}],"boss_relics":[{"not_picked":["Lizard Tail","Ectoplasm"],"picked":"Snecko Eye"},{"not_picked":["Eternal Feather","Astrolabe"],"picked":"Cursed Key"}],"potions_floor_spawned":[1,12,14,16,18,21,25,27,38,39],"seed_played":"-2339593835184671162","ascension_level":0,"is_trial":false}