{"gold_per_floor":[113,128,128,146,160,172,172,29,104,104,123,74,74,89,89,190,190,202,277,297,347,272,272,371,389,389,389,402,402],"floor_reached":29,"playtime":997,"items_purged":["Strike_R"],"score":217,"play_id":"a44211ca-a506-4c5f-bd67-250bd590895d","local_time":"20180807210651","is_ascension_mode":false,"campfire_choices":[{"data":"Spot Weakness","floor":7,"key":"SMITH"},{"data":"Whirlwind","floor":10,"key":"SMITH"},{"floor":15,"key":"REST"},{"data":"Armaments","floor":23,"key":"SMITH"},{"floor":27,"key":"REST"}],"neow_cost":"NONE","seed_source_timestamp":2061096920515311,"circlet_count":0,"master_deck":["Strike_R","Strike_R","Strike_R+1","Defend_R","Defend_R","Defend_R","Defend_R","Bash","Dark Embrace","Shrug It Off","Spot Weakness+1","Inflame","Body Slam+1","Shrug It Off","Whirlwind+1","Thunderclap","Armaments+1","Double Tap","Disarm+1","Dropkick"],"relics":["Black Blood"],"potions_floor_usage":[5,20,20,25],"damage_taken":[{"damage":1,"enemies":"Cultist","floor":1,"turns":4},{"damage":2,"enemies":"2 Louse","floor":2,"turns":2},{"damage":5,"enemies":"Jaw Worm","floor":4,"turns":3},{"damage":35,"enemies":"Lots of Slimes","floor":5,"turns":5},{"damage":29,"enemies":"Exordium Wildlife","floor":6,"turns":5},{"damage":4,"enemies":"Large Slime","floor":11,"turns":6},{"damage":5,"enemies":"Looter","floor":14,"turns":4},{"damage":35,"enemies":"Slime Boss","floor":16,"turns":12},{"damage":34,"enemies":"Shell Parasite","floor":18,"turns":8},{"damage":25,"enemies":"2 Thieves","floor":20,"turns":5},{"damage":30,"enemies":"Cultist and Chosen","floor":25,"turns":7},{"damage":36,"enemies":"Chosen and Byrds","floor":28,"turns":7},{"damage":19,"enemies":"3 Cultists","floor":29,"turns":3}],"seed_played":"3636833726224185417","potions_obtained":[{"floor":4,"key":"SpeedPotion"},{"floor":6,"key":"SneckoOil"},{"floor":11,"key":"LiquidBronze"},{"floor":18,"key":"SkillPotion"}],"is_trial":false,"path_per_floor":["M","M","?","M","M","M","R","$","T","R","M","$","?","M","R","B",null,"M","?","M","?","?","R","?","M","T","R","M"],"character_chosen":"IRONCLAD","items_purchased":["Whirlwind","Thunderclap"],"campfire_rested":2,"item_purchase_floors":[8,12],"current_hp_per_floor":[80,80,85,85,56,33,33,33,33,33,35,35,18,19,44,15,85,61,53,38,38,38,38,38,18,18,43,17,0],"gold":402,"neow_bonus":"ONE_RANDOM_RARE_CARD","is_prod":false,"is_daily":false,"chose_seed":false,"campfire_upgraded":3,"win_rate":0,"timestamp":1533697611,"path_taken":["M","?","?","M","M","M","R","$","T","R","M","?","?","M","R","BOSS","M","?","?","?","?","R","?","M","T","R","M","M"],"build_version":"2018-08-02","purchased_purges":1,"victory":false,"max_hp_per_floor":[80,80,85,85,85,85,85,85,85,85,85,85,85,85,85,85,85,85,85,85,85,85,85,85,85,85,85,85,85],"card_choices":[{"not_picked":["Sword Boomerang","Feel No Pain"],"picked":"Shrug It Off","floor":1},{"not_picked":["Perfected Strike","Clash"],"picked":"Spot Weakness","floor":2},{"not_picked":["Rampage","Searing Blow"],"picked":"Inflame","floor":4},{"not_picked":["Intimidate","Fiend Fire"],"picked":"Body Slam","floor":5},{"not_picked":["True Grit","Rupture"],"picked":"Shrug It Off","floor":6},{"not_picked":["Combust","Searing Blow","Whirlwind"],"picked":"SKIP","floor":11},{"not_picked":["Warcry","Sever Soul"],"picked":"Armaments","floor":14},{"not_picked":["Bludgeon","Brutality"],"picked":"Double Tap","floor":16},{"not_picked":["Burning Pact","Heavy Blade"],"picked":"Disarm+1","floor":18},{"not_picked":["Clothesline","Blood for Blood","Searing Blow"],"picked":"SKIP","floor":20},{"not_picked":["Clash","Second Wind","Hemokinesis+1"],"picked":"SKIP","floor":25},{"not_picked":["Dual Wield","Iron Wave"],"picked":"Dropkick","floor":28}],"player_experience":361994,"relics_obtained":[],"event_choices":[{"event_name":"Big Fish","player_choice":"Donut","floor":3,"damage_taken":0},{"event_name":"Shining Light","player_choice":"Entered Light","floor":13,"damage_taken":0},{"event_name":"FaceTrader","player_choice":"Touch","floor":19,"damage_taken":0},{"event_name":"The Joust","player_choice":"Bet on Murderer","floor":21,"damage_taken":0},{"event_name":"Beggar","player_choice":"Gave Gold","floor":22,"damage_taken":0},{"event_name":"Nest","player_choice":"Stole From Cult","floor":24,"damage_taken":0}],"is_beta":false,"boss_relics":[{"not_picked":["Coffee Dripper","Black Star"],"picked":"Black Blood"}],"items_purged_floors":[8],"is_endless":false,"potions_floor_spawned":[4,6,11,18],"killed_by":"3 Cultists","ascension_level":0}