{"gold_per_floor":[211,229,247,58,71,71,91,114,137,137,148,168,182,202,202,202],"floor_reached":16,"playtime":1090,"items_purged":[],"score":98,"play_id":"504f9bdf-94c0-4b4a-aa04-fd85d7bb8c28","local_time":"20180629132032","is_ascension_mode":false,"campfire_choices":[{"data":"Infinite Blades","floor":6,"key":"SMITH"},{"floor":10,"key":"REST"},{"floor":15,"key":"REST"}],"neow_cost":"NONE","seed_source_timestamp":247081266572438,"circlet_count":0,"master_deck":["Defend_G","Defend_G","Defend_G","Defend_G","Defend_G","Strike_G","Strike_G","Strike_G","Strike_G","Strike_G","Survivor","Neutralize","Endless Agony","Sucker Punch","Bane","Infinite Blades+1","Catalyst","Heel Hook","Flying Knee","Choke","A Thousand Cuts","Flying Knee","Dagger Throw","Prepared","Finisher"],"relics":["Ring of the Snake","Odd Mushroom","Bag of Preparation"],"potions_floor_usage":[13,16,16],"damage_taken":[{"damage":0,"enemies":"Small Slimes","floor":1,"turns":3},{"damage":1,"enemies":"2 Louse","floor":2,"turns":2},{"damage":5,"enemies":"Jaw Worm","floor":3,"turns":5},{"damage":27,"enemies":"Gremlin Gang","floor":5,"turns":6},{"damage":8,"enemies":"2 Fungi Beasts","floor":7,"turns":3},{"damage":21,"floor":8,"turns":6},{"damage":7,"enemies":"Looter","floor":11,"turns":3},{"damage":11,"enemies":"Lots of Slimes","floor":12,"turns":5},{"damage":7,"enemies":"3 Louse","floor":13,"turns":3},{"damage":9,"enemies":"Blue Slaver","floor":14,"turns":2},{"damage":27,"enemies":"Hexaghost","floor":16,"turns":9}],"seed_played":"5372129062383921886","potions_obtained":[{"floor":1,"key":"Regen Potion"},{"floor":3,"key":"GamblersBrew"},{"floor":5,"key":"Explosive Potion"}],"is_trial":false,"path_per_floor":["M","M","M","$","M","R","M","?","T","R","M","M","M","M","R"],"character_chosen":"THE_SILENT","items_purchased":["Infinite Blades","Catalyst","Heel Hook"],"campfire_rested":2,"item_purchase_floors":[4,4,4],"current_hp_per_floor":[70,69,64,64,37,37,29,8,8,29,22,11,13,4,25,0],"gold":202,"neow_bonus":"HUNDRED_GOLD","is_prod":false,"is_daily":false,"chose_seed":false,"campfire_upgraded":1,"win_rate":0.0,"timestamp":1530300032,"path_taken":["M","M","M","$","M","R","M","?","T","R","M","M","M","?","R","BOSS"],"build_version":"2018-06-28","purchased_purges":0,"victory":false,"max_hp_per_floor":[70,70,70,70,70,70,70,70,70,70,70,70,70,70,70,70],"card_choices":[{"not_picked":["Riddle With Holes","Sucker Punch"],"picked":"Endless Agony","floor":1},{"not_picked":["All Out Attack","Slice"],"picked":"Sucker Punch","floor":2},{"not_picked":["All Out Attack","Deadly Poison"],"picked":"Bane","floor":3},{"not_picked":["Deadly Poison","Reflex"],"picked":"Flying Knee","floor":5},{"not_picked":["Skewer","Reflex"],"picked":"Choke","floor":7},{"not_picked":["Underhanded Strike","Finisher"],"picked":"A Thousand Cuts","floor":8},{"not_picked":["Backflip","Flechettes"],"picked":"Flying Knee","floor":11},{"not_picked":["Outmaneuver","Deadly Poison"],"picked":"Dagger Throw","floor":12},{"not_picked":["Flying Knee","Underhanded Strike"],"picked":"Prepared","floor":13},{"not_picked":["Bane","Prepared"],"picked":"Finisher","floor":14}],"player_experience":68580,"relics_obtained":[{"floor":8,"key":"Odd Mushroom"},{"floor":9,"key":"Bag of Preparation"}],"event_choices":[{"event_name":"Mushrooms","player_choice":"Fought Mushrooms","floor":8,"damage_taken":0}],"boss_relics":[],"items_purged_floors":[],"is_endless":false,"potions_floor_spawned":[1,3,5,8],"killed_by":"Hexaghost","ascension_level":0}