{"gold_per_floor":[115,115,126,143,73,73,89,89,135,135,151,151,166,183,183,282,282,300,320,207,223,223,234,234,234,234,63,63,83,83,95,95,198,198,210,227,227,102,102,102,102,119,166,183,203,219,219,233,233,233],"floor_reached":51,"playtime":3515,"items_purged":["Strike_G","Strike_G","Regret"],"score":745,"play_id":"945ab36e-bfec-4629-99e7-a5ab256590d7","local_time":"20180911204501","is_ascension_mode":false,"campfire_choices":[{"data":"A Thousand Cuts","floor":6,"key":"SMITH"},{"data":"Neutralize","floor":8,"key":"SMITH"},{"data":"Sucker Punch","floor":10,"key":"SMITH"},{"floor":15,"key":"REST"},{"data":"Noxious Fumes","floor":24,"key":"SMITH"},{"floor":32,"key":"REST"},{"data":"Well Laid Plans","floor":40,"key":"SMITH"},{"floor":47,"key":"REST"},{"floor":49,"key":"REST"}],"neow_cost":"","seed_source_timestamp":185641463135586,"circlet_count":0,"master_deck":["Defend_G","Defend_G","Defend_G","Defend_G","Defend_G","Strike_G","Strike_G","Strike_G","Survivor","Neutralize+1","Dagger Throw","Sucker Punch+1","A Thousand Cuts+1","Well Laid Plans+1","Sucker Punch","Flying Knee","Leg Sweep","Quick Slash","Bullet Time","Footwork","Blade Dance","Noxious Fumes+1","Underhanded Strike","Footwork","Infinite Blades","Ghostly","Ghostly","Ghostly","Ghostly","Ghostly","Blade Dance","Tools of the Trade","Dagger Spray","Blade Dance","Deep Breath","Dodge and Roll+1","Normality","Blade Dance","Tactician","Prepared","Footwork+1"],"relics":["Ring of the Snake","Juzu Bracelet","Centennial Puzzle","Cursed Key","Lantern","Sozu","Mango","Ancient Tea Set"],"potions_floor_usage":[16,50,50,50],"damage_taken":[{"damage":0,"enemies":"Cultist","floor":1,"turns":5},{"damage":0,"enemies":"Small Slimes","floor":3,"turns":3},{"damage":0,"enemies":"2 Louse","floor":4,"turns":4},{"damage":11,"enemies":"Lots of Slimes","floor":7,"turns":2},{"damage":5,"enemies":"2 Fungi Beasts","floor":11,"turns":3},{"damage":0,"enemies":"Blue Slaver","floor":13,"turns":4},{"damage":0,"enemies":"3 Louse","floor":14,"turns":4},{"damage":32,"enemies":"Slime Boss","floor":16,"turns":7},{"damage":8,"enemies":"Shell Parasite","floor":18,"turns":5},{"damage":0,"enemies":"3 Byrds","floor":19,"turns":5},{"damage":1,"enemies":"Shelled Parasite and Fungi","floor":21,"turns":6},{"damage":8,"enemies":"Snake Plant","floor":23,"turns":5},{"damage":12,"enemies":"Snecko","floor":29,"turns":7},{"damage":4,"enemies":"Centurion and Healer","floor":31,"turns":5},{"damage":5,"enemies":"Automaton","floor":33,"turns":12},{"damage":5,"enemies":"3 Darklings","floor":35,"turns":6},{"damage":0,"enemies":"3 Shapes","floor":36,"turns":5},{"damage":7,"enemies":"Mind Bloom Boss Battle","floor":37,"turns":7},{"damage":13,"enemies":"Spire Growth","floor":42,"turns":6},{"damage":9,"enemies":"3 Darklings","floor":44,"turns":6},{"damage":1,"enemies":"Transient","floor":45,"turns":5},{"damage":1,"enemies":"Reptomancer","floor":46,"turns":5},{"damage":0,"enemies":"3 Darklings","floor":48,"turns":4},{"damage":21,"enemies":"Donu and Deca","floor":50,"turns":13}],"seed_played":"977699616854040108","potions_obtained":[{"floor":1,"key":"Block Potion"},{"floor":14,"key":"AttackPotion"},{"floor":16,"key":"FearPotion"},{"floor":19,"key":"Explosive Potion"},{"floor":21,"key":"Ancient Potion"},{"floor":23,"key":"EssenceOfSteel"}],"is_trial":false,"path_per_floor":["M","$","M","M","$","R","M","R","T","R","M","?","M","M","R","B",null,"M","M","$","M","?","M","R","?","T","$","T","M","?","M","R","B",null,"M","M","?","$","?","R","$","M","T","M","M","M","R","M","R","B"],"character_chosen":"THE_SILENT","items_purchased":["Well Laid Plans","Noxious Fumes","Footwork"],"campfire_rested":4,"item_purchase_floors":[5,20,27],"current_hp_per_floor":[70,70,70,70,70,70,59,59,59,59,54,54,54,54,70,38,70,62,62,62,61,54,46,46,33,33,33,33,21,21,17,28,23,37,32,32,39,39,39,39,39,26,26,17,16,15,30,30,45,24],"gold":233,"neow_bonus":"","is_prod":false,"is_daily":false,"chose_seed":false,"campfire_upgraded":5,"win_rate":0.0,"timestamp":1536691501,"path_taken":["M","$","?","M","$","R","M","R","T","R","M","?","M","M","R","BOSS","M","M","?","M","?","M","R","?","T","$","?","M","?","M","R","BOSS","M","M","?","$","?","R","$","M","T","M","M","M","R","M","R","BOSS"],"build_version":"2018-09-10","purchased_purges":3,"victory":true,"max_hp_per_floor":[70,70,70,70,70,70,70,70,70,70,70,70,70,70,70,70,70,70,70,70,70,70,70,70,75,75,75,75,75,37,37,37,37,37,37,37,51,51,51,51,51,51,51,51,51,51,51,51,51,51],"card_choices":[{"not_picked":["Finisher","PiercingWail"],"picked":"Dagger Throw","floor":1},{"not_picked":["Prepared","Acrobatics"],"picked":"Sucker Punch","floor":3},{"not_picked":["Footwork","Prepared"],"picked":"A Thousand Cuts","floor":4},{"not_picked":["Dodge and Roll","Flechettes"],"picked":"Sucker Punch","floor":7},{"not_picked":["Sucker Punch","Masterful Stab"],"picked":"Flying Knee","floor":11},{"not_picked":["Burst","Flying Knee"],"picked":"Leg Sweep","floor":13},{"not_picked":["Dash","Dodge and Roll"],"picked":"Quick Slash","floor":14},{"not_picked":["Glass Knife","Wraith Form v2"],"picked":"Bullet Time","floor":16},{"not_picked":["Backflip","Deadly Poison"],"picked":"Footwork","floor":18},{"not_picked":["Slice","Caltrops"],"picked":"Blade Dance","floor":19},{"not_picked":["Terror","Sucker Punch+1"],"picked":"Underhanded Strike","floor":21},{"not_picked":["Flying Knee+1","All Out Attack","Deflect"],"picked":"SKIP","floor":23},{"not_picked":["Poisoned Stab+1","PiercingWail"],"picked":"Infinite Blades","floor":29},{"not_picked":["Finisher+1","Slice"],"picked":"Blade Dance","floor":31},{"not_picked":["Venomology","Doppelganger"],"picked":"Tools of the Trade","floor":33},{"not_picked":["Choke","Distraction+1"],"picked":"Dagger Spray","floor":35},{"not_picked":["Dash+1","Reflex+1"],"picked":"Blade Dance","floor":36},{"not_picked":["Madness","Enlightenment"],"picked":"Deep Breath","floor":39},{"not_picked":["Bouncing Flask+1","Caltrops+1"],"picked":"Dodge and Roll+1","floor":42},{"not_picked":["Poisoned Stab+1","Quick Slash+1"],"picked":"Blade Dance","floor":44},{"not_picked":["Bouncing Flask","Dagger Spray"],"picked":"Tactician","floor":45},{"not_picked":["Reflex+1","Backstab+1"],"picked":"Prepared","floor":46},{"not_picked":["Die Die Die","Crippling Poison"],"picked":"Footwork+1","floor":48}],"player_experience":3501,"relics_obtained":[{"floor":9,"key":"Juzu Bracelet"},{"floor":28,"key":"Lantern"},{"floor":37,"key":"Mango"},{"floor":43,"key":"Ancient Tea Set"}],"event_choices":[{"event_name":"WeMeetAgain","player_choice":"Potion","floor":12,"damage_taken":0},{"event_name":"Knowing Skull","player_choice":"","floor":22,"damage_taken":0},{"event_name":"Forgotten Altar","player_choice":"Shed Blood","floor":25,"damage_taken":0},{"event_name":"Ghosts","player_choice":"Became a Ghost","floor":30,"damage_taken":0},{"event_name":"MindBloom","player_choice":"Fight","floor":37,"damage_taken":0},{"event_name":"SensoryStone","player_choice":"Memory 1","floor":39,"damage_taken":0}],"is_beta":true,"boss_relics":[{"not_picked":["Runic Pyramid","Coffee Dripper"],"picked":"Cursed Key"},{"not_picked":["Empty Cage","Ring of the Serpent"],"picked":"Sozu"}],"items_purged_floors":[20,27,38],"is_endless":false,"potions_floor_spawned":[1,14,16,19,21,23,31,33,35,44,46,48],"ascension_level":0}