{"gold_per_floor":[118,138,154,168,178,178,210,210,210,221,232,243,243,255,255,357,357,373,373,373,259,259,290,310,324,324,340,371,386,398,416,416,515,515,534,634,649,660,560,590,590,500,523,539,573,145,145,163,163,163,163,163,70,97,97],"floor_reached":55,"playtime":8090,"items_purged":["Fusion","Streamline"],"score":790,"play_id":"8b721656-3e18-4abd-be24-f54049746764","local_time":"20190318013845","is_ascension_mode":true,"campfire_choices":[{"data":"Coolheaded","floor":8,"key":"SMITH"},{"data":"Dualcast","floor":13,"key":"SMITH"},{"data":"Cold Snap","floor":15,"key":"SMITH"},{"floor":32,"key":"RECALL"},{"floor":47,"key":"REST"},{"data":"Consume","floor":49,"key":"SMITH"},{"data":"Glacier","floor":52,"key":"SMITH"}],"neow_cost":"NONE","seed_source_timestamp":268736661149983,"circlet_count":0,"master_deck":["Zap+1","Dualcast+1","Conserve Battery","Coolheaded+1","Creative AI+1","Coolheaded","Cold Snap+1","Electrodynamics+1","Machine Learning+1","Rebound","Seek","Reboot","Glacier+1","Conserve Battery+1","Consume+1","Buffer+1","Cold Snap+1","Conserve Battery+1","Streamline+1","Master of Strategy","Loop+1","Impatience"],"relics":["Cracked Core","Art of War","Frozen Egg 2","Pandora\u0027s Box","Nilry\u0027s Codex","Molten Egg 2","Orichalcum","Sozu","Torii","Mummified Hand","Happy Flower","StoneCalendar","Strange Spoon","Strawberry"],"potions_floor_usage":[7,14,16,18,23,25,28,33,33,33,33,55,55],"damage_taken":[{"damage":0,"enemies":"2 Louse","floor":1,"turns":2},{"damage":1,"enemies":"Cultist","floor":2,"turns":3},{"damage":0,"enemies":"Small Slimes","floor":3,"turns":2},{"damage":9,"enemies":"3 Louse","floor":4,"turns":2},{"damage":4,"enemies":"Red Slaver","floor":5,"turns":3},{"damage":21,"enemies":"Gremlin Nob","floor":7,"turns":4},{"damage":0,"enemies":"Large Slime","floor":10,"turns":7},{"damage":7,"enemies":"3 Louse","floor":11,"turns":4},{"damage":5,"enemies":"Blue Slaver","floor":12,"turns":4},{"damage":0,"enemies":"Looter","floor":14,"turns":3},{"damage":11,"enemies":"The Guardian","floor":16,"turns":15},{"damage":11,"enemies":"2 Thieves","floor":18,"turns":3},{"damage":4,"enemies":"Gremlin Leader","floor":23,"turns":6},{"damage":6,"enemies":"3 Byrds","floor":24,"turns":3},{"damage":8,"enemies":"Centurion and Healer","floor":25,"turns":4},{"damage":15,"enemies":"Snake Plant","floor":27,"turns":4},{"damage":7,"enemies":"Book of Stabbing","floor":28,"turns":7},{"damage":3,"enemies":"Snecko","floor":29,"turns":6},{"damage":2,"enemies":"Centurion and Healer","floor":30,"turns":7},{"damage":4,"enemies":"Cultist and Chosen","floor":31,"turns":4},{"damage":15,"enemies":"Collector","floor":33,"turns":12},{"damage":0,"enemies":"3 Shapes","floor":35,"turns":3},{"damage":0,"enemies":"Mind Bloom Boss Battle","floor":36,"turns":10},{"damage":9,"enemies":"3 Darklings","floor":37,"turns":6},{"damage":10,"enemies":"Jaw Worm Horde","floor":38,"turns":5},{"damage":0,"enemies":"Nemesis","floor":40,"turns":13},{"damage":0,"enemies":"Maw","floor":44,"turns":11},{"damage":25,"enemies":"Reptomancer","floor":45,"turns":8},{"damage":0,"enemies":"Spire Growth","floor":48,"turns":5},{"damage":32,"enemies":"Donu and Deca","floor":50,"turns":9},{"damage":50,"enemies":"Shield and Spear","floor":54,"turns":7},{"damage":43,"enemies":"The Heart","floor":55,"turns":3}],"seed_played":"-2725229943545866231","potions_obtained":[{"floor":4,"key":"Weak Potion"},{"floor":7,"key":"Swift Potion"},{"floor":10,"key":"SkillPotion"},{"floor":11,"key":"Weak Potion"},{"floor":22,"key":"EssenceOfSteel"},{"floor":22,"key":"Swift Potion"},{"floor":22,"key":"Ancient Potion"},{"floor":23,"key":"LiquidBronze"},{"floor":28,"key":"EntropicBrew"},{"floor":29,"key":"SteroidPotion"},{"floor":30,"key":"GamblersBrew"}],"is_trial":false,"path_per_floor":["M","M","M","M","M","?","E","R","T","M","M","M","R","M","R","B",null,"M","?","?","$","?","E","M","M","T","M","E","M","M","M","R","B",null,"M","?","M","M","$","E","?","?","T","M","E","$","R","M","R","B",null,"R","$","E","B"],"character_chosen":"DEFECT","items_purchased":["Glacier","Streamline+1","Master of Strategy","Strange Spoon","Impatience"],"campfire_rested":1,"item_purchase_floors":[21,46,46,46,53],"current_hp_per_floor":[75,74,74,65,61,61,40,40,40,40,33,28,28,28,28,17,75,64,48,73,73,73,69,63,55,55,40,33,30,28,24,24,9,75,75,75,66,56,56,56,56,56,56,56,31,31,53,53,53,21,75,75,75,32,0],"gold":97,"neow_bonus":"UPGRADE_CARD","is_prod":false,"is_daily":false,"chose_seed":false,"campfire_upgraded":5,"win_rate":0,"timestamp":1552898325,"path_taken":["M","M","M","M","M","?","E","R","T","M","?","M","R","M","R","BOSS","M","?","?","$","?","E","M","?","T","M","E","M","M","M","R","BOSS","M","?","M","M","$","E","?","?","T","?","E","$","R","M","R","BOSS","R","$","E","BOSS"],"build_version":"2019-01-23","purchased_purges":2,"victory":false,"max_hp_per_floor":[75,75,75,75,75,75,75,75,75,75,75,75,75,75,75,75,75,75,75,75,75,75,75,75,75,75,75,75,75,75,75,75,75,75,75,75,75,75,75,75,75,75,75,75,75,75,75,75,75,75,75,75,75,82,82],"card_choices":[{"not_picked":["Sweeping Beam","Compile Driver","Redo"],"picked":"SKIP","floor":1},{"not_picked":["Conserve Battery","Go for the Eyes","Barrage"],"picked":"SKIP","floor":2},{"not_picked":["Darkness","Redo"],"picked":"Conserve Battery","floor":3},{"not_picked":["Go for the Eyes","Stack","Streamline"],"picked":"SKIP","floor":4},{"not_picked":["Undo","Blizzard","Turbo"],"picked":"SKIP","floor":5},{"not_picked":["Barrage","Beam Cell"],"picked":"Coolheaded","floor":7},{"not_picked":["Force Field","Barrage"],"picked":"Creative AI+1","floor":10},{"not_picked":["Stack","Rebound"],"picked":"Coolheaded","floor":11},{"not_picked":["Sweeping Beam","Hologram"],"picked":"Cold Snap","floor":12},{"not_picked":["Double Energy","Barrage","Redo"],"picked":"SKIP","floor":14},{"not_picked":["All For One","Creative AI+1"],"picked":"Electrodynamics+1","floor":16},{"not_picked":["Genetic Algorithm","Stack","Beam Cell"],"picked":"SKIP","floor":18},{"not_picked":["Steam","Barrage","Darkness"],"picked":"SKIP","floor":23},{"not_picked":["Cold Snap+1","Amplify"],"picked":"Conserve Battery+1","floor":24},{"not_picked":["Barrage+1","Sweeping Beam+1","Go for the Eyes+1"],"picked":"SKIP","floor":25},{"not_picked":["Fusion","Cold Snap+1","Reinforced Body"],"picked":"SKIP","floor":27},{"not_picked":["Gash+1","Streamline+1","Leap"],"picked":"SKIP","floor":28},{"not_picked":["Hologram","Steam","Cold Snap+1"],"picked":"SKIP","floor":29},{"not_picked":["Melter+1","Coolheaded"],"picked":"Consume","floor":30},{"not_picked":["Static Discharge+1","Reinforced Body","Leap"],"picked":"SKIP","floor":31},{"not_picked":["Meteor Strike+1","Rainbow"],"picked":"Buffer+1","floor":33},{"not_picked":["Go for the Eyes+1","Turbo"],"picked":"Cold Snap+1","floor":35},{"not_picked":["Lockon+1","Sweeping Beam+1"],"picked":"Conserve Battery","floor":37},{"not_picked":["Go for the Eyes+1","Hologram+1","Rebound+1"],"picked":"SKIP","floor":38},{"not_picked":["Rebound+1","Aggregate","Loop+1"],"picked":"SKIP","floor":40},{"not_picked":["Coolheaded","Streamline+1","Sweeping Beam+1"],"picked":"SKIP","floor":44},{"not_picked":["Steam+1","Consume+1","Gash+1"],"picked":"SKIP","floor":45},{"not_picked":["Reprogram+1","Barrage+1"],"picked":"Loop+1","floor":48},{"not_picked":["Streamline+1","White Noise","Hologram"],"picked":"SKIP","floor":54}],"player_experience":116143,"relics_obtained":[{"floor":7,"key":"Art of War"},{"floor":9,"key":"Frozen Egg 2"},{"floor":19,"key":"Nilry\u0027s Codex"},{"floor":23,"key":"Molten Egg 2"},{"floor":28,"key":"Orichalcum"},{"floor":36,"key":"Torii"},{"floor":40,"key":"Mummified Hand"},{"floor":43,"key":"Happy Flower"},{"floor":45,"key":"StoneCalendar"},{"floor":54,"key":"Strawberry"}],"event_choices":[{"cards_removed":["Strike_B"],"damage_healed":0,"gold_gain":0,"player_choice":"Purged","damage_taken":0,"max_hp_gain":0,"max_hp_loss":0,"event_name":"Purifier","floor":6,"gold_loss":0},{"damage_healed":0,"gold_gain":0,"player_choice":"Obtained Book","damage_taken":16,"max_hp_gain":0,"max_hp_loss":0,"event_name":"Cursed Tome","floor":19,"gold_loss":0},{"damage_healed":25,"gold_gain":0,"player_choice":"Heal","damage_taken":0,"max_hp_gain":0,"max_hp_loss":0,"event_name":"The Library","floor":20,"gold_loss":0},{"damage_healed":0,"gold_gain":0,"player_choice":"Got Potions","damage_taken":0,"max_hp_gain":0,"max_hp_loss":0,"event_name":"Lab","floor":22,"gold_loss":0},{"damage_healed":0,"gold_gain":0,"player_choice":"Fight","damage_taken":0,"max_hp_gain":0,"max_hp_loss":0,"event_name":"MindBloom","floor":36,"gold_loss":0},{"damage_healed":0,"gold_gain":0,"player_choice":"Ignored","damage_taken":0,"max_hp_gain":0,"max_hp_loss":0,"event_name":"Tomb of Lord Red Mask","floor":41,"gold_loss":0},{"cards_removed":["Gash"],"damage_healed":0,"gold_gain":0,"player_choice":"Upgrade and Remove","damage_taken":0,"max_hp_gain":0,"max_hp_loss":0,"event_name":"Designer","floor":42,"gold_loss":90,"cards_upgraded":["Conserve Battery"]}],"is_beta":false,"boss_relics":[{"not_picked":["Black Star","Lizard Tail"],"picked":"Pandora\u0027s Box"},{"not_picked":["Eternal Feather","White Beast Statue"],"picked":"Sozu"}],"items_purged_floors":[21,39],"is_endless":false,"potions_floor_spawned":[4,7,10,11,23,28,29,30,40,45,48],"killed_by":"The Heart","ascension_level":1}