{"gold_per_floor":[118,118,293,368,380,380,392,408,488,488,505,131,131,31,31,135,135,148,63,0,12,12,12,27,27,74,74],"floor_reached":27,"playtime":1295,"items_purged":["Doubt","Strike_R"],"score":276,"play_id":"020b56fa-3b9e-41c2-b2ba-7ce71fe8238f","local_time":"20190209161924","is_ascension_mode":true,"campfire_choices":[{"floor":6,"key":"REST"},{"data":"Body Slam","floor":10,"key":"SMITH"},{"data":"Armaments","floor":15,"key":"SMITH"},{"floor":23,"key":"REST"},{"floor":25,"key":"REST"}],"neow_cost":"NONE","seed_source_timestamp":174431720560888,"circlet_count":0,"master_deck":["Strike_R","Strike_R","Strike_R","Defend_R","Defend_R","Defend_R","Defend_R","Bash","Iron Wave","Body Slam+1","Shrug It Off","Armaments+1","Feel No Pain","Shrug It Off","Exhume","Shrug It Off","Shrug It Off"],"relics":["Burning Blood","Self Forming Clay","Strange Spoon","Philosopher\u0027s Stone","Regal Pillow","Dream Catcher"],"potions_floor_usage":[21,24,27],"damage_taken":[{"damage":6,"enemies":"Cultist","floor":1,"turns":4},{"damage":4,"enemies":"Small Slimes","floor":5,"turns":6},{"damage":4,"enemies":"2 Louse","floor":7,"turns":4},{"damage":5,"enemies":"Exordium Wildlife","floor":8,"turns":5},{"damage":2,"enemies":"3 Louse","floor":11,"turns":5},{"damage":38,"enemies":"The Guardian","floor":16,"turns":18},{"damage":0,"enemies":"Chosen","floor":18,"turns":4},{"damage":33,"enemies":"3 Byrds","floor":21,"turns":8},{"damage":39,"enemies":"Centurion and Healer","floor":24,"turns":12},{"damage":106,"enemies":"Gremlin Leader","floor":27,"turns":7}],"seed_played":"-1992465576521555959","potions_obtained":[{"floor":5,"key":"AttackPotion"},{"floor":8,"key":"BloodPotion"},{"floor":11,"key":"Energy Potion"}],"is_trial":false,"path_per_floor":["?","?","?","M","?","$","?","?","?"],"character_chosen":"IRONCLAD","items_purchased":["Strange Spoon","Feel No Pain","Shrug It Off"],"campfire_rested":3,"item_purchase_floors":[12,12,12],"current_hp_per_floor":[80,73,73,62,64,80,80,80,80,80,80,80,80,80,80,48,72,78,78,78,51,36,76,43,83,83,0],"gold":74,"neow_bonus":"THREE_CARDS","is_prod":false,"is_daily":false,"chose_seed":false,"campfire_upgraded":2,"win_rate":0,"timestamp":1549725564,"path_taken":["M","?","?","?","?","R","M","M","T","R","M","$","?","?","R","BOSS","M","?","?","M","?","R","M","R","T","E"],"build_version":"2019-01-23","purchased_purges":2,"victory":false,"max_hp_per_floor":[80,80,80,80,80,80,80,80,80,80,80,80,80,80,80,80,80,80,80,80,80,85,85,85,85,85,85],"card_choices":[{"not_picked":["Flex","Warcry"],"picked":"Iron Wave","floor":1},{"not_picked":["True Grit","Disarm"],"picked":"Body Slam","floor":5},{"not_picked":["Warcry","Wild Strike","Seeing Red"],"picked":"SKIP","floor":7},{"not_picked":["Clash","Sword Boomerang"],"picked":"Shrug It Off","floor":8},{"not_picked":["Evolve","Clothesline"],"picked":"Armaments","floor":11},{"not_picked":["Limit Break","Fiend Fire"],"picked":"Exhume","floor":16},{"not_picked":["Battle Trance","Whirlwind"],"picked":"Shrug It Off","floor":18},{"not_picked":["Headbutt","Flex+1"],"picked":"Shrug It Off","floor":21},{"not_picked":["Anger+1","Reaper","Cleave"],"picked":"SKIP","floor":24}],"player_experience":139210,"relics_obtained":[{"floor":9,"key":"Self Forming Clay"},{"floor":26,"key":"Dream Catcher"}],"event_choices":[{"cards_removed":["Strike_R"],"damage_healed":0,"gold_gain":0,"player_choice":"Card Removal","damage_taken":7,"max_hp_gain":0,"max_hp_loss":0,"event_name":"Golden Wing","floor":2,"gold_loss":0},{"damage_healed":0,"gold_gain":175,"player_choice":"AGREE","damage_taken":0,"max_hp_gain":0,"max_hp_loss":0,"event_name":"Liars Game","floor":3,"gold_loss":0,"cards_obtained":["Doubt"]},{"damage_healed":0,"gold_gain":75,"player_choice":"Gather Gold","damage_taken":11,"max_hp_gain":0,"max_hp_loss":0,"event_name":"World of Goop","floor":4,"gold_loss":0},{"damage_healed":0,"gold_gain":0,"player_choice":"Ignored","damage_taken":0,"max_hp_gain":0,"max_hp_loss":0,"event_name":"Shining Light","floor":13,"gold_loss":0},{"damage_healed":0,"gold_gain":0,"player_choice":"Obtained Relic","damage_taken":0,"relics_obtained":["Regal Pillow"],"max_hp_gain":0,"max_hp_loss":0,"event_name":"Addict","floor":19,"gold_loss":85},{"damage_healed":0,"gold_gain":0,"player_choice":"Paid Fearfully","damage_taken":0,"max_hp_gain":0,"max_hp_loss":0,"event_name":"Masked Bandits","floor":20,"gold_loss":63},{"damage_healed":0,"gold_gain":0,"player_choice":"Shed Blood","damage_taken":20,"max_hp_gain":5,"max_hp_loss":0,"event_name":"Forgotten Altar","floor":22,"gold_loss":0}],"is_beta":false,"boss_relics":[{"not_picked":["Empty Cage","Eternal Feather"],"picked":"Philosopher\u0027s Stone"}],"items_purged_floors":[12,14],"is_endless":false,"potions_floor_spawned":[5,8,11],"killed_by":"Gremlin Leader","ascension_level":5}