{"gold_per_floor":[113,113,123,143,143,178,194,194,194,194,214,249,249,263,263,263],"floor_reached":16,"playtime":647,"items_purged":[],"score":168,"play_id":"799b7fc5-b2f8-40c3-b4de-75a5fe1a9b45","local_time":"20181111202155","is_ascension_mode":true,"campfire_choices":[{"data":"Envenom","floor":8.0,"key":"SMITH"},{"floor":10.0,"key":"REST"},{"floor":13,"key":"REST"},{"data":"Phantasmal Killer","floor":15,"key":"SMITH"}],"neow_cost":"NONE","seed_source_timestamp":30485962211100,"circlet_count":0,"master_deck":["AscendersBane","Defend_G","Defend_G","Defend_G","Defend_G","Defend_G","Strike_G","Strike_G","Strike_G","Strike_G","Survivor","Neutralize","Deflect","Sucker Punch","Flying Knee","Envenom+1","Flying Knee","Finisher","Bane","Cloak And Dagger","Phantasmal Killer+1"],"special_seed":0,"relics":["White Beast Statue","Blue Candle","The Specimen","Prayer Wheel"],"potions_floor_usage":[12,14,16,16],"damage_taken":[{"damage":2.0,"enemies":"Small Slimes","floor":1.0,"turns":4.0},{"damage":0.0,"enemies":"2 Louse","floor":3.0,"turns":3.0},{"damage":2.0,"enemies":"Cultist","floor":4.0,"turns":5.0},{"damage":30.0,"enemies":"Lagavulin","floor":6.0,"turns":10.0},{"damage":0.0,"enemies":"Looter","floor":7.0,"turns":4.0},{"damage":6.0,"enemies":"Red Slaver","floor":11.0,"turns":4.0},{"damage":31,"enemies":"3 Sentries","floor":12,"turns":9},{"damage":13,"enemies":"3 Louse","floor":14,"turns":4},{"damage":61,"enemies":"The Guardian","floor":16,"turns":9}],"seed_played":"-2883269012118412559","potions_obtained":[{"floor":1.0,"key":"Fruit Juice"},{"floor":3.0,"key":"PowerPotion"},{"floor":4.0,"key":"GhostInAJar"},{"floor":6.0,"key":"Energy Potion"},{"floor":7.0,"key":"Swift Potion"},{"floor":11.0,"key":"LiquidBronze"},{"floor":12,"key":"SneckoOil"},{"floor":14,"key":"SmokeBomb"}],"is_trial":false,"path_per_floor":["M","?","M","M","?","E","M","R","T","R","M","E","R","M","R","B"],"character_chosen":"THE_SILENT","items_purchased":[],"campfire_rested":2,"item_purchase_floors":[],"current_hp_per_floor":[61,61,61,64,64,34,34,34,34,56,50,19,41,28,28,0],"gold":263,"neow_bonus":"BOSS_RELIC","is_prod":false,"is_daily":false,"chose_seed":false,"campfire_upgraded":2,"win_rate":0,"timestamp":1541992915,"path_taken":["M","?","M","M","?","E","M","R","T","R","M","E","R","M","R","BOSS"],"build_version":"2018-11-08","purchased_purges":0,"victory":false,"max_hp_per_floor":[70,70,70,75,75,75,75,75,75,75,75,75,75,75,75,75],"card_choices":[{"not_picked":["Underhanded Strike","Outmaneuver"],"picked":"Deflect","floor":1.0},{"not_picked":["Outmaneuver","Distraction"],"picked":"Sucker Punch","floor":3.0},{"not_picked":["Bane","PiercingWail"],"picked":"Flying Knee","floor":4.0},{"not_picked":["Dagger Spray","All Out Attack"],"picked":"Envenom","floor":6.0},{"not_picked":["Reflex","Distraction"],"picked":"Flying Knee","floor":7.0},{"not_picked":["Acrobatics","Poisoned Stab"],"picked":"Finisher","floor":11.0},{"not_picked":["Crippling Poison","Poisoned Stab"],"picked":"Bane","floor":12},{"not_picked":["Endless Agony","Sucker Punch"],"picked":"Cloak And Dagger","floor":14},{"not_picked":["Backflip","Bane"],"picked":"Phantasmal Killer","floor":14}],"player_experience":594341,"relics_obtained":[{"floor":6.0,"key":"Blue Candle"},{"floor":9.0,"key":"The Specimen"},{"floor":12,"key":"Prayer Wheel"}],"event_choices":[{"damage_healed":0.0,"max_hp_gain":0.0,"max_hp_loss":0.0,"gold_gain":0.0,"event_name":"Liars Game","player_choice":"Ignored","floor":2.0,"gold_loss":0.0,"damage_taken":0.0},{"cards_removed":["Strike_G"],"damage_healed":0.0,"max_hp_gain":0.0,"max_hp_loss":0.0,"gold_gain":0.0,"event_name":"Purifier","player_choice":"Purged","floor":5.0,"gold_loss":0.0,"damage_taken":0.0}],"is_beta":false,"boss_relics":[],"items_purged_floors":[],"is_endless":false,"potions_floor_spawned":[1,3,4,6,7,11,12,14],"killed_by":"The Guardian","ascension_level":10}