{"gold_per_floor":[116,129,144,160,160,160,219,279,304,112,127,152,152,187,187,283,333,352,106,106,118,132,160,160,170,170,170,200,200,214,241,241,336,336,349,349,140,164,180,180,197,197,197,197,42,57,57,57,57,57],"floor_reached":50,"playtime":3104,"items_purged":[],"score":623,"play_id":"04a233de-a21a-4e63-b8cf-8e8b61490734","local_time":"20190320180349","is_ascension_mode":true,"campfire_choices":[{"data":"Crippling Poison","floor":6.0,"key":"SMITH"},{"floor":13.0,"key":"REST"},{"data":"Finisher","floor":15.0,"key":"SMITH"},{"floor":24.0,"key":"REST"},{"floor":27.0,"key":"REST"},{"data":"Catalyst","floor":29.0,"key":"SMITH"},{"data":"Corpse Explosion","floor":32.0,"key":"SMITH"},{"floor":42.0,"key":"REST"},{"data":"Backstab","floor":44.0,"key":"SMITH"},{"floor":49.0,"key":"REST"}],"neow_cost":"NONE","seed_source_timestamp":0,"circlet_count":0,"master_deck":["Defend_G","Defend_G","Defend_G","Defend_G","Strike_G","Strike_G","Strike_G","Strike_G+1","Strike_G+1","Survivor","Neutralize","Predator","Poisoned Stab+1","Crippling Poison+1","Backstab","Finisher+1","Poisoned Stab","Flying Knee","Finisher","Catalyst+1","Corpse Explosion+1","Backstab+1","Underhanded Strike+1","Noxious Fumes","Predator+1","Deflect+1","Backflip","Underhanded Strike+1","Unload","Madness","Madness"],"special_seed":0,"relics":["Ring of the Serpent","Tiny Chest","Smiling Mask","Lantern","Regal Pillow","Potion Belt","Tiny House","Meat on the Bone","PreservedInsect","Kunai","FossilizedHelix","Gambling Chip","Cauldron","Orichalcum","Ice Cream","Whetstone"],"potions_floor_usage":[50,50],"damage_taken":[{"damage":1.0,"enemies":"Cultist","floor":1.0,"turns":5.0},{"damage":3.0,"enemies":"Jaw Worm","floor":2.0,"turns":3.0},{"damage":6.0,"enemies":"Small Slimes","floor":3.0,"turns":4.0},{"damage":6.0,"enemies":"Looter","floor":4.0,"turns":4.0},{"damage":10.0,"enemies":"Lagavulin","floor":7.0,"turns":6.0},{"damage":0.0,"enemies":"Blue Slaver","floor":11.0,"turns":1.0},{"damage":0.0,"enemies":"Gremlin Nob","floor":12.0,"turns":2.0},{"damage":8.0,"enemies":"Lagavulin","floor":14.0,"turns":3.0},{"damage":52.0,"enemies":"The Guardian","floor":16.0,"turns":7.0},{"damage":0.0,"enemies":"Chosen","floor":18.0,"turns":4.0},{"damage":3.0,"enemies":"Shell Parasite","floor":21.0,"turns":2.0},{"damage":12.0,"enemies":"Centurion and Healer","floor":22.0,"turns":5.0},{"damage":48.0,"enemies":"Book of Stabbing","floor":23.0,"turns":5.0},{"damage":42.0,"enemies":"Cultist and Chosen","floor":25.0,"turns":6.0},{"damage":0.0,"enemies":"Slavers","floor":28.0,"turns":1.0},{"damage":0.0,"enemies":"Snecko","floor":30.0,"turns":2.0},{"damage":4.0,"enemies":"Gremlin Leader","floor":31.0,"turns":4.0},{"damage":65.0,"enemies":"Collector","floor":33.0,"turns":7.0},{"damage":44.0,"enemies":"3 Shapes","floor":35.0,"turns":5.0},{"damage":0.0,"enemies":"Orb Walker","floor":39.0,"turns":3.0},{"damage":24.0,"enemies":"3 Darklings","floor":41.0,"turns":4.0},{"damage":7.0,"enemies":"Spire Growth","floor":46.0,"turns":4.0},{"damage":82,"enemies":"Awakened One","floor":50,"turns":14}],"seed_played":"-9184177716520382650","potions_obtained":[{"floor":3.0,"key":"Energy Potion"},{"floor":4.0,"key":"Swift Potion"},{"floor":11.0,"key":"SkillPotion"},{"floor":12.0,"key":"SteroidPotion"},{"floor":17.0,"key":"SpeedPotion"},{"floor":18.0,"key":"Ancient Potion"},{"floor":28.0,"key":"AttackPotion"},{"floor":37.0,"key":"Ancient Potion"},{"floor":37.0,"key":"Strength Potion"},{"floor":37.0,"key":"Regen Potion"},{"floor":37.0,"key":"Dexterity Potion"},{"floor":37.0,"key":"Energy Potion"},{"floor":39.0,"key":"Energy Potion"},{"floor":41.0,"key":"SteroidPotion"}],"is_trial":false,"path_per_floor":["M","M","M","M","?","R","E","?","T","$","M","E","R","E","R","B",null,"M","$","?","M","M","E","R","M","T","R","E","R","M","E","R","B",null,"M","?","$","T","M","?","M","R","T","R","$","M","?","?","R","B"],"character_chosen":"THE_SILENT","items_purchased":["Lantern","Poisoned Stab","Meat on the Bone","Cauldron","Whetstone"],"campfire_rested":5,"item_purchase_floors":[10,10,19,37,45],"current_hp_per_floor":[76,73,67,61,61,61,51,51,51,51,51,51,77,69,69,17,82,82,82,82,79,67,31,70,40,40,79,79,79,79,75,75,22,82,50,50,50,50,50,50,50,82,82,82,82,75,75,65,82,0],"gold":57,"neow_bonus":"TEN_PERCENT_HP_BONUS","is_prod":false,"is_daily":false,"chose_seed":false,"campfire_upgraded":5,"win_rate":1,"timestamp":1553115829,"path_taken":["M","?","M","M","?","R","E","?","T","$","M","E","R","E","R","BOSS","M","$","?","M","M","E","R","M","T","R","E","R","M","E","R","BOSS","M","?","$","?","M","?","M","R","T","R","?","M","?","?","R","BOSS"],"build_version":"2019-01-17","purchased_purges":0,"victory":false,"max_hp_per_floor":[77,77,77,77,77,77,77,77,77,77,77,77,77,77,77,77,82,82,82,82,82,82,82,82,82,82,82,82,82,82,82,82,82,82,82,82,82,82,82,82,82,82,82,82,82,82,82,82,82,82],"card_choices":[{"not_picked":["Underhanded Strike","Prepared"],"picked":"Predator","floor":1.0},{"not_picked":["Deflect","Sucker Punch"],"picked":"Poisoned Stab","floor":2.0},{"not_picked":["Dodge and Roll","Infinite Blades"],"picked":"Crippling Poison","floor":3.0},{"not_picked":["Cloak And Dagger","Underhanded Strike"],"picked":"Backstab","floor":4.0},{"not_picked":["Envenom","Reflex"],"picked":"Finisher","floor":7.0},{"not_picked":["Acrobatics","Blade Dance"],"picked":"Flying Knee","floor":11.0},{"not_picked":["Well Laid Plans","Deadly Poison"],"picked":"Finisher","floor":12.0},{"not_picked":["Acrobatics","Tactician"],"picked":"Catalyst","floor":14.0},{"not_picked":["Die Die Die","Storm of Steel"],"picked":"Corpse Explosion","floor":16.0},{"not_picked":["Outmaneuver","Choke"],"picked":"Backstab","floor":17.0},{"not_picked":["PiercingWail","Backflip"],"picked":"Underhanded Strike+1","floor":18.0},{"not_picked":["Terror","Outmaneuver"],"picked":"Predator+1","floor":21.0},{"not_picked":["Calculated Gamble","Skewer","Dagger Throw+1"],"picked":"SKIP","floor":22.0},{"not_picked":["Leg Sweep","Distraction"],"picked":"Deflect+1","floor":23.0},{"not_picked":["Terror","Finisher"],"picked":"Backflip","floor":25.0},{"not_picked":["Tools of the Trade","Dodge and Roll","Distraction"],"picked":"SKIP","floor":28.0},{"not_picked":["Catalyst","Flying Knee","Acrobatics+1"],"picked":"SKIP","floor":30.0},{"not_picked":["Predator","Outmaneuver"],"picked":"Underhanded Strike+1","floor":31.0},{"not_picked":["Doppelganger","Bullet Time"],"picked":"Unload","floor":33.0},{"not_picked":["Quick Slash","Acrobatics","Dash"],"picked":"SKIP","floor":35.0},{"not_picked":["Flechettes+1","Acrobatics+1","Prepared"],"picked":"SKIP","floor":39.0},{"not_picked":["Acrobatics+1","Deadly Poison","Phantasmal Killer"],"picked":"SKIP","floor":41.0},{"not_picked":["Deflect","Blade Dance+1","Flechettes+1"],"picked":"SKIP","floor":46.0}],"player_experience":21376,"relics_obtained":[{"floor":7.0,"key":"Tiny Chest"},{"floor":9.0,"key":"Smiling Mask"},{"floor":12.0,"key":"Regal Pillow"},{"floor":14.0,"key":"Potion Belt"},{"floor":23.0,"key":"PreservedInsect"},{"floor":26.0,"key":"Kunai"},{"floor":28.0,"key":"FossilizedHelix"},{"floor":31.0,"key":"Gambling Chip"},{"floor":38.0,"key":"Orichalcum"},{"floor":43.0,"key":"Ice Cream"}],"event_choices":[{"damage_healed":0.0,"max_hp_gain":0.0,"max_hp_loss":0.0,"gold_gain":0.0,"event_name":"The Cleric","player_choice":"Leave","floor":5.0,"gold_loss":0.0,"damage_taken":0.0},{"damage_healed":0.0,"max_hp_gain":0.0,"max_hp_loss":0.0,"gold_gain":60.0,"event_name":"Golden Wing","player_choice":"Gained Gold","floor":8.0,"gold_loss":0.0,"damage_taken":0.0},{"damage_healed":0.0,"max_hp_gain":0.0,"max_hp_loss":0.0,"gold_gain":0.0,"event_name":"The Library","player_choice":"Read","floor":20.0,"gold_loss":0.0,"damage_taken":0.0,"cards_obtained":["Noxious Fumes"]},{"damage_healed":0.0,"max_hp_gain":0.0,"max_hp_loss":0.0,"gold_gain":0.0,"event_name":"Tomb of Lord Red Mask","player_choice":"Ignored","floor":36.0,"gold_loss":0.0,"damage_taken":0.0},{"damage_healed":0.0,"max_hp_gain":0.0,"max_hp_loss":0.0,"gold_gain":0.0,"event_name":"Mysterious Sphere","player_choice":"Ignored","floor":40.0,"gold_loss":0.0,"damage_taken":0.0},{"cards_removed":["Defend_G"],"damage_healed":0.0,"max_hp_gain":0.0,"max_hp_loss":0.0,"gold_gain":0.0,"event_name":"Falling","player_choice":"Removed Skill","floor":47.0,"gold_loss":0.0,"damage_taken":0.0},{"damage_healed":0.0,"max_hp_gain":0.0,"max_hp_loss":0.0,"gold_gain":0.0,"event_name":"Winding Halls","player_choice":"Embrace Madness","floor":48.0,"gold_loss":0.0,"damage_taken":10.0,"cards_obtained":["Madness","Madness"]}],"is_beta":false,"boss_relics":[{"not_picked":["HoveringKite","Snecko Eye"],"picked":"Tiny House"},{"not_picked":["White Beast Statue","Cursed Key"],"picked":"Ring of the Serpent"}],"items_purged_floors":[],"is_endless":false,"potions_floor_spawned":[3,4,11,12,18,23,28,31,39,41],"killed_by":"Awakened One","ascension_level":1}