{"gold_per_floor":[216,233,243,318,65,92,92,92,92,92,110,127,127,156,156,255,255,274,290,2,2,17,17],"floor_reached":23,"playtime":1246,"items_purged":["Strike_G"],"score":231,"play_id":"fdfabede-5a89-4545-b4fd-a9062a2f75b8","local_time":"20190314173959","is_ascension_mode":true,"campfire_choices":[{"floor":7,"key":"REST"},{"floor":15,"key":"REST"}],"neow_cost":"NONE","seed_source_timestamp":205705024392899,"circlet_count":0,"master_deck":["Survivor","Neutralize","Accuracy","Infinite Blades","Backflip","Blade Dance","Deflect","Bullet Time","Underhanded Strike","Well Laid Plans","Die Die Die","Escape Plan","Dagger Throw","Blade Dance","Calculated Gamble","Die Die Die","Cloak And Dagger","Infinite Blades"],"relics":["Ring of the Snake","Anchor","Nunchaku","Shovel","Ice Cream","Pandora\u0027s Box","Ninja Scroll"],"potions_floor_usage":[6,23],"damage_taken":[{"damage":2,"enemies":"2 Louse","floor":1,"turns":2},{"damage":0,"enemies":"Small Slimes","floor":2,"turns":3},{"damage":6,"enemies":"Cultist","floor":3,"turns":5},{"damage":18,"enemies":"Lagavulin","floor":6,"turns":9},{"damage":3,"enemies":"2 Fungi Beasts","floor":11,"turns":4},{"damage":7,"enemies":"3 Louse","floor":12,"turns":5},{"damage":17,"enemies":"3 Sentries","floor":14,"turns":8},{"damage":74,"enemies":"Slime Boss","floor":16,"turns":18},{"damage":10,"enemies":"Shell Parasite","floor":18,"turns":3},{"damage":18,"enemies":"3 Byrds","floor":19,"turns":4},{"damage":23,"enemies":"Snecko","floor":22,"turns":5},{"damage":19,"enemies":"Book of Stabbing","floor":23,"turns":4}],"seed_played":"-4886501501204932799","potions_obtained":[{"floor":1,"key":"FearPotion"},{"floor":12,"key":"FairyPotion"},{"floor":14,"key":"Dexterity Potion"},{"floor":22,"key":"Weak Potion"}],"is_trial":false,"path_per_floor":["?","?","?","?","M"],"character_chosen":"THE_SILENT","items_purchased":["Infinite Blades","Anchor","Cloak And Dagger","Ninja Scroll"],"campfire_rested":2,"item_purchase_floors":[5,5,20,20],"current_hp_per_floor":[68,68,62,51,51,33,54,54,54,54,51,44,61,44,65,4,70,60,42,42,42,19,0],"gold":17,"neow_bonus":"HUNDRED_GOLD","is_prod":false,"is_daily":false,"chose_seed":false,"campfire_upgraded":0,"win_rate":0,"timestamp":1552581599,"path_taken":["M","M","M","?","$","E","R","?","T","$","M","M","?","E","R","BOSS","M","M","$","?","?","E"],"build_version":"2019-01-23","purchased_purges":1,"victory":false,"max_hp_per_floor":[70,70,70,70,70,70,70,70,70,70,70,70,70,70,70,70,70,70,70,70,67,67,67],"card_choices":[{"not_picked":["Blur","Sucker Punch","Acrobatics"],"picked":"SKIP","floor":1},{"not_picked":["PiercingWail","Noxious Fumes"],"picked":"Accuracy","floor":2},{"not_picked":["Flying Knee","Sucker Punch","Bouncing Flask"],"picked":"SKIP","floor":3},{"not_picked":["Expertise","Prepared"],"picked":"Backflip","floor":6},{"not_picked":["Adrenaline","Outmaneuver"],"picked":"Blade Dance","floor":11},{"not_picked":["Dagger Throw","Heel Hook"],"picked":"Deflect","floor":12},{"not_picked":["Underhanded Strike","Noxious Fumes","Predator"],"picked":"SKIP","floor":14},{"not_picked":["A Thousand Cuts","Venomology"],"picked":"Bullet Time","floor":16},{"not_picked":["Slice","Underhanded Strike","Dagger Spray"],"picked":"SKIP","floor":18},{"not_picked":["Noxious Fumes+1","Outmaneuver+1","Footwork"],"picked":"SKIP","floor":19},{"not_picked":["Heel Hook","Sucker Punch"],"picked":"Infinite Blades","floor":22}],"player_experience":295466,"relics_obtained":[{"floor":6,"key":"Nunchaku"},{"floor":9,"key":"Shovel"},{"floor":14,"key":"Ice Cream"}],"event_choices":[{"damage_healed":0,"gold_gain":75,"player_choice":"Gather Gold","damage_taken":11,"max_hp_gain":0,"max_hp_loss":0,"event_name":"World of Goop","floor":4,"gold_loss":0},{"cards_removed":["Strike_G"],"damage_healed":0,"gold_gain":0,"player_choice":"Forget","damage_taken":0,"max_hp_gain":0,"max_hp_loss":0,"event_name":"Living Wall","floor":8,"gold_loss":0},{"damage_healed":17,"gold_gain":0,"player_choice":"Healed and dodged fight","damage_taken":0,"max_hp_gain":0,"max_hp_loss":0,"event_name":"Mushrooms","floor":13,"gold_loss":0,"cards_obtained":["Parasite"]},{"cards_removed":["Parasite"],"damage_healed":0,"gold_gain":0,"player_choice":"Purged","damage_taken":0,"max_hp_gain":0,"max_hp_loss":0,"event_name":"Purifier","floor":21,"gold_loss":0}],"is_beta":false,"boss_relics":[{"not_picked":["Eternal Feather","Ectoplasm"],"picked":"Pandora\u0027s Box"}],"items_purged_floors":[5],"is_endless":false,"potions_floor_spawned":[1,12,14,22],"killed_by":"Book of Stabbing","ascension_level":3}