{"gold_per_floor":[110,110,129,139,149,183,183,26,26,51,63,63,25,25,25,25],"floor_reached":16,"playtime":579,"items_purged":[],"score":193,"play_id":"0144378d-e369-4c25-8a9d-6762b3363379","local_time":"20190311173555","is_ascension_mode":true,"campfire_choices":[{"floor":7,"key":"REST"},{"floor":12,"key":"REST"},{"data":"Seek","floor":15,"key":"SMITH"}],"neow_cost":"NONE","seed_source_timestamp":1657183832116611,"circlet_count":0,"master_deck":["AscendersBane","Strike_B","Strike_B","Strike_B","Strike_B","Defend_B","Defend_B","Defend_B","Defend_B","Zap","Dualcast","Seek+1","Sunder","Chill","Glacier","Go for the Eyes","Conserve Battery","Glacier","Self Repair"],"special_seed":0,"relics":["Cracked Core","Question Card","Omamori","Torii","Bird Faced Urn"],"potions_floor_usage":[6,10],"damage_taken":[{"damage":4,"enemies":"2 Louse","floor":1,"turns":2},{"damage":0,"enemies":"Cultist","floor":3,"turns":3},{"damage":0,"enemies":"Small Slimes","floor":4,"turns":2},{"damage":3,"enemies":"Blue Slaver","floor":5,"turns":4},{"damage":39,"enemies":"Lagavulin","floor":6,"turns":8},{"damage":29,"enemies":"Gremlin Nob","floor":10,"turns":5},{"damage":1,"enemies":"3 Louse","floor":11,"turns":3},{"damage":39,"enemies":"Hexaghost","floor":16,"turns":16}],"seed_played":"2355911378486934214","potions_obtained":[{"floor":1,"key":"EssenceOfSteel"},{"floor":3,"key":"AttackPotion"}],"is_trial":false,"path_per_floor":["M","?","M","M","M","E","R","$","T","E","M","R","$","?","R","B"],"character_chosen":"DEFECT","items_purchased":["Omamori","Self Repair"],"campfire_rested":2,"item_purchase_floors":[8,13],"current_hp_per_floor":[60,56,56,56,53,14,35,35,35,6,5,26,26,31,31,0],"gold":25,"neow_bonus":"ONE_RANDOM_RARE_CARD","is_prod":false,"is_daily":false,"chose_seed":false,"campfire_upgraded":1,"win_rate":0,"timestamp":1552347355,"path_taken":["M","?","M","M","?","E","R","?","T","E","M","R","$","?","R","BOSS"],"build_version":"2019-01-23","purchased_purges":0,"victory":false,"max_hp_per_floor":[71,71,71,71,71,71,71,71,71,71,71,71,71,76,76,76],"card_choices":[{"not_picked":["Loop","Go for the Eyes"],"picked":"Sunder","floor":1},{"not_picked":["Barrage","Undo"],"picked":"Chill","floor":3},{"not_picked":["Skim","Aggregate","Turbo"],"picked":"SKIP","floor":4},{"not_picked":["Rebound","Aggregate"],"picked":"Glacier","floor":5},{"not_picked":["Streamline","Compile Driver"],"picked":"Go for the Eyes","floor":6},{"not_picked":["Leap","Sweeping Beam","Coolheaded"],"picked":"Conserve Battery","floor":10},{"not_picked":["Sweeping Beam","Stack","Tempest"],"picked":"Glacier","floor":11}],"player_experience":773142,"relics_obtained":[{"floor":6,"key":"Question Card"},{"floor":9,"key":"Torii"},{"floor":10,"key":"Bird Faced Urn"}],"event_choices":[{"damage_healed":0,"gold_gain":0,"player_choice":"Bought 0 Potions","damage_taken":0,"max_hp_gain":0,"max_hp_loss":0,"event_name":"The Woman in Blue","floor":2,"gold_loss":0},{"damage_healed":0,"gold_gain":0,"player_choice":"Donut","damage_taken":0,"max_hp_gain":5,"max_hp_loss":0,"event_name":"Big Fish","floor":14,"gold_loss":0}],"is_beta":false,"boss_relics":[],"items_purged_floors":[],"is_endless":false,"potions_floor_spawned":[1,3,5],"killed_by":"Hexaghost","ascension_level":15}