{"gold_per_floor":[117,117,131,147,49,49,84,84,84,84,84,84,110,185,185,185],"floor_reached":16,"playtime":482,"items_purged":["Strike_R"],"score":180,"play_id":"3aba53b9-a9d1-4370-9b8d-7fa7ab57138c","local_time":"20190319165902","is_ascension_mode":true,"campfire_choices":[{"data":"Body Slam","floor":6,"key":"SMITH"},{"data":"Seeing Red","floor":8,"key":"SMITH"},{"data":"Armaments","floor":12,"key":"SMITH"},{"floor":15,"key":"REST"}],"neow_cost":"NONE","seed_source_timestamp":366148287960111,"circlet_count":0,"master_deck":["AscendersBane","Strike_R","Strike_R","Strike_R","Defend_R","Defend_R","Defend_R","Defend_R","Bash","Limit Break","Armaments+1","Wild Strike","Pommel Strike","Body Slam+1","Seeing Red+1"],"relics":["Burning Blood","Incense Burner","Prayer Wheel","Peace Pipe"],"potions_floor_usage":[16,16],"damage_taken":[{"damage":7,"enemies":"2 Louse","floor":1,"turns":2},{"damage":1,"enemies":"Cultist","floor":3,"turns":3},{"damage":3,"enemies":"Small Slimes","floor":4,"turns":3},{"damage":40,"enemies":"3 Sentries","floor":7,"turns":12},{"damage":31,"enemies":"Lagavulin","floor":13,"turns":8},{"damage":46,"enemies":"Hexaghost","floor":16,"turns":9}],"seed_played":"-4814552181042755355","potions_obtained":[{"floor":4,"key":"GamblersBrew"},{"floor":13,"key":"Regen Potion"}],"is_trial":false,"path_per_floor":["M","?","M","M","$","R","E","R","T","$","?","R","E","?","R","B"],"character_chosen":"IRONCLAD","items_purchased":["Body Slam"],"campfire_rested":1,"item_purchase_floors":[5],"current_hp_per_floor":[67,75,75,75,75,75,41,41,41,41,41,41,16,5,27,0],"gold":185,"neow_bonus":"ONE_RANDOM_RARE_CARD","is_prod":false,"is_daily":false,"chose_seed":false,"campfire_upgraded":3,"win_rate":0,"timestamp":1552982342,"path_taken":["M","?","M","M","$","R","E","R","T","?","?","R","E","?","R","BOSS"],"build_version":"2019-01-23","purchased_purges":1,"victory":false,"max_hp_per_floor":[75,75,75,75,75,75,75,75,75,75,75,75,75,75,75,75],"card_choices":[{"not_picked":["Clothesline","Headbutt"],"picked":"Armaments","floor":1},{"not_picked":["Anger","Battle Trance"],"picked":"Wild Strike","floor":3},{"not_picked":["Dual Wield","Searing Blow"],"picked":"Pommel Strike","floor":4},{"not_picked":["Battle Trance","Wild Strike"],"picked":"Seeing Red","floor":7},{"not_picked":["Rage","Pummel","Cleave"],"picked":"SKIP","floor":13}],"player_experience":435617,"relics_obtained":[{"floor":7,"key":"Incense Burner"},{"floor":9,"key":"Prayer Wheel"},{"floor":13,"key":"Peace Pipe"}],"event_choices":[{"damage_healed":8,"gold_gain":0,"player_choice":"Full Heal","damage_taken":0,"max_hp_gain":0,"max_hp_loss":0,"event_name":"Wheel of Change","floor":2,"gold_loss":0},{"cards_removed":["Strike_R"],"damage_healed":0,"gold_gain":0,"player_choice":"Forget","damage_taken":0,"max_hp_gain":0,"max_hp_loss":0,"event_name":"Living Wall","floor":11,"gold_loss":0},{"damage_healed":0,"gold_gain":75,"player_choice":"Gather Gold","damage_taken":11,"max_hp_gain":0,"max_hp_loss":0,"event_name":"World of Goop","floor":14,"gold_loss":0}],"is_beta":false,"boss_relics":[],"items_purged_floors":[5],"is_endless":false,"potions_floor_spawned":[4,13],"killed_by":"Hexaghost","ascension_level":14}