{"gold_per_floor":[114,23,23,23,40,52,84,84,109,179,179,35,45,60,60,60],"floor_reached":16,"playtime":847,"items_purged":["Strike_G"],"score":100,"play_id":"edbad738-55d8-48c8-8bf3-e42dffd3c1aa","local_time":"20190210170114","is_ascension_mode":false,"campfire_choices":[{"floor":8,"key":"REST"},{"floor":15,"key":"REST"}],"neow_cost":"NONE","seed_source_timestamp":263707912855111,"circlet_count":0,"master_deck":["Defend_G","Defend_G","Defend_G","Defend_G","Defend_G","Strike_G","Strike_G+1","Strike_G+1","Survivor","Neutralize","Accuracy","Blade Dance","Cloak And Dagger","Burst","Well Laid Plans"],"special_seed":0,"relics":["Ring of the Snake","Centennial Puzzle","Pen Nib","Dodecahedron"],"potions_floor_usage":[],"damage_taken":[{"damage":0.0,"enemies":"2 Louse","floor":1.0,"turns":4.0},{"damage":2.0,"enemies":"Jaw Worm","floor":5.0,"turns":4.0},{"damage":0.0,"enemies":"Small Slimes","floor":6.0,"turns":3.0},{"damage":26,"enemies":"Gremlin Nob","floor":7,"turns":5},{"damage":1,"enemies":"Gremlin Gang","floor":13,"turns":8},{"damage":0,"enemies":"Looter","floor":14,"turns":3},{"damage":72,"enemies":"Hexaghost","floor":16,"turns":16}],"seed_played":"898525070635935159","potions_obtained":[{"floor":5.0,"key":"Ancient Potion"}],"is_trial":false,"path_per_floor":["?","?","T","?","$","M"],"character_chosen":"THE_SILENT","items_purchased":["Accuracy","Blade Dance","Well Laid Plans"],"campfire_rested":2,"item_purchase_floors":[2,2,12],"current_hp_per_floor":[70,70,56,56,54,54,28,49,49,49,49,49,48,48,69,0],"gold":60,"neow_bonus":"REMOVE_CARD","is_prod":false,"is_daily":false,"chose_seed":false,"campfire_upgraded":0,"win_rate":0.0,"timestamp":1549814474,"path_taken":["M","$","?","?","M","M","E","R","T","?","?","?","M","?","R","BOSS"],"build_version":"2019-01-23","purchased_purges":1,"victory":false,"max_hp_per_floor":[70,70,70,70,70,70,70,70,70,70,70,70,70,70,70,70],"card_choices":[{"not_picked":["Underhanded Strike","Sucker Punch","Riddle With Holes"],"picked":"SKIP","floor":1.0},{"not_picked":["Terror","Dagger Spray"],"picked":"Cloak And Dagger","floor":5.0},{"not_picked":["Underhanded Strike","Tactician","Caltrops"],"picked":"SKIP","floor":6.0},{"not_picked":["Flying Knee","Quick Slash"],"picked":"Burst","floor":7},{"not_picked":["PiercingWail","Caltrops","Deflect"],"picked":"SKIP","floor":13},{"not_picked":["Acrobatics","Escape Plan","Prepared"],"picked":"SKIP","floor":14}],"player_experience":142418,"relics_obtained":[{"floor":7,"key":"Centennial Puzzle"},{"floor":9,"key":"Pen Nib"},{"floor":10,"key":"Dodecahedron"}],"event_choices":[{"damage_healed":0.0,"max_hp_gain":0.0,"max_hp_loss":0.0,"gold_gain":0.0,"event_name":"Shining Light","player_choice":"Entered Light","floor":3.0,"gold_loss":0.0,"damage_taken":14.0,"cards_upgraded":["Strike_G","Strike_G"]},{"damage_healed":0.0,"max_hp_gain":0.0,"max_hp_loss":0.0,"gold_gain":0.0,"event_name":"The Cleric","player_choice":"Leave","floor":4.0,"gold_loss":0.0,"damage_taken":0.0},{"damage_healed":0,"gold_gain":0,"player_choice":"Ignored","damage_taken":0,"max_hp_gain":0,"max_hp_loss":0,"event_name":"Golden Wing","floor":11,"gold_loss":0}],"is_beta":false,"boss_relics":[],"items_purged_floors":[12],"is_endless":false,"potions_floor_spawned":[5],"killed_by":"Hexaghost","ascension_level":0}