{"gold_per_floor":[110,129,129,31,47,77,77,91,91,116,142,158,172,185,185,284,284,298,298,298,308,2,28,28,42,42,42,42,68,68,87,87,189,239,251,95,0,12,12,12,12],"floor_reached":41,"playtime":2242,"items_purged":[],"score":749,"play_id":"fb0f4b7f-1362-4974-a31a-58988073e54a","local_time":"20180822182026","is_ascension_mode":true,"campfire_choices":[{"data":"Go for the Eyes","floor":7,"key":"SMITH"},{"data":"Dualcast","floor":15,"key":"SMITH"},{"floor":27,"key":"REST"},{"data":"Zap","floor":32,"key":"SMITH"},{"data":"Biased Cognition","floor":40,"key":"SMITH"}],"neow_cost":"NONE","seed_source_timestamp":284397744472410,"circlet_count":0,"master_deck":["Strike_B","Strike_B","Strike_B","Strike_B","Defend_B","Defend_B","Defend_B","Defend_B","Zap+1","Dualcast+1","AscendersBane","Glacier","Leap+1","Self Repair","Streamline","Cold Snap","Go for the Eyes+1","Cold Snap","Hologram","Hologram","Cold Snap+1","Redo","All For One+1","Steam","Writhe","FTL+1","FTL+1","Seek+1","Core Surge+1","Defragment+1","Biased Cognition+1","Ball Lightning+1","Hologram+1","Gash+1","Impatience+1","White Noise+1","Violence+1","Flash of Steel+1","Panacea+1"],"relics":["White Beast Statue","Kunai","Letter Opener","Molten Egg 2","Vajra","Nuclear Battery","Toxic Egg 2","Torii","Orichalcum","Bottled Flame","Ancient Tea Set","Incense Burner","Tiny House","Red Mask"],"potions_floor_usage":[6,8,10,10,10,12,18,23,25,25,25,25,25,29,29,33,38,38,41,41],"damage_taken":[{"damage":0,"enemies":"Cultist","floor":1,"turns":4},{"damage":7,"enemies":"2 Louse","floor":2,"turns":4},{"damage":8,"enemies":"Jaw Worm","floor":5,"turns":5},{"damage":2,"enemies":"3 Sentries","floor":6,"turns":10},{"damage":8,"enemies":"Exordium Wildlife","floor":8,"turns":2},{"damage":0,"enemies":"Lagavulin","floor":10,"turns":9},{"damage":0,"enemies":"Large Slime","floor":12,"turns":5},{"damage":1,"enemies":"2 Fungi Beasts","floor":13,"turns":5},{"damage":5,"enemies":"3 Louse","floor":14,"turns":5},{"damage":22,"enemies":"Hexaghost","floor":16,"turns":15},{"damage":39,"enemies":"3 Byrds","floor":18,"turns":9},{"damage":15,"enemies":"Spheric Guardian","floor":21,"turns":4},{"damage":3,"enemies":"Book of Stabbing","floor":23,"turns":5},{"damage":0,"enemies":"Centurion and Healer","floor":25,"turns":6},{"damage":18,"enemies":"Slavers","floor":29,"turns":7},{"damage":6,"enemies":"Snecko","floor":31,"turns":6},{"damage":30,"enemies":"Collector","floor":33,"turns":16},{"damage":8,"enemies":"3 Shapes","floor":35,"turns":8},{"damage":2,"enemies":"3 Darklings","floor":38,"turns":7},{"damage":73,"enemies":"Giant Head","floor":41,"turns":10}],"seed_played":"-2870338401132449327","potions_obtained":[{"floor":1,"key":"SkillPotion"},{"floor":2,"key":"Poison Potion"},{"floor":5,"key":"SteroidPotion"},{"floor":6,"key":"Energy Potion"},{"floor":8,"key":"EssenceOfSteel"},{"floor":10,"key":"Fire Potion"},{"floor":12,"key":"SneckoOil"},{"floor":13,"key":"Ancient Potion"},{"floor":14,"key":"FocusPotion"},{"floor":16,"key":"Strength Potion"},{"floor":18,"key":"Strength Potion"},{"floor":21,"key":"PowerPotion"},{"floor":23,"key":"Poison Potion"},{"floor":24,"key":"EntropicBrew"},{"floor":24,"key":"Fruit Juice"},{"floor":25,"key":"Poison Potion"},{"floor":29,"key":"SkillPotion"},{"floor":31,"key":"GamblersBrew"},{"floor":33,"key":"SpeedPotion"},{"floor":34,"key":"Swift Potion"},{"floor":35,"key":"Block Potion"},{"floor":38,"key":"EssenceOfSteel"}],"is_trial":false,"path_per_floor":["M","M","?","$","M","E","R","M","T","E","T","M","M","M","R","B",null,"M","?","?","M","$","E","?","M","T","R","$","E","T","M","R","B",null,"M","$","?","M","?","R"],"character_chosen":"DEFECT","items_purchased":["Self Repair","Streamline","Torii","Gash+1","Impatience+1"],"campfire_rested":1,"item_purchase_floors":[4,4,22,36,36],"current_hp_per_floor":[68,61,61,61,60,65,65,57,57,64,64,71,75,75,75,60,71,39,25,25,17,17,14,14,26,26,51,51,40,40,41,41,18,73,72,72,72,77,67,67,0],"gold":12,"neow_bonus":"BOSS_RELIC","is_prod":false,"is_daily":false,"chose_seed":false,"campfire_upgraded":4,"win_rate":0,"timestamp":1534983626,"path_taken":["M","M","?","?","M","E","R","M","T","E","?","M","M","M","R","BOSS","M","?","?","M","$","E","?","M","T","R","$","E","?","M","R","BOSS","M","$","?","M","?","R","E"],"build_version":"2018-08-16","purchased_purges":0,"victory":false,"max_hp_per_floor":[75,75,75,75,75,75,75,75,75,75,75,75,75,75,75,75,75,75,80,80,80,80,80,80,85,85,85,85,85,85,85,85,85,90,90,90,90,90,90,90,90],"card_choices":[{"not_picked":["Steam","Go for the Eyes"],"picked":"Glacier","floor":1},{"not_picked":["Storm","FTL"],"picked":"Leap","floor":2},{"not_picked":["Steam","FTL"],"picked":"Cold Snap","floor":5},{"not_picked":["Reinforced Body","Chaos"],"picked":"Go for the Eyes","floor":6},{"not_picked":["Go for the Eyes","Streamline"],"picked":"Cold Snap","floor":8},{"not_picked":["Storm","Recycle"],"picked":"Hologram","floor":10},{"not_picked":["Rebound+1","Auto Shields"],"picked":"Hologram","floor":12},{"not_picked":["Multi-Cast","Reinforced Body"],"picked":"Cold Snap+1","floor":13},{"not_picked":["Hologram","Rip and Tear+1"],"picked":"Redo","floor":14},{"not_picked":["Seek","Echo Form"],"picked":"All For One+1","floor":16},{"not_picked":["Stack","Turbo"],"picked":"Steam","floor":18},{"not_picked":["Doom and Gloom+1","Auto Shields+1"],"picked":"FTL+1","floor":21},{"not_picked":["Streamline+1","Leap+1"],"picked":"FTL+1","floor":23},{"not_picked":["Ball Lightning+1","Double Energy+1"],"picked":"Seek+1","floor":25},{"not_picked":["Redo+1","Beam Cell+1"],"picked":"Core Surge+1","floor":29},{"not_picked":["Sweeping Beam+1","Heatsinks"],"picked":"Defragment+1","floor":31},{"not_picked":["Hyperbeam+1","Core Surge+1"],"picked":"Biased Cognition","floor":33},{"not_picked":["Compile Driver+1","Hologram+1"],"picked":"Ball Lightning+1","floor":34},{"not_picked":["Steam Power+1","Static Discharge"],"picked":"Hologram+1","floor":35},{"not_picked":["Blizzard+1","Tempest+1"],"picked":"White Noise+1","floor":38},{"not_picked":["Forethought+1","Secret Technique+1"],"picked":"Violence+1","floor":39},{"not_picked":["Jack Of All Trades+1","Discovery+1"],"picked":"Flash of Steel+1","floor":39},{"not_picked":["Enlightenment+1","Good Instincts+1"],"picked":"Panacea+1","floor":39}],"player_experience":421701,"relics_obtained":[{"floor":6,"key":"Kunai"},{"floor":9,"key":"Letter Opener"},{"floor":10,"key":"Molten Egg 2"},{"floor":11,"key":"Vajra"},{"floor":23,"key":"Orichalcum"},{"floor":26,"key":"Bottled Flame"},{"floor":29,"key":"Ancient Tea Set"},{"floor":30,"key":"Incense Burner"}],"event_choices":[{"event_name":"Liars Game","player_choice":"disagreed","floor":3,"damage_taken":0},{"event_name":"Forgotten Altar","player_choice":"Shed Blood","floor":19,"damage_taken":0},{"event_name":"The Mausoleum","player_choice":"Yes","floor":20,"damage_taken":0},{"event_name":"The Lab","player_choice":"Got Potions","floor":24,"damage_taken":0},{"event_name":"Tomb of Lord Red Mask","player_choice":"Paid","floor":37,"damage_taken":0},{"event_name":"SensoryStone","player_choice":"Memory 3","floor":39,"damage_taken":0}],"is_beta":false,"boss_relics":[{"not_picked":["Cursed Key","Orrery"],"picked":"Nuclear Battery"},{"not_picked":["Black Star","Philosopher\u0027s Stone"],"picked":"Tiny House"}],"items_purged_floors":[],"is_endless":false,"potions_floor_spawned":[1,2,5,6,8,10,12,13,14,16,18,21,23,25,29,31,33,35,38],"killed_by":"Giant Head","ascension_level":10}