{"path_per_floor":["M","?","?","M","M","R","?","M","T","M","$","?","M","E","R","B",null,"M","M","?","$","?"],"character_chosen":"DEFECT","items_purchased":["Apotheosis","Self Repair"],"gold_per_floor":[113,113,113,129,145,145,245,261,261,281,206,206,224,257,257,383,383,396,419,419,156,156,156],"floor_reached":23,"campfire_rested":1,"playtime":1016,"current_hp_per_floor":[73,58,58,52,52,52,52,48,48,42,42,42,35,29,51,31,75,65,53,53,53,53,0],"items_purged":["Regret"],"gold":156,"score":190,"play_id":"396882db-faa6-4746-a0f9-5fa64c2af56f","local_time":"20180501224216","is_prod":false,"is_daily":false,"chose_seed":false,"is_ascension_mode":false,"campfire_upgraded":1,"timestamp":1525232536,"path_taken":["M","?","?","M","M","R","?","?","T","M","$","?","M","E","R","BOSS","M","M","?","$","?","E"],"build_version":"2018-05-01","seed_source_timestamp":0,"purchased_purges":2,"victory":false,"master_deck":["Strike_B+1","Strike_B","Strike_B+1","Strike_B","Defend_B","Defend_B","Defend_B","Defend_B","Zap+1","Dualcast+1","Stack","Static Discharge","Beam Cell+1","Ball Lightning","Defragment","Machine Learning","Go for the Eyes","Glacier+1","Apotheosis","Self Repair","Defragment"],"max_hp_per_floor":[75,75,75,75,75,75,75,75,75,75,75,75,75,75,75,75,75,75,75,75,75,75,75],"relics":["Cracked Core","Kunai","Ornamental Fan","Golden Idol","Whetstone","Cursed Key","Spirit Poop"],"card_choices":[{"not_picked":["Skim","Streamline"],"picked":"Stack","floor":1},{"not_picked":["Axe Kick","Leap"],"picked":"Static Discharge","floor":4},{"not_picked":["Skim","Chill"],"picked":"Beam Cell","floor":5},{"not_picked":["Sweeping Beam","Barrage"],"picked":"Ball Lightning","floor":8},{"not_picked":["Axe Kick","Reboot"],"picked":"Defragment","floor":10},{"not_picked":["Seek","Creative AI"],"picked":"Machine Learning","floor":16},{"not_picked":["Barrage","Conserve Battery"],"picked":"Go for the Eyes","floor":18},{"not_picked":["Axe Kick","Streamline"],"picked":"Glacier","floor":19}],"player_experience":23958,"potions_floor_usage":[14,16],"damage_taken":[{"damage":2,"enemies":"2 Louse","floor":1,"turns":3},{"damage":6,"enemies":"Jaw Worm","floor":4,"turns":2},{"damage":0,"enemies":"Small Slimes","floor":5,"turns":2},{"damage":4,"enemies":"Looter","floor":8,"turns":3},{"damage":6,"enemies":"Lots of Slimes","floor":10,"turns":4},{"damage":7,"enemies":"2 Fungi Beasts","floor":13,"turns":3},{"damage":6,"enemies":"3 Sentries","floor":14,"turns":6},{"damage":20,"enemies":"The Guardian","floor":16,"turns":8},{"damage":10,"enemies":"3 Byrds","floor":18,"turns":4},{"damage":12,"enemies":"Spheric Guardian","floor":19,"turns":4},{"damage":54,"enemies":"Slavers","floor":23,"turns":4}],"event_choices":[{"event_name":"Shining Light","player_choice":"Entered Light","floor":2,"damage_taken":0},{"event_name":"Big Fish","player_choice":"Box","floor":3,"damage_taken":0},{"event_name":"Golden Shrine","player_choice":"Pray","floor":7,"damage_taken":0},{"event_name":"Golden Idol","player_choice":"Take Wound","floor":12,"damage_taken":0},{"event_name":"Bonfire Elementals","player_choice":"CURSE","floor":20,"damage_taken":0},{"event_name":"Duplicator","player_choice":"One dupe","floor":22,"damage_taken":0}],"boss_relics":[{"not_picked":["Orrery","Black Star"],"picked":"Cursed Key"}],"potions_floor_spawned":[8,13,16],"seed_played":"-5126111077805796289","killed_by":"Slavers","ascension_level":0,"is_trial":false}