{"gold_per_floor":[118,68,68,68,81,81,91,56,79,79,79,97,112,112,112,232,232,250,275,275,275,295,295,338,437,512,512],"floor_reached":27,"playtime":902,"items_purged":[],"score":231,"play_id":"6f198eb6-2d1f-48e2-87da-bf4bc7291f52","local_time":"20190313152600","is_ascension_mode":true,"campfire_choices":[{"data":"White Noise","floor":6,"key":"SMITH"},{"floor":15,"key":"REST"},{"data":"Self Repair","floor":23,"key":"SMITH"}],"neow_cost":"NONE","seed_source_timestamp":111610493096219,"circlet_count":0,"master_deck":["Strike_B","Strike_B","Strike_B","Defend_B","Defend_B","Defend_B","Defend_B","Zap","Dualcast","Seek","White Noise+1","Self Repair+1","Chaos","Storm","Sweeping Beam","Storm","Biased Cognition","BootSequence","Writhe","Leap","Conserve Battery"],"relics":["Cracked Core","GremlinMask","Orichalcum","Mummified Hand","Spirit Poop","Golden Idol","Sozu","Frozen Egg 2","Anchor","Bottled Tornado"],"potions_floor_usage":[16],"damage_taken":[{"damage":12,"enemies":"Small Slimes","floor":1,"turns":4},{"damage":0,"enemies":"Cultist","floor":5,"turns":3},{"damage":1,"enemies":"2 Louse","floor":7,"turns":3},{"damage":17,"enemies":"Large Slime","floor":12,"turns":5},{"damage":14,"enemies":"Lots of Slimes","floor":13,"turns":4},{"damage":7,"enemies":"Slime Boss","floor":16,"turns":8},{"damage":4,"enemies":"Chosen","floor":18,"turns":3},{"damage":12,"enemies":"Shell Parasite","floor":19,"turns":4},{"damage":16,"enemies":"Snecko","floor":22,"turns":6},{"damage":48,"enemies":"Book of Stabbing","floor":24,"turns":6},{"damage":22,"enemies":"Gremlin Leader","floor":27,"turns":3}],"seed_played":"-5596674855993450752","potions_obtained":[{"floor":12,"key":"SteroidPotion"},{"floor":13,"key":"Explosive Potion"}],"is_trial":false,"path_per_floor":["?","?","M","?","?","M","?","?","?","M","?"],"character_chosen":"DEFECT","items_purchased":["Storm"],"campfire_rested":1,"item_purchase_floors":[8],"current_hp_per_floor":[63,63,63,63,63,63,69,69,69,69,69,59,52,52,69,69,69,69,64,64,64,55,55,17,17,17,0],"gold":512,"neow_bonus":"ONE_RANDOM_RARE_CARD","is_prod":false,"is_daily":false,"chose_seed":false,"campfire_upgraded":2,"win_rate":0,"timestamp":1552487160,"path_taken":["M","?","?","$","?","R","M","$","T","?","?","?","M","?","R","BOSS","M","M","?","?","?","R","E","?","T","E"],"build_version":"2019-01-23","purchased_purges":0,"victory":false,"max_hp_per_floor":[75,75,75,75,75,75,75,75,75,75,75,75,75,69,69,69,69,69,69,69,69,69,69,69,69,69,69],"card_choices":[{"not_picked":["Sweeping Beam","Force Field"],"picked":"White Noise","floor":1},{"not_picked":["Heatsinks","Doom and Gloom"],"picked":"Self Repair","floor":5},{"not_picked":["Coolheaded","FTL"],"picked":"Chaos","floor":7},{"not_picked":["Compile Driver","Beam Cell"],"picked":"Sweeping Beam","floor":12},{"not_picked":["Tempest","Leap"],"picked":"Storm","floor":13},{"not_picked":["Thunder Strike","Machine Learning"],"picked":"Biased Cognition","floor":16},{"not_picked":["Streamline","Hologram","Compile Driver+1"],"picked":"SKIP","floor":18},{"not_picked":["Ball Lightning","Conserve Battery"],"picked":"BootSequence","floor":19},{"not_picked":["Coolheaded","Cold Snap"],"picked":"Leap","floor":22},{"not_picked":["Multi-Cast","Aggregate+1"],"picked":"Conserve Battery","floor":24}],"player_experience":254089,"relics_obtained":[{"floor":9,"key":"Orichalcum"},{"floor":24,"key":"Anchor"},{"floor":26,"key":"Bottled Tornado"}],"event_choices":[{"cards_removed":["Strike_B"],"damage_healed":0,"gold_gain":0,"player_choice":"Card Removal","damage_taken":0,"max_hp_gain":0,"max_hp_loss":0,"event_name":"The Cleric","floor":2,"gold_loss":50},{"damage_healed":0,"gold_gain":0,"player_choice":"Trade","damage_taken":0,"relics_obtained":["GremlinMask"],"max_hp_gain":0,"max_hp_loss":0,"event_name":"FaceTrader","floor":3,"gold_loss":0},{"damage_healed":0,"gold_gain":0,"player_choice":"Box","damage_taken":0,"relics_obtained":["Mummified Hand"],"max_hp_gain":0,"max_hp_loss":0,"event_name":"Big Fish","floor":10,"gold_loss":0,"cards_obtained":["Regret"]},{"cards_removed":["Regret"],"damage_healed":0,"gold_gain":0,"player_choice":"Offered Curse","damage_taken":0,"relics_obtained":["Spirit Poop"],"max_hp_gain":0,"max_hp_loss":0,"event_name":"Bonfire Elementals","floor":11,"gold_loss":0},{"damage_healed":0,"gold_gain":0,"player_choice":"Lose Max HP","damage_taken":0,"relics_obtained":["Golden Idol"],"max_hp_gain":0,"max_hp_loss":6,"event_name":"Golden Idol","floor":14,"gold_loss":0},{"damage_healed":0,"gold_gain":0,"player_choice":"Opened","damage_taken":0,"relics_obtained":["Frozen Egg 2"],"max_hp_gain":0,"max_hp_loss":0,"event_name":"The Mausoleum","floor":20,"gold_loss":0,"cards_obtained":["Writhe"]},{"damage_healed":0,"gold_gain":0,"player_choice":"Bought 0 Potions","damage_taken":0,"max_hp_gain":0,"max_hp_loss":0,"event_name":"The Woman in Blue","floor":21,"gold_loss":0},{"damage_healed":0,"gold_gain":99,"player_choice":"Stole From Cult","damage_taken":0,"max_hp_gain":0,"max_hp_loss":0,"event_name":"Nest","floor":25,"gold_loss":0}],"is_beta":false,"boss_relics":[{"not_picked":["Ectoplasm","Astrolabe"],"picked":"Sozu"}],"items_purged_floors":[],"is_endless":false,"potions_floor_spawned":[12,13,19,24],"killed_by":"Gremlin Leader","ascension_level":1}