{"gold_per_floor":[113,113,131,144,244,244,271,271,271,271,285,305,322,322,322,419,419,433,154,154,174,190,190,201,218,243,243,243,168,181,280,280,379,379,390,405,405,415,161,161,176,176,176,176,195,212,212,229,229,229],"floor_reached":50,"playtime":1836,"items_purged":["Strike_B","Strike_B"],"score":448,"play_id":"d69dc5b1-f378-40e5-a6c6-84a3d2563b27","local_time":"20180801131903","is_ascension_mode":false,"campfire_choices":[{"data":"Rip and Tear","floor":6.0,"key":"SMITH"},{"data":"Meteor Strike","floor":8.0,"key":"SMITH"},{"data":"Rebound","floor":10.0,"key":"SMITH"},{"data":"Conserve Battery","floor":15.0,"key":"SMITH"},{"data":"Doom and Gloom","floor":23,"key":"SMITH"},{"data":"Panache","floor":27,"key":"SMITH"},{"data":"Reboot","floor":32,"key":"SMITH"},{"data":"Meteor Strike","floor":40,"key":"SMITH"},{"data":"Conserve Battery","floor":42,"key":"SMITH"},{"data":"Rainbow","floor":49,"key":"SMITH"}],"neow_cost":"NONE","seed_source_timestamp":0,"circlet_count":0,"master_deck":["Defend_B+1","Defend_B+1","Defend_B+1","Zap+1","Dualcast+1","Rip and Tear+1","Rebound+1","Reboot+1","Meteor Strike+1","Conserve Battery+1","Conserve Battery+1","Streamline+1","Creative AI+1","Coolheaded+1","Panache+1","Doom and Gloom+1","Self Repair+1","Meteor Strike+1","Tempest+1","Force Field+1","Capacitor+1","Tempest+1","Rainbow+1"],"special_seed":0,"relics":["Snecko Eye","Mark of the Bloom"],"potions_floor_usage":[33,33,33,38,38,50,50],"damage_taken":[{"damage":0.0,"enemies":"2 Louse","floor":1.0,"turns":2.0},{"damage":0.0,"enemies":"Cultist","floor":3.0,"turns":2.0},{"damage":2.0,"enemies":"Small Slimes","floor":4.0,"turns":5.0},{"damage":25.0,"enemies":"3 Sentries","floor":7.0,"turns":6.0},{"damage":0.0,"enemies":"Exordium Thugs","floor":11.0,"turns":2.0},{"damage":0.0,"enemies":"Large Slime","floor":12.0,"turns":2.0},{"damage":5.0,"enemies":"Blue Slaver","floor":13.0,"turns":3.0},{"damage":5.0,"enemies":"The Guardian","floor":16.0,"turns":7.0},{"damage":18.0,"enemies":"3 Byrds","floor":18.0,"turns":5.0},{"damage":0,"enemies":"Chosen","floor":21,"turns":2},{"damage":10,"enemies":"Snecko","floor":22,"turns":3},{"damage":0,"enemies":"Cultist and Chosen","floor":24,"turns":4},{"damage":6,"enemies":"Snake Plant","floor":25,"turns":3},{"damage":0,"enemies":"Snecko","floor":30,"turns":3},{"damage":7,"enemies":"Champ","floor":33,"turns":6},{"damage":20,"enemies":"3 Darklings","floor":35,"turns":3},{"damage":4,"enemies":"Orb Walker","floor":36,"turns":3},{"damage":16,"enemies":"3 Darklings","floor":38,"turns":2},{"damage":2,"enemies":"Maw","floor":41,"turns":5},{"damage":0,"enemies":"Spire Growth","floor":45,"turns":2},{"damage":14,"enemies":"Sphere and 2 Shapes","floor":46,"turns":2},{"damage":24,"enemies":"Maw","floor":48,"turns":5},{"damage":14,"enemies":"Donu and Deca","floor":50,"turns":4}],"seed_played":"-7375441076673995247","potions_obtained":[{"floor":1.0,"key":"SpeedPotion"},{"floor":11.0,"key":"PowerPotion"},{"floor":13.0,"key":"AttackPotion"},{"floor":21,"key":"EssenceOfSteel"},{"floor":25,"key":"SkillPotion"},{"floor":33,"key":"PowerPotion"},{"floor":35,"key":"FocusPotion"},{"floor":36,"key":"Regen Potion"},{"floor":48,"key":"Dexterity Potion"}],"is_trial":false,"path_per_floor":["M","?","M","M","?","R","E","R","T","R","M","M","M","?","R","B",null,"M","$","?","M","M","R","M","M","T","R","?","?","M","?","R","B",null,"M","M","?","M","$","R","M","R","T","?","M","M","$","M","R"],"character_chosen":"DEFECT","items_purchased":["Panache","Force Field","Capacitor"],"campfire_rested":0,"item_purchase_floors":[19,39,39],"current_hp_per_floor":[75,75,75,73,73,73,48,48,48,48,48,48,43,43,43,38,75,57,57,57,57,47,47,47,41,41,41,41,41,48,48,48,48,75,55,58,58,47,47,47,52,52,52,52,52,38,38,14,14,0],"gold":229,"neow_bonus":"BOSS_RELIC","is_prod":false,"is_daily":false,"chose_seed":false,"campfire_upgraded":10,"win_rate":0,"timestamp":1533151143,"path_taken":["M","?","M","M","?","R","E","R","T","R","M","M","M","?","R","BOSS","BOSS","M","$","?","M","M","R","M","M","T","R","?","?","M","?","R","BOSS","M","?","?","M","$","R","M","R","T","?","M","M","$","M","R","BOSS"],"build_version":"2018-07-26","purchased_purges":2,"victory":false,"max_hp_per_floor":[75,75,75,75,75,75,75,75,75,75,75,75,75,75,75,75,75,75,75,75,75,75,75,75,75,75,75,75,75,75,75,75,75,75,75,75,75,75,75,75,75,75,75,75,75,75,75,75,75,75],"card_choices":[{"not_picked":["BootSequence","Leap"],"picked":"Rip and Tear","floor":1.0},{"not_picked":["Compile Driver","Gash"],"picked":"Rebound","floor":3.0},{"not_picked":["Beam Cell","Compile Driver"],"picked":"Reboot","floor":4.0},{"not_picked":["Steam","Hologram"],"picked":"Meteor Strike","floor":7.0},{"not_picked":["Compile Driver","Chill"],"picked":"Conserve Battery","floor":11.0},{"not_picked":["Compile Driver","Coolheaded"],"picked":"Conserve Battery","floor":12.0},{"not_picked":["Cold Snap","Beam Cell"],"picked":"Streamline","floor":13.0},{"not_picked":["Amplify","Fission"],"picked":"Creative AI","floor":16.0},{"not_picked":["Defragment","Rebound"],"picked":"Coolheaded","floor":18},{"not_picked":["Stack","Chill","Beam Cell"],"picked":"SKIP","floor":21},{"not_picked":["Genetic Algorithm","Coolheaded"],"picked":"Doom and Gloom","floor":22},{"not_picked":["Redo","Sweeping Beam","Biased Cognition"],"picked":"SKIP","floor":24},{"not_picked":["Turbo+1","Conserve Battery+1"],"picked":"Self Repair","floor":25},{"not_picked":["Stack","Melter","Conserve Battery"],"picked":"SKIP","floor":30},{"not_picked":["Fission","Machine Learning"],"picked":"Meteor Strike","floor":33},{"not_picked":["BootSequence+1","Chaos"],"picked":"Tempest+1","floor":35},{"not_picked":["Turbo","Steam","Beam Cell"],"picked":"SKIP","floor":36},{"not_picked":["Streamline","Lockon+1","Cold Snap+1"],"picked":"SKIP","floor":38},{"not_picked":["Reinforced Body","Beam Cell"],"picked":"Tempest+1","floor":41},{"not_picked":["Gash+1","Barrage+1"],"picked":"Rainbow","floor":45},{"not_picked":["Undo","Turbo","Storm+1"],"picked":"SKIP","floor":46},{"not_picked":["Darkness+1","Blizzard","Beam Cell"],"picked":"SKIP","floor":48}],"player_experience":319520,"relics_obtained":[],"event_choices":[{"event_name":"The Woman in Blue","player_choice":"Bought 0 Potions","floor":2.0,"damage_taken":0.0},{"event_name":"Wheel of Change","player_choice":"Gold","floor":5.0,"damage_taken":0.0},{"event_name":"Living Wall","player_choice":"Forget","floor":14.0,"damage_taken":0.0},{"event_name":"Back to Basics","player_choice":"Elegance","floor":20,"damage_taken":0},{"event_name":"Cursed Tome","player_choice":"Ignored","floor":28,"damage_taken":0},{"event_name":"Beggar","player_choice":"Gave Gold","floor":29,"damage_taken":0},{"event_name":"Nest","player_choice":"Stole From Cult","floor":31,"damage_taken":0},{"event_name":"Tomb of Lord Red Mask","player_choice":"Ignored","floor":37,"damage_taken":0},{"event_name":"MindBloom","player_choice":"Upgrade","floor":44,"damage_taken":0}],"is_beta":false,"boss_relics":[{"not_picked":["Lizard Tail","Velvet Choker","Busted Crown"]},{"not_picked":["White Beast Statue","Cursed Key","Sozu"]}],"items_purged_floors":[19,39],"is_endless":false,"potions_floor_spawned":[1,11,13,21,24,25,33,35,36,48],"killed_by":"Donu and Deca","ascension_level":0}