{"gold_per_floor":[213,227,58,58,77,105,120,120,120,120,51,65,65,85,85,189,189,178,178,27,54,71,71,98,118,118,130,130],"floor_reached":28,"playtime":1139,"items_purged":["Strike_B"],"score":240,"play_id":"977dde16-0b14-4ac3-8fe7-0f2795dfcfdc","local_time":"20190318134213","is_ascension_mode":false,"campfire_choices":[{"data":"Zap","floor":8,"key":"SMITH"},{"data":"Chaos","floor":10,"key":"SMITH"},{"data":"Loop","floor":13,"key":"SMITH"},{"data":"Echo Form","floor":15,"key":"SMITH"},{"data":"Creative AI","floor":23,"key":"SMITH"}],"neow_cost":"NONE","seed_source_timestamp":306385221214914,"circlet_count":0,"master_deck":["Strike_B","Strike_B","Defend_B","Defend_B+1","Defend_B","Defend_B+1","Zap+1","Dualcast","Barrage","Glacier","Cold Snap","Compile Driver","Conserve Battery","Chaos+1","Barrage","Loop+1","Cold Snap","Echo Form+1","Creative AI+1","Redo","Auto Shields","BootSequence","Rip and Tear+1"],"relics":["Cracked Core","Pen Nib","Shuriken","Runic Pyramid","Dream Catcher","War Paint","Mango"],"potions_floor_usage":[16,25],"damage_taken":[{"damage":1,"enemies":"Jaw Worm","floor":1,"turns":4},{"damage":0,"enemies":"Small Slimes","floor":2,"turns":4},{"damage":0,"enemies":"Cultist","floor":5,"turns":3},{"damage":10,"enemies":"Gremlin Nob","floor":6,"turns":5},{"damage":6,"enemies":"Exordium Wildlife","floor":7,"turns":4},{"damage":0,"enemies":"Large Slime","floor":12,"turns":3},{"damage":4,"enemies":"2 Fungi Beasts","floor":14,"turns":2},{"damage":31,"enemies":"Hexaghost","floor":16,"turns":8},{"damage":21,"enemies":"2 Thieves","floor":18,"turns":4},{"damage":1,"enemies":"3 Byrds","floor":22,"turns":7},{"damage":16,"enemies":"Book of Stabbing","floor":24,"turns":5},{"damage":26,"enemies":"Snake Plant","floor":25,"turns":5},{"damage":14,"enemies":"Cultist and Chosen","floor":27,"turns":7},{"damage":34,"enemies":"3 Cultists","floor":28,"turns":5}],"seed_played":"-5594313309471847958","potions_obtained":[{"floor":1,"key":"FairyPotion"},{"floor":6,"key":"FearPotion"},{"floor":14,"key":"SkillPotion"},{"floor":16,"key":"Strength Potion"}],"is_trial":false,"path_per_floor":["?","?","T","M"],"character_chosen":"DEFECT","items_purchased":["Glacier","Cold Snap","Loop","Dream Catcher"],"campfire_rested":0,"item_purchase_floors":[3,3,11,20],"current_hp_per_floor":[74,74,74,74,74,64,58,58,58,58,58,58,58,54,54,23,75,54,54,54,54,53,53,51,25,25,11,0],"gold":130,"neow_bonus":"HUNDRED_GOLD","is_prod":false,"is_daily":false,"chose_seed":false,"campfire_upgraded":5,"win_rate":0,"timestamp":1552912933,"path_taken":["M","M","$","?","M","E","M","R","T","R","$","M","R","M","R","BOSS","M","?","$","?","M","R","E","?","T","M","M"],"build_version":"2019-01-23","purchased_purges":1,"victory":false,"max_hp_per_floor":[75,75,75,75,75,75,75,75,75,75,75,75,75,75,75,75,75,75,75,75,75,75,75,89,89,89,89,89],"card_choices":[{"not_picked":["Sweeping Beam","Beam Cell"],"picked":"Barrage","floor":1},{"not_picked":["Gash","All For One","Scrape"],"picked":"SKIP","floor":2},{"not_picked":["Turbo","Consume"],"picked":"Conserve Battery","floor":5},{"not_picked":["Steam Power","Beam Cell"],"picked":"Chaos","floor":6},{"not_picked":["Go for the Eyes","Scrape"],"picked":"Barrage","floor":7},{"not_picked":["Streamline","Aggregate"],"picked":"Cold Snap","floor":12},{"not_picked":["Conserve Battery","Skim"],"picked":"Echo Form","floor":14},{"not_picked":["Core Surge","Fission"],"picked":"Creative AI","floor":16},{"not_picked":["Beam Cell+1","Scrape","Chaos"],"picked":"SKIP","floor":18},{"not_picked":["Go for the Eyes+1","Rebound"],"picked":"Redo","floor":22},{"not_picked":["Hologram","Multi-Cast"],"picked":"Auto Shields","floor":24},{"not_picked":["Recycle","Beam Cell"],"picked":"BootSequence","floor":25},{"not_picked":["BootSequence","Go for the Eyes"],"picked":"Rip and Tear+1","floor":27}],"player_experience":383284,"relics_obtained":[{"floor":6,"key":"Pen Nib"},{"floor":9,"key":"Shuriken"},{"floor":21,"key":"War Paint"},{"floor":24,"key":"Mango"}],"event_choices":[{"damage_healed":0,"gold_gain":0,"cards_transformed":["Strike_B"],"player_choice":"Change","damage_taken":0,"max_hp_gain":0,"max_hp_loss":0,"event_name":"Living Wall","floor":4,"gold_loss":0,"cards_obtained":["Compile Driver"]},{"damage_healed":0,"gold_gain":0,"player_choice":"Ignored","damage_taken":0,"max_hp_gain":0,"max_hp_loss":0,"event_name":"NoteForYourself","floor":19,"gold_loss":0}],"is_beta":false,"boss_relics":[{"not_picked":["Black Star","Calling Bell"],"picked":"Runic Pyramid"}],"items_purged_floors":[3],"is_endless":false,"potions_floor_spawned":[1,6,14,16,18,24],"killed_by":"3 Cultists","ascension_level":0}