{"gold_per_floor":[111,111,126,126,126,126,170,195,195,210,210,224,245,268,268,392,392,317,357,377,390,390,406,406,424,424,424,424,339,355,35,35,137,137,148,158,158,158],"floor_reached":38,"playtime":4262,"items_purged":["Defend_B"],"score":378,"play_id":"7256ebd9-4b17-4110-8360-c22a4af65093","local_time":"20190205202228","is_ascension_mode":false,"campfire_choices":[{"floor":6.0,"key":"REST"},{"floor":11.0,"key":"REST"},{"data":"Defragment","floor":15.0,"key":"SMITH"},{"floor":24.0,"key":"REST"},{"floor":28.0,"key":"REST"},{"floor":32.0,"key":"REST"}],"neow_cost":"NONE","seed_source_timestamp":0,"circlet_count":0,"master_deck":["Strike_B","Strike_B","Strike_B","Defend_B","Defend_B","Defend_B","Zap","Dualcast","Stack","Beam Cell","Glacier","Sweeping Beam","Defragment+1","Machine Learning","Genetic Algorithm","Go for the Eyes","Leap","Multi-Cast","FTL+1","Rebound+1","Redo+1","Defragment","Undo","Capacitor","Chaos","Impatience","Rip and Tear","Seek","Leap+1","Ball Lightning"],"special_seed":0,"relics":["Velvet Choker","Bloody Idol","Mummified Hand","Gremlin Horn","Fusion Hammer","Red Mask","Anchor","Matryoshka","Vajra","NlothsMask"],"potions_floor_usage":[36],"damage_taken":[{"damage":1.0,"enemies":"Jaw Worm","floor":1.0,"turns":3.0},{"damage":0.0,"enemies":"Cultist","floor":3.0,"turns":3.0},{"damage":21.0,"enemies":"Lagavulin","floor":7.0,"turns":10.0},{"damage":5.0,"enemies":"Small Slimes","floor":8.0,"turns":3.0},{"damage":2.0,"enemies":"Blue Slaver","floor":10.0,"turns":4.0},{"damage":8.0,"enemies":"Lots of Slimes","floor":12.0,"turns":3.0},{"damage":5.0,"enemies":"Looter","floor":13.0,"turns":3.0},{"damage":2.0,"enemies":"Blue Slaver","floor":14.0,"turns":3.0},{"damage":30.0,"enemies":"Slime Boss","floor":16.0,"turns":17.0},{"damage":9.0,"enemies":"2 Thieves","floor":18.0,"turns":5.0},{"damage":20.0,"enemies":"Masked Bandits","floor":19.0,"turns":7.0},{"damage":13.0,"enemies":"Shell Parasite","floor":20.0,"turns":7.0},{"damage":0.0,"enemies":"Snecko","floor":21.0,"turns":8.0},{"damage":22.0,"enemies":"Centurion and Healer","floor":23.0,"turns":9.0},{"damage":35.0,"enemies":"Cultist and Chosen","floor":25.0,"turns":10.0},{"damage":10.0,"enemies":"Sentry and Sphere","floor":30.0,"turns":9.0},{"damage":18.0,"enemies":"Champ","floor":33.0,"turns":12.0},{"damage":8.0,"enemies":"3 Shapes","floor":35.0,"turns":3.0},{"damage":21,"enemies":"3 Darklings","floor":36,"turns":7},{"damage":67,"enemies":"Maw","floor":38,"turns":9}],"seed_played":"-7377338397994015113","potions_obtained":[{"floor":1.0,"key":"Fruit Juice"},{"floor":12.0,"key":"EssenceOfSteel"},{"floor":13.0,"key":"Fire Potion"},{"floor":14.0,"key":"EssenceOfSteel"},{"floor":19.0,"key":"Regen Potion"},{"floor":20.0,"key":"Strength Potion"},{"floor":21.0,"key":"EssenceOfSteel"},{"floor":33.0,"key":"AttackPotion"}],"is_trial":false,"path_per_floor":["M","?","M","?","?","R","E","M","T","M","R","M","M","M","R","B",null,"M","?","M","M","T","M","R","M","T","?","R","?","M","$","R","B",null,"M","M","?","M"],"character_chosen":"DEFECT","items_purchased":["Impatience","Rip and Tear","Regen Potion"],"campfire_rested":5,"item_purchase_floors":[31,31,31],"current_hp_per_floor":[79,59,59,64,64,85,64,59,59,57,82,74,69,67,67,37,85,76,56,43,43,43,21,46,11,11,11,36,36,36,36,61,63,85,82,66,66,0],"gold":158,"neow_bonus":"BOSS_RELIC","is_prod":false,"is_daily":false,"chose_seed":false,"campfire_upgraded":1,"win_rate":0.0,"timestamp":1549416148,"path_taken":["M","?","?","?","?","R","E","M","T","M","R","M","M","M","R","BOSS","M","?","?","M","?","M","R","M","T","?","R","?","M","$","R","BOSS","M","M","?","?"],"build_version":"2019-01-23","purchased_purges":1,"victory":false,"max_hp_per_floor":[80,80,80,85,85,85,85,85,85,85,85,85,85,85,85,85,85,85,85,85,85,85,85,85,85,85,85,85,85,85,85,85,85,85,85,85,85,85],"card_choices":[{"not_picked":["Force Field","Compile Driver"],"picked":"Stack","floor":1.0},{"not_picked":["Steam","Ball Lightning"],"picked":"Beam Cell","floor":3.0},{"not_picked":["Genetic Algorithm","Loop"],"picked":"Sweeping Beam","floor":7.0},{"not_picked":["Leap","Chaos"],"picked":"Defragment","floor":8.0},{"not_picked":["Gash","Reprogram"],"picked":"Machine Learning","floor":10.0},{"not_picked":["BootSequence","Ball Lightning"],"picked":"Genetic Algorithm","floor":12.0},{"not_picked":["Conserve Battery","Hologram"],"picked":"Go for the Eyes","floor":13.0},{"not_picked":["Ball Lightning","Coolheaded"],"picked":"Leap","floor":14.0},{"not_picked":["Buffer","Machine Learning"],"picked":"Multi-Cast","floor":16.0},{"not_picked":["Chill","Conserve Battery"],"picked":"FTL+1","floor":18.0},{"not_picked":["Chaos","Tempest"],"picked":"Rebound+1","floor":19.0},{"not_picked":["Hologram","Conserve Battery"],"picked":"Redo+1","floor":20.0},{"not_picked":["Stack","Streamline"],"picked":"Defragment","floor":21.0},{"not_picked":["Consume","Go for the Eyes"],"picked":"Undo","floor":23.0},{"not_picked":["Force Field+1","Steam+1"],"picked":"Capacitor","floor":25.0},{"not_picked":["Conserve Battery","Redo"],"picked":"Chaos","floor":30.0},{"not_picked":["Thunder Strike","Biased Cognition"],"picked":"Seek","floor":33.0},{"not_picked":["Chill","Blizzard"],"picked":"Leap+1","floor":35.0},{"not_picked":["White Noise+1","Turbo+1"],"picked":"Ball Lightning","floor":36}],"player_experience":47369,"relics_obtained":[{"floor":7.0,"key":"Mummified Hand"},{"floor":9.0,"key":"Gremlin Horn"},{"floor":19.0,"key":"Red Mask"},{"floor":22.0,"key":"Anchor"},{"floor":26.0,"key":"Matryoshka"}],"event_choices":[{"event_name":"Golden Idol","player_choice":"Take Damage","floor":2.0,"damage_taken":0.0},{"event_name":"Big Fish","player_choice":"Donut","floor":4.0,"damage_taken":0.0},{"event_name":"Transmorgrifier","player_choice":"Transform","floor":5.0,"damage_taken":0.0},{"event_name":"Masked Bandits","player_choice":"Fought Bandits","floor":19.0,"damage_taken":0.0},{"event_name":"Forgotten Altar","player_choice":"Gave Idol","floor":27.0,"damage_taken":0.0},{"event_name":"Addict","player_choice":"Obtained Relic","floor":29.0,"damage_taken":0.0},{"damage_healed":0,"gold_gain":0,"player_choice":"Trade","damage_taken":0,"relics_obtained":["NlothsMask"],"max_hp_gain":0,"max_hp_loss":0,"event_name":"FaceTrader","floor":37,"gold_loss":0}],"is_beta":false,"boss_relics":[{"not_picked":["Coffee Dripper","Philosopher\u0027s Stone"],"picked":"Fusion Hammer"},{"not_picked":["Snecko Eye","Runic Dome","Busted Crown"]}],"items_purged_floors":[31],"is_endless":false,"potions_floor_spawned":[1,12,13,14,19,20,21,33],"killed_by":"Maw","ascension_level":0}