{"gold_per_floor":[118,132,132,109,120,147,147,173,173,173,173,187,187,204,204,307,307,327,347,65,115,131,162,162,181,205,205,205,222,15,30,30,125,125,137,137,137,150,160,160,172,172],"floor_reached":42,"playtime":2151,"items_purged":["Strike_G","Strike_G"],"score":648,"play_id":"ec741650-173d-476c-b8f6-3adc770bc247","local_time":"20181113134808","is_ascension_mode":true,"campfire_choices":[{"floor":7.0,"key":"REST"},{"data":"Dagger Spray","floor":10.0,"key":"SMITH"},{"floor":15.0,"key":"REST"},{"floor":24.0,"key":"REST"},{"data":"Predator","floor":28.0,"key":"SMITH"},{"floor":32.0,"key":"REST"},{"floor":40.0,"key":"REST"}],"neow_cost":"NONE","seed_source_timestamp":178001568052326,"circlet_count":0,"master_deck":["AscendersBane","Defend_G","Defend_G","Defend_G","Defend_G","Strike_G","Survivor","Neutralize","Dagger Spray+1","Flying Knee","Dagger Throw","Unload","Well Laid Plans","Die Die Die","Tactician+1","Backflip+1","Glass Knife+1","Bullet Time+1","Predator+1","Underhanded Strike+1","Discovery+1","Terror+1","Flying Knee+1","Backstab","Acrobatics+1","Dash+1","Footwork","Bullet Time+1","Backflip+1","Eviscerate","Parasite","Dash+1","Dodge and Roll+1","Tactician+1"],"special_seed":0,"relics":["Ring of the Snake","Smiling Mask","Toxic Egg 2","Question Card","Dream Catcher","Philosopher\u0027s Stone","Anchor","Bronze Scales","Orichalcum","Bag of Marbles","Empty Cage"],"potions_floor_usage":[],"damage_taken":[{"damage":0.0,"enemies":"Jaw Worm","floor":1.0,"turns":7.0},{"damage":0.0,"enemies":"Small Slimes","floor":2.0,"turns":3.0},{"damage":0.0,"enemies":"Cultist","floor":5.0,"turns":4.0},{"damage":32.0,"enemies":"3 Sentries","floor":6.0,"turns":9.0},{"damage":8.0,"enemies":"Gremlin Nob","floor":8.0,"turns":3.0},{"damage":0.0,"enemies":"2 Fungi Beasts","floor":12.0,"turns":2.0},{"damage":0.0,"enemies":"Exordium Wildlife","floor":14.0,"turns":1.0},{"damage":21.0,"enemies":"Slime Boss","floor":16.0,"turns":10.0},{"damage":21.0,"enemies":"2 Thieves","floor":18.0,"turns":4.0},{"damage":1.0,"enemies":"Chosen","floor":19.0,"turns":3.0},{"damage":17.0,"enemies":"Snecko","floor":22.0,"turns":5.0},{"damage":13.0,"enemies":"Book of Stabbing","floor":23.0,"turns":3.0},{"damage":0.0,"enemies":"Chosen and Byrds","floor":25.0,"turns":3.0},{"damage":0.0,"enemies":"Cultist and Chosen","floor":29.0,"turns":3.0},{"damage":0.0,"enemies":"3 Cultists","floor":30.0,"turns":4.0},{"damage":0.0,"enemies":"3 Cultists","floor":31.0,"turns":3.0},{"damage":44.0,"enemies":"Collector","floor":33.0,"turns":7.0},{"damage":24.0,"enemies":"3 Darklings","floor":35.0,"turns":4.0},{"damage":0.0,"enemies":"3 Shapes","floor":38.0,"turns":3.0},{"damage":36.0,"enemies":"Writhing Mass","floor":39.0,"turns":5.0},{"damage":18,"enemies":"Maw","floor":41,"turns":5},{"damage":45,"enemies":"Nemesis","floor":42,"turns":4}],"seed_played":"-4295893616059712483","potions_obtained":[{"floor":2.0,"key":"FearPotion"},{"floor":5.0,"key":"SkillPotion"},{"floor":6.0,"key":"SkillPotion"},{"floor":12.0,"key":"AttackPotion"},{"floor":18.0,"key":"FearPotion"},{"floor":22.0,"key":"LiquidBronze"},{"floor":23.0,"key":"EssenceOfSteel"},{"floor":37.0,"key":"Fruit Juice"},{"floor":37.0,"key":"Strength Potion"},{"floor":37.0,"key":"SteroidPotion"}],"is_trial":false,"path_per_floor":["M","M","?","?","M","E","R","E","T","R","?","M","?","M","R","B",null,"M","M","$","?","M","E","R","M","T","?","R","M","M","$","M","R","B",null,"M","?","?","M","M","R","M","E"],"character_chosen":"THE_SILENT","items_purchased":["Anchor","Discovery+1","Bag of Marbles"],"campfire_rested":5,"item_purchase_floors":[20,20,30],"current_hp_per_floor":[70,70,52,52,52,20,43,35,35,35,35,35,28,28,51,30,65,44,43,43,43,26,13,36,36,36,36,36,36,36,36,59,15,62,38,67,72,72,36,57,39,0],"gold":172,"neow_bonus":"TEN_PERCENT_HP_BONUS","is_prod":false,"is_daily":false,"chose_seed":false,"campfire_upgraded":2,"win_rate":0,"timestamp":1542142088,"path_taken":["M","M","?","?","M","E","R","E","T","R","?","?","?","M","R","BOSS","M","M","$","?","?","E","R","M","T","?","R","M","?","M","R","BOSS","M","?","?","M","M","R","?","E"],"build_version":"2018-11-08","purchased_purges":2,"victory":false,"max_hp_per_floor":[77,77,77,77,77,77,77,77,77,77,77,77,77,77,77,77,77,77,77,77,77,77,77,77,77,77,77,77,77,77,77,77,77,77,77,67,72,72,72,72,72,72],"card_choices":[{"not_picked":["Bane","Bouncing Flask"],"picked":"Dagger Spray","floor":1.0},{"not_picked":["Heel Hook","Choke"],"picked":"Flying Knee","floor":2.0},{"not_picked":["Escape Plan","Backstab"],"picked":"Dagger Throw","floor":5.0},{"not_picked":["Concentrate","Wraith Form v2"],"picked":"Unload","floor":6.0},{"not_picked":["Dagger Throw","Sucker Punch"],"picked":"Well Laid Plans","floor":8.0},{"not_picked":["Flying Knee","All Out Attack","Deflect+1"],"picked":"Tactician+1","floor":12.0},{"not_picked":["Masterful Stab","Blade Dance+1","Quick Slash"],"picked":"Backflip+1","floor":14.0},{"not_picked":["PiercingWail+1","Slice","Backflip+1"],"picked":"Glass Knife","floor":15.0},{"not_picked":["Glass Knife","Storm of Steel+1","Venomology+1"],"picked":"Bullet Time+1","floor":16.0},{"not_picked":["Bane","Flying Knee","Finisher"],"picked":"Predator","floor":18.0},{"not_picked":["Dagger Throw+1","Sucker Punch","Blade Dance+1"],"picked":"Underhanded Strike+1","floor":19.0},{"not_picked":["Blade Dance+1","Prepared+1","Bane"],"picked":"Terror+1","floor":22.0},{"not_picked":["Bouncing Flask+1","Concentrate+1","Endless Agony"],"picked":"Flying Knee+1","floor":23.0},{"not_picked":["Outmaneuver+1","Storm of Steel+1","Poisoned Stab"],"picked":"Backstab","floor":24.0},{"not_picked":["Poisoned Stab","Reflex+1","Slice"],"picked":"Acrobatics+1","floor":25.0},{"not_picked":["Eviscerate","Cloak And Dagger+1","Poisoned Stab+1"],"picked":"Dash+1","floor":29.0},{"not_picked":["Venomology+1","Slice","Prepared+1"],"picked":"Footwork","floor":31.0},{"not_picked":["Tools of the Trade","Doppelganger+1","Corpse Explosion+1"],"picked":"Bullet Time+1","floor":33.0},{"not_picked":["PiercingWail+1","Deflect+1","Quick Slash+1"],"picked":"Backflip+1","floor":35.0},{"not_picked":["Outmaneuver+1","Deadly Poison+1","Dagger Throw"],"picked":"Eviscerate","floor":38.0},{"not_picked":["Accuracy","PiercingWail+1","Expertise+1"],"picked":"Dash+1","floor":39.0},{"not_picked":["Well Laid Plans","Cloak And Dagger+1","Underhanded Strike+1"],"picked":"Dodge and Roll+1","floor":40.0},{"not_picked":["Outmaneuver+1","Skewer","Endless Agony"],"picked":"Tactician+1","floor":41}],"player_experience":604904,"relics_obtained":[{"floor":6.0,"key":"Toxic Egg 2"},{"floor":8.0,"key":"Question Card"},{"floor":9.0,"key":"Dream Catcher"},{"floor":23.0,"key":"Bronze Scales"},{"floor":26.0,"key":"Orichalcum"}],"event_choices":[{"damage_healed":0.0,"max_hp_gain":0.0,"max_hp_loss":0.0,"gold_gain":0.0,"event_name":"Scrap Ooze","player_choice":"Success","floor":3.0,"gold_loss":0.0,"damage_taken":18.0,"relics_obtained":["Smiling Mask"]},{"damage_healed":0.0,"max_hp_gain":0.0,"max_hp_loss":0.0,"gold_gain":0.0,"event_name":"World of Goop","player_choice":"Left Gold","floor":4.0,"gold_loss":23.0,"damage_taken":0.0},{"damage_healed":0.0,"max_hp_gain":0.0,"max_hp_loss":0.0,"gold_gain":0.0,"event_name":"Match and Keep!","player_choice":"1 cards matched","floor":11.0,"gold_loss":0.0,"damage_taken":0.0,"cards_obtained":["Die Die Die"]},{"cards_removed":["Strike_G"],"damage_healed":0.0,"max_hp_gain":0.0,"max_hp_loss":0.0,"gold_gain":0.0,"event_name":"Golden Wing","player_choice":"Card Removal","floor":13.0,"gold_loss":0.0,"damage_taken":7.0},{"damage_healed":0.0,"max_hp_gain":0.0,"max_hp_loss":0.0,"gold_gain":100.0,"event_name":"The Joust","player_choice":"Bet on Murderer","floor":21.0,"gold_loss":50.0,"damage_taken":0.0},{"damage_healed":0.0,"max_hp_gain":0.0,"max_hp_loss":0.0,"gold_gain":0.0,"event_name":"Accursed Blacksmith","player_choice":"Forge","floor":27.0,"gold_loss":0.0,"damage_taken":0.0,"cards_upgraded":["Glass Knife"]},{"damage_healed":67.0,"max_hp_gain":0.0,"max_hp_loss":10.0,"gold_gain":0.0,"event_name":"The Moai Head","player_choice":"Heal","floor":36.0,"gold_loss":0.0,"damage_taken":0.0},{"damage_healed":0.0,"max_hp_gain":0.0,"max_hp_loss":0.0,"gold_gain":0.0,"event_name":"Lab","player_choice":"Got Potions","floor":37.0,"gold_loss":0.0,"damage_taken":0.0}],"is_beta":false,"boss_relics":[{"not_picked":["Ectoplasm","Astrolabe"],"picked":"Philosopher\u0027s Stone"},{"not_picked":["Pandora\u0027s Box","HoveringKite"],"picked":"Empty Cage"}],"items_purged_floors":[20,30],"is_endless":false,"potions_floor_spawned":[2,5,6,12,14,18,22,23,38],"killed_by":"Nemesis","ascension_level":10}