{"gold_per_floor":[20,20,33,33,45,77,97,114,195,35,35,35,35,363,363,461,461,471,471,488,240,240,273,273,285,285,296,308,319,339,358,358,462,462,478,184,184,197,297,322,334,371,409,0,12,24,71,83,95,107],"floor_reached":51,"playtime":3113,"items_purged":["Strike_R"],"score":1251,"play_id":"ee3f2ed7-2861-4698-a385-aacc0438dc25","local_time":"20190319213604","is_ascension_mode":true,"campfire_choices":[{"data":"Corruption","floor":11,"key":"SMITH"},{"data":"Seeing Red","floor":13,"key":"SMITH"},{"data":"Armaments","floor":15,"key":"SMITH"},{"data":"Dark Embrace","floor":24,"key":"SMITH"},{"floor":32,"key":"REST"},{"floor":41,"key":"REST"},{"floor":46,"key":"REST"},{"floor":49,"key":"REST"}],"neow_cost":"NO_GOLD","seed_source_timestamp":419197202448708,"circlet_count":0,"master_deck":["Strike_R","Strike_R","Strike_R","Defend_R","Defend_R","Defend_R","Defend_R","Bash","Headbutt","Pummel","Shockwave","True Grit","Whirlwind","Seeing Red+1","Corruption+1","Feel No Pain+1","Havoc","Clash","Armaments+1","Dark Embrace+1","Shrug It Off","Body Slam","Armaments","Flex","Carnage","Inflame+1","Armaments+1","Warcry","Thunderclap","Clash","Exhume","Ghostly Armor","Shrug It Off","Flex","Body Slam","Intimidate+1","Shrug It Off+1","Shockwave+1","Pummel+1"],"relics":["Burning Blood","Champion Belt","Pocketwatch","Bottled Tornado","Old Coin","Lizard Tail","Boot","Nunchaku","Fusion Hammer","Medical Kit","Prayer Wheel","MawBank","FossilizedHelix","PreservedInsect","Red Mask","Meat on the Bone"],"potions_floor_usage":[6,25,27,29,50,50,50],"damage_taken":[{"damage":6,"enemies":"2 Louse","floor":1,"turns":4},{"damage":2,"enemies":"Cultist","floor":3,"turns":4},{"damage":5,"enemies":"Jaw Worm","floor":5,"turns":4},{"damage":37,"enemies":"3 Sentries","floor":6,"turns":14},{"damage":3,"enemies":"Red Slaver","floor":7,"turns":7},{"damage":0,"enemies":"2 Fungi Beasts","floor":8,"turns":3},{"damage":0,"enemies":"Lagavulin","floor":14,"turns":8},{"damage":46,"enemies":"Hexaghost","floor":16,"turns":11},{"damage":2,"enemies":"Spheric Guardian","floor":18,"turns":5},{"damage":0,"enemies":"Chosen","floor":20,"turns":8},{"damage":20,"enemies":"Book of Stabbing","floor":23,"turns":6},{"damage":25,"enemies":"Snake Plant","floor":25,"turns":4},{"damage":22,"enemies":"Centurion and Healer","floor":27,"turns":4},{"damage":12,"enemies":"Cultist and Chosen","floor":28,"turns":3},{"damage":9,"enemies":"Chosen and Byrds","floor":29,"turns":3},{"damage":21,"enemies":"Centurion and Healer","floor":30,"turns":5},{"damage":0,"enemies":"Snecko","floor":31,"turns":4},{"damage":2,"enemies":"Collector","floor":33,"turns":8},{"damage":7,"enemies":"Orb Walker","floor":35,"turns":4},{"damage":19,"enemies":"3 Shapes","floor":38,"turns":5},{"damage":0,"enemies":"Mind Bloom Boss Battle","floor":39,"turns":6},{"damage":0,"enemies":"Nemesis","floor":40,"turns":3},{"damage":0,"enemies":"Giant Head","floor":42,"turns":4},{"damage":0,"enemies":"Nemesis","floor":47,"turns":3},{"damage":77,"enemies":"Awakened One","floor":50,"turns":11}],"seed_played":"-1931727418316644266","potions_obtained":[{"floor":1,"key":"Fire Potion"},{"floor":7,"key":"Strength Potion"},{"floor":8,"key":"Poison Potion"},{"floor":14,"key":"FearPotion"},{"floor":25,"key":"Regen Potion"},{"floor":28,"key":"LiquidBronze"},{"floor":30,"key":"Regen Potion"},{"floor":39,"key":"Swift Potion"},{"floor":40,"key":"SkillPotion"},{"floor":48,"key":"Block Potion"}],"is_trial":false,"path_per_floor":["?","M","?","?","?","M","M","?","?","?","?","?"],"character_chosen":"IRONCLAD","items_purchased":["Feel No Pain","Havoc","Clash","Armaments","Flex","Carnage","Medical Kit","Shrug It Off","Flex"],"campfire_rested":4,"item_purchase_floors":[10,10,10,21,21,21,36,36,36],"current_hp_per_floor":[72,72,76,76,77,46,49,55,55,55,55,55,55,61,61,21,65,69,69,75,75,67,53,53,34,34,30,24,21,46,52,76,80,80,79,79,79,66,72,78,80,80,80,80,80,80,80,80,80,21],"gold":119,"neow_bonus":"ONE_RARE_RELIC","is_prod":false,"is_daily":false,"chose_seed":false,"campfire_upgraded":4,"win_rate":0,"timestamp":1553027764,"path_taken":["M","?","M","$","M","E","M","?","T","$","R","?","R","E","R","BOSS","M","?","M","$","?","E","R","?","T","M","M","?","M","M","R","BOSS","M","$","?","M","?","E","R","E","T","?","?","R","E","?","R","BOSS"],"build_version":"2019-01-23","purchased_purges":1,"victory":true,"max_hp_per_floor":[80,80,80,80,80,80,80,80,80,80,80,80,80,80,80,80,80,80,80,80,80,80,80,80,80,80,80,80,80,80,80,80,80,80,80,80,80,80,80,80,80,80,80,80,80,80,80,80,80,80],"card_choices":[{"not_picked":["Rage","Power Through"],"picked":"Headbutt","floor":1},{"not_picked":["Wild Strike","Rage"],"picked":"Shockwave","floor":3},{"not_picked":["Clothesline","Warcry"],"picked":"True Grit","floor":5},{"not_picked":["Berserk","Cleave"],"picked":"Whirlwind","floor":6},{"not_picked":["Heavy Blade","Fire Breathing"],"picked":"Seeing Red","floor":7},{"not_picked":["Pommel Strike","Twin Strike"],"picked":"Corruption","floor":8},{"not_picked":["Carnage","Wild Strike"],"picked":"Armaments","floor":14},{"not_picked":["Impervious","Offering"],"picked":"Dark Embrace","floor":16},{"not_picked":["Cleave+1","Clothesline","Heavy Blade"],"picked":"SKIP","floor":18},{"not_picked":["Armaments","Perfected Strike+1"],"picked":"Body Slam","floor":20},{"not_picked":["Pommel Strike","Heavy Blade+1"],"picked":"Inflame+1","floor":23},{"not_picked":["Sword Boomerang","Power Through"],"picked":"Armaments+1","floor":25},{"not_picked":["Reaper","Heavy Blade+1"],"picked":"Warcry","floor":27},{"not_picked":["Wild Strike","Second Wind"],"picked":"Thunderclap","floor":28},{"not_picked":["Power Through+1","Fire Breathing","Pommel Strike"],"picked":"SKIP","floor":29},{"not_picked":["Cleave+1","Sword Boomerang"],"picked":"Clash","floor":30},{"not_picked":["Bludgeon","Thunderclap","Cleave"],"picked":"SKIP","floor":31},{"not_picked":["Immolate","Feed"],"picked":"Exhume","floor":33},{"not_picked":["Headbutt","Warcry+1"],"picked":"Ghostly Armor","floor":35},{"not_picked":["Rupture","Clash"],"picked":"Body Slam","floor":38},{"not_picked":["Anger+1","Clothesline+1"],"picked":"Intimidate+1","floor":39},{"not_picked":["Exhume","Thunderclap+1"],"picked":"Shrug It Off+1","floor":40},{"not_picked":["Havoc","Fire Breathing"],"picked":"Shockwave+1","floor":42},{"not_picked":["Pommel Strike","Dual Wield"],"picked":"Pummel+1","floor":47}],"player_experience":420905,"relics_obtained":[{"floor":6,"key":"Pocketwatch"},{"floor":9,"key":"Bottled Tornado"},{"floor":14,"key":"Old Coin"},{"floor":23,"key":"Boot"},{"floor":26,"key":"Nunchaku"},{"floor":39,"key":"Prayer Wheel"},{"floor":40,"key":"MawBank"},{"floor":42,"key":"FossilizedHelix"},{"floor":43,"key":"PreservedInsect"},{"floor":47,"key":"Meat on the Bone"}],"event_choices":[{"damage_healed":0,"gold_gain":0,"cards_transformed":["Strike_R"],"player_choice":"Transformed","damage_taken":0,"max_hp_gain":0,"max_hp_loss":0,"event_name":"Transmorgrifier","floor":2,"gold_loss":0,"cards_obtained":["Pummel"]},{"damage_healed":0,"gold_gain":0,"player_choice":"Upgraded","damage_taken":0,"max_hp_gain":0,"max_hp_loss":0,"event_name":"Upgrade Shrine","floor":12,"gold_loss":0,"cards_upgraded":["Feel No Pain"]},{"damage_healed":0,"gold_gain":0,"player_choice":"Read","damage_taken":0,"max_hp_gain":0,"max_hp_loss":0,"event_name":"The Library","floor":19,"gold_loss":0,"cards_obtained":["Shrug It Off"]},{"damage_healed":0,"gold_gain":0,"player_choice":"","damage_taken":8,"max_hp_gain":0,"max_hp_loss":0,"event_name":"Knowing Skull","floor":22,"potions_obtained":[],"gold_loss":0,"cards_obtained":[]},{"damage_healed":0,"gold_gain":0,"player_choice":"Memory 1","damage_taken":0,"max_hp_gain":0,"max_hp_loss":0,"event_name":"SensoryStone","floor":37,"gold_loss":0},{"damage_healed":0,"gold_gain":0,"player_choice":"Fight","damage_taken":0,"max_hp_gain":0,"max_hp_loss":0,"event_name":"MindBloom","floor":39,"gold_loss":0},{"damage_healed":0,"gold_gain":0,"player_choice":"Paid","damage_taken":0,"relics_obtained":["Red Mask"],"max_hp_gain":0,"max_hp_loss":0,"event_name":"Tomb of Lord Red Mask","floor":44,"gold_loss":421},{"damage_healed":0,"gold_gain":0,"player_choice":"Ignored","damage_taken":0,"max_hp_gain":0,"max_hp_loss":0,"event_name":"Mysterious Sphere","floor":45,"gold_loss":0},{"damage_healed":0,"gold_gain":0,"player_choice":"Got Potions","damage_taken":0,"max_hp_gain":0,"max_hp_loss":0,"event_name":"Lab","floor":48,"gold_loss":0}],"is_beta":false,"boss_relics":[{"not_picked":["Tiny House","Pandora\u0027s Box"],"picked":"Lizard Tail"},{"not_picked":["Cursed Key","Velvet Choker"],"picked":"Fusion Hammer"}],"items_purged_floors":[21],"is_endless":false,"potions_floor_spawned":[1,7,8,14,18,25,28,30,35,39,40],"ascension_level":8}