{"gold_per_floor":[117,132,151,28,38,38,38,52,106,106,135,135,135,153,153,248,248,258,242,242,242],"floor_reached":21,"playtime":1071,"items_purged":["Strike_R"],"score":181,"play_id":"420ca563-8612-45d1-a42b-18643be85e81","local_time":"20190317125228","is_ascension_mode":false,"campfire_choices":[{"data":"Dual Wield","floor":6.0,"key":"SMITH"},{"floor":10.0,"key":"REST"},{"floor":15.0,"key":"REST"}],"neow_cost":"NONE","seed_source_timestamp":0,"circlet_count":0,"master_deck":["Strike_R","Strike_R","Strike_R","Defend_R","Defend_R","Defend_R","Defend_R","Bash","Intimidate","Rampage","Dual Wield+1","Headbutt","Thunderclap","Inflame+1","Impervious","Demon Form","Shrug It Off+1","Burning Pact"],"special_seed":0,"relics":["Burning Blood","NeowsBlessing","Kunai","Blood Vial","PreservedInsect","Runic Pyramid","Nilry\u0027s Codex"],"potions_floor_usage":[],"damage_taken":[{"damage":0.0,"enemies":"Jaw Worm","floor":1.0,"turns":1.0},{"damage":0.0,"enemies":"Small Slimes","floor":2.0,"turns":1.0},{"damage":0.0,"enemies":"2 Louse","floor":3.0,"turns":1.0},{"damage":13.0,"enemies":"Lots of Slimes","floor":5.0,"turns":3.0},{"damage":19.0,"enemies":"2 Fungi Beasts","floor":8.0,"turns":4.0},{"damage":31.0,"enemies":"Lagavulin","floor":11.0,"turns":5.0},{"damage":16.0,"enemies":"Large Slime","floor":14.0,"turns":6.0},{"damage":48.0,"enemies":"Hexaghost","floor":16.0,"turns":8.0},{"damage":66.0,"enemies":"Shell Parasite","floor":18.0,"turns":9.0},{"damage":11,"enemies":"2 Thieves","floor":19,"turns":5}],"seed_played":"7299419973063015396","potions_obtained":[{"floor":1.0,"key":"EntropicBrew"},{"floor":5.0,"key":"SneckoOil"},{"floor":8.0,"key":"SkillPotion"},{"floor":14.0,"key":"SmokeBomb"},{"floor":19,"key":"GamblersBrew"}],"is_trial":false,"path_per_floor":["M","M","M","$","M","R","?","M","T","R","E","?","?","M","R","B",null,"M","M","?","?"],"character_chosen":"IRONCLAD","items_purchased":["Fire Potion"],"campfire_rested":2,"item_purchase_floors":[4],"current_hp_per_floor":[80,80,80,80,73,73,55,42,42,66,43,36,36,28,52,12,80,20,17,1,0],"gold":242,"neow_bonus":"THREE_ENEMY_KILL","is_prod":false,"is_daily":false,"chose_seed":false,"campfire_upgraded":1,"win_rate":0.0,"timestamp":1552841548,"path_taken":["M","M","M","$","M","R","?","M","T","R","E","?","?","M","R","BOSS","M","M","?","?"],"build_version":"2019-01-23","purchased_purges":1,"victory":false,"max_hp_per_floor":[80,80,80,80,80,80,80,80,80,80,80,80,80,80,80,80,80,80,80,80,85],"card_choices":[{"not_picked":["Havoc","Body Slam"],"picked":"Intimidate","floor":1.0},{"not_picked":["Heavy Blade","Cleave"],"picked":"Rampage","floor":2.0},{"not_picked":["Battle Trance","Armaments"],"picked":"Dual Wield","floor":3.0},{"not_picked":["Pommel Strike","Dropkick"],"picked":"Headbutt","floor":5.0},{"not_picked":["Pummel","True Grit"],"picked":"Thunderclap","floor":8.0},{"not_picked":["Rupture","Armaments"],"picked":"Inflame","floor":11.0},{"not_picked":["Thunderclap","Body Slam"],"picked":"Impervious","floor":14.0},{"not_picked":["Reaper","Immolate"],"picked":"Demon Form","floor":16.0},{"not_picked":["Anger","Pommel Strike"],"picked":"Shrug It Off+1","floor":18.0},{"not_picked":["Rupture+1","Heavy Blade"],"picked":"Burning Pact","floor":19}],"player_experience":67533,"relics_obtained":[{"floor":9.0,"key":"Blood Vial"},{"floor":11.0,"key":"PreservedInsect"},{"floor":20,"key":"Nilry\u0027s Codex"}],"event_choices":[{"damage_healed":0.0,"max_hp_gain":0.0,"max_hp_loss":0.0,"gold_gain":0.0,"event_name":"Scrap Ooze","player_choice":"Success","floor":7.0,"gold_loss":0.0,"damage_taken":18.0,"relics_obtained":["Kunai"]},{"cards_removed":["Strike_R"],"damage_healed":0.0,"max_hp_gain":0.0,"max_hp_loss":0.0,"gold_gain":0.0,"event_name":"Golden Wing","player_choice":"Card Removal","floor":12.0,"gold_loss":0.0,"damage_taken":7.0},{"damage_healed":0.0,"max_hp_gain":0.0,"max_hp_loss":0.0,"gold_gain":0.0,"event_name":"Living Wall","player_choice":"Grow","floor":13.0,"gold_loss":0.0,"damage_taken":0.0,"cards_upgraded":["Inflame"]},{"damage_healed":0,"gold_gain":0,"player_choice":"Obtained Book","damage_taken":16,"max_hp_gain":0,"max_hp_loss":0,"event_name":"Cursed Tome","floor":20,"gold_loss":0}],"is_beta":false,"boss_relics":[{"not_picked":["Calling Bell","Eternal Feather"],"picked":"Runic Pyramid"}],"items_purged_floors":[4],"is_endless":false,"potions_floor_spawned":[1,5,8,14,19],"ascension_level":0}