{"gold_per_floor":[114,114,114,130,149,149,174,187,213,232,232,245,245,258,258,354,354,374,113,131,131,151,151,181,201,201,218,218,218,218,252,252,252],"floor_reached":33,"playtime":2561,"items_purged":[],"score":289,"play_id":"1bb5923a-8cf5-484d-86f0-a3f534122042","local_time":"20180629130151","is_ascension_mode":false,"campfire_choices":[{"data":"Barricade","floor":6,"key":"SMITH"},{"data":"Spot Weakness","floor":11,"key":"SMITH"},{"data":"Pummel","floor":15,"key":"SMITH"},{"data":"Limit Break","floor":23,"key":"SMITH"},{"data":"Reaper","floor":28,"key":"SMITH"},{"floor":30,"key":"REST"},{"data":"Metallicize","floor":32,"key":"SMITH"}],"neow_cost":"NONE","seed_source_timestamp":244491524476718,"circlet_count":0,"master_deck":["Strike_R","Strike_R","Strike_R+1","Strike_R+1","Strike_R","Defend_R","Defend_R","Defend_R","Defend_R","Bash","Flex","Bash","Clumsy","Spot Weakness+1","Barricade+1","Shrug It Off","Reaper+1","Pummel+1","Metallicize+1","Iron Wave","Sword Boomerang","Juggernaut","Flex+1","Combust","Pummel","Limit Break+1","Cleave","Inflame","Dual Wield+1","Iron Wave+1","Thunderclap+1","Spot Weakness"],"relics":["Burning Blood","Dream Catcher","Pen Nib","Lantern","Bronze Scales","Black Star","Whetstone","Enchiridion","Anchor","Bag of Preparation","Toolbox","Pantograph","Question Card"],"potions_floor_usage":[31,31,31],"damage_taken":[{"damage":0,"enemies":"2 Louse","floor":1,"turns":4},{"damage":5,"enemies":"Small Slimes","floor":4,"turns":4},{"damage":1,"enemies":"Cultist","floor":5,"turns":3},{"damage":20,"enemies":"3 Sentries","floor":7,"turns":8},{"damage":26,"enemies":"Lots of Slimes","floor":8,"turns":5},{"damage":11,"enemies":"3 Louse","floor":10,"turns":3},{"damage":8,"enemies":"Exordium Wildlife","floor":12,"turns":5},{"damage":16,"enemies":"Exordium Thugs","floor":14,"turns":5},{"damage":29,"enemies":"Slime Boss","floor":16,"turns":8},{"damage":33,"enemies":"Shell Parasite","floor":18,"turns":5},{"damage":7,"enemies":"Chosen","floor":20,"turns":4},{"damage":14,"enemies":"Snecko","floor":22,"turns":5},{"damage":18,"enemies":"Book of Stabbing","floor":24,"turns":3},{"damage":11,"enemies":"Chosen and Byrds","floor":25,"turns":4},{"damage":54,"enemies":"Slaver and Parasite","floor":27,"turns":7},{"damage":36,"enemies":"Gremlin Leader","floor":31,"turns":9},{"damage":74,"enemies":"Automaton","floor":33,"turns":6}],"seed_played":"7429492797080185015","potions_obtained":[{"floor":4,"key":"SpeedPotion"},{"floor":7,"key":"SkillPotion"},{"floor":12,"key":"Block Potion"},{"floor":16,"key":"SpeedPotion"},{"floor":22,"key":"EssenceOfSteel"}],"is_trial":false,"path_per_floor":["M","?","?","M","M","R","E","M","T","M","R","M","?","M","R","B",null,"M","$","M","?","M","R","E","M","T","M","R","?","R","E","R"],"character_chosen":"IRONCLAD","items_purchased":["Whetstone","Combust","Pummel"],"campfire_rested":1,"item_purchase_floors":[19,19,19],"current_hp_per_floor":[80,73,73,74,79,79,65,60,60,64,64,72,72,62,62,39,80,63,63,69,53,49,49,53,66,66,18,18,18,42,36,36,0],"gold":252,"neow_bonus":"RANDOM_COMMON_RELIC","is_prod":false,"is_daily":false,"chose_seed":false,"campfire_upgraded":6,"win_rate":0.0,"timestamp":1530298911,"path_taken":["M","?","?","M","M","R","E","?","T","M","R","M","?","M","R","BOSS","M","$","M","?","M","R","E","M","T","?","R","?","R","E","R","BOSS"],"build_version":"2018-06-28","purchased_purges":0,"victory":false,"max_hp_per_floor":[80,80,80,80,80,80,80,80,80,80,80,80,80,80,80,80,80,80,80,80,80,80,80,80,80,80,80,80,80,80,80,80,80],"card_choices":[{"not_picked":["Warcry","Clash"],"picked":"Flex","floor":1},{"not_picked":["Warcry","Iron Wave"],"picked":"Barricade","floor":4},{"not_picked":["Battle Trance","Ghostly Armor"],"picked":"Shrug It Off","floor":5},{"not_picked":["Body Slam","Sword Boomerang"],"picked":"Reaper","floor":7},{"not_picked":["Dropkick","Rampage"],"picked":"Pummel","floor":8},{"not_picked":["Clash","Second Wind"],"picked":"Metallicize","floor":10},{"not_picked":["Perfected Strike","Cleave"],"picked":"Iron Wave","floor":12},{"not_picked":["Twin Strike","Pommel Strike"],"picked":"Sword Boomerang","floor":14},{"not_picked":["Berserk","Reaper"],"picked":"Juggernaut","floor":16},{"not_picked":["Armaments","Shrug It Off"],"picked":"Flex+1","floor":18},{"not_picked":["Pommel Strike","Entrench+1"],"picked":"Limit Break","floor":20},{"not_picked":["True Grit","Anger"],"picked":"Cleave","floor":22},{"not_picked":["Whirlwind","True Grit"],"picked":"Inflame","floor":24},{"not_picked":["Sever Soul","Rampage+1"],"picked":"Dual Wield+1","floor":25},{"not_picked":["Dual Wield","Cleave"],"picked":"Iron Wave+1","floor":27},{"not_picked":["Flame Barrier+1","Second Wind"],"picked":"Thunderclap+1","floor":30},{"not_picked":["Sever Soul","Twin Strike+1"],"picked":"Spot Weakness","floor":31}],"player_experience":66019,"relics_obtained":[{"floor":7,"key":"Lantern"},{"floor":9,"key":"Bronze Scales"},{"floor":21,"key":"Enchiridion"},{"floor":24,"key":"Anchor"},{"floor":24,"key":"Bag of Preparation"},{"floor":26,"key":"Toolbox"},{"floor":31,"key":"Pantograph"},{"floor":31,"key":"Question Card"}],"event_choices":[{"event_name":"Scrap Ooze","player_choice":"success","floor":2,"damage_taken":7},{"event_name":"Match and Keep!","player_choice":"3 cards matched","floor":3,"damage_taken":0},{"event_name":"Liars Game","player_choice":"disagreed","floor":13,"damage_taken":0},{"event_name":"Cursed Tome","player_choice":"Obtained Book","floor":21,"damage_taken":0},{"event_name":"The Mausoleum","player_choice":"No","floor":29,"damage_taken":0}],"boss_relics":[{"not_picked":["Snecko Eye","Busted Crown"],"picked":"Black Star"}],"items_purged_floors":[],"is_endless":false,"potions_floor_spawned":[4,7,12,16,22,25,27],"killed_by":"Automaton","ascension_level":0}