{"gold_per_floor":[119,130,148,3,23,23,98,98,98,127,142,142,3,17,17,95,95,108,121,121,140,152,152,179,198,198,216,244,244,255,255,255,255],"floor_reached":33,"playtime":1312,"items_purged":["Strike_R","Strike_R"],"score":495,"play_id":"469987ee-5d63-4a5c-877f-ddb536a79d8c","local_time":"20190217204544","is_ascension_mode":true,"campfire_choices":[{"data":"Armaments","floor":6,"key":"SMITH"},{"data":"Bash","floor":8,"key":"SMITH"},{"data":"Metallicize","floor":12,"key":"SMITH"},{"data":"Shockwave","floor":15,"key":"SMITH"},{"data":"Dual Wield","floor":23,"key":"SMITH"},{"data":"Juggernaut","floor":29,"key":"SMITH"},{"floor":32,"key":"REST"}],"neow_cost":"NONE","seed_source_timestamp":1281333967603697,"circlet_count":0,"master_deck":["AscendersBane","Strike_R+1","Strike_R+1","Strike_R+1","Defend_R+1","Defend_R+1","Defend_R+1","Defend_R+1","Bash+1","Immolate","Armaments+1","Twin Strike","Dropkick","Dropkick","Metallicize+1","Infernal Blade","Shockwave+1","Battle Trance","Juggernaut+1","Dual Wield+1","Armaments+1","Entrench"],"special_seed":0,"relics":["Burning Blood","Letter Opener","Bottled Tornado","Busted Crown","Vajra","Ornamental Fan","Orichalcum"],"potions_floor_usage":[10,11,25,28,28],"damage_taken":[{"damage":6.0,"enemies":"Cultist","floor":1.0,"turns":4.0},{"damage":4.0,"enemies":"Jaw Worm","floor":2.0,"turns":3.0},{"damage":11.0,"enemies":"2 Louse","floor":3.0,"turns":2.0},{"damage":9,"enemies":"Blue Slaver","floor":5,"turns":5},{"damage":11,"enemies":"3 Sentries","floor":10,"turns":3},{"damage":15,"enemies":"Exordium Wildlife","floor":11,"turns":3},{"damage":17,"enemies":"Lots of Slimes","floor":14,"turns":3},{"damage":16,"enemies":"Slime Boss","floor":16,"turns":9},{"damage":9,"enemies":"Spheric Guardian","floor":18,"turns":4},{"damage":0,"enemies":"Shell Parasite","floor":19,"turns":4},{"damage":17,"enemies":"Centurion and Healer","floor":21,"turns":5},{"damage":13,"enemies":"Snecko","floor":22,"turns":4},{"damage":15,"enemies":"Slavers","floor":24,"turns":3},{"damage":15,"enemies":"Shelled Parasite and Fungi","floor":25,"turns":3},{"damage":0,"enemies":"Cultist and Chosen","floor":27,"turns":4},{"damage":6,"enemies":"Book of Stabbing","floor":28,"turns":5},{"damage":12,"enemies":"Snecko","floor":30,"turns":5},{"damage":53,"enemies":"Automaton","floor":33,"turns":6}],"seed_played":"3532026869394401903","potions_obtained":[{"floor":3.0,"key":"Poison Potion"},{"floor":5,"key":"AttackPotion"},{"floor":10,"key":"Ancient Potion"},{"floor":21,"key":"FairyPotion"},{"floor":24,"key":"AttackPotion"},{"floor":25,"key":"SkillPotion"},{"floor":27,"key":"PowerPotion"}],"is_trial":false,"path_per_floor":["M","M","M","$","M","R","?","R","T","E","M","R","$","M","R","B",null,"M","M","?","M","M","R","E","M","T","M","E","R","M","?","R","B"],"character_chosen":"IRONCLAD","items_purchased":["Dropkick","Shockwave"],"campfire_rested":1,"item_purchase_floors":[4,13],"current_hp_per_floor":[68,70,65,65,62,62,55,55,55,50,41,41,41,30,30,20,61,58,64,64,53,46,46,37,28,28,34,34,34,28,28,50,0],"gold":255,"neow_bonus":"ONE_RANDOM_RARE_CARD","is_prod":false,"is_daily":false,"chose_seed":false,"campfire_upgraded":6,"win_rate":0,"timestamp":1550461544,"path_taken":["M","M","M","$","M","R","?","R","T","E","M","R","?","M","R","BOSS","M","?","?","M","M","R","E","M","T","M","E","R","M","?","R","BOSS"],"build_version":"2019-01-23","purchased_purges":2,"victory":false,"max_hp_per_floor":[75,75,75,75,75,75,75,75,75,75,75,75,75,75,75,75,75,75,75,75,75,75,75,75,75,75,75,75,75,75,75,75,75],"card_choices":[{"not_picked":["Clash","Wild Strike"],"picked":"Armaments","floor":1.0},{"not_picked":["Wild Strike","Sever Soul"],"picked":"Twin Strike","floor":2.0},{"not_picked":["Clothesline","Wild Strike"],"picked":"Dropkick","floor":3.0},{"not_picked":["True Grit","Sword Boomerang"],"picked":"Metallicize","floor":5},{"not_picked":["Perfected Strike","Bloodletting","Armaments"],"picked":"SKIP","floor":10},{"not_picked":["Corruption","Sever Soul"],"picked":"Infernal Blade","floor":11},{"not_picked":["True Grit","Perfected Strike"],"picked":"Battle Trance","floor":14},{"not_picked":["Fiend Fire","Immolate"],"picked":"Juggernaut","floor":16},{"not_picked":[],"picked":"Dual Wield","floor":18},{"not_picked":[],"picked":"Armaments+1","floor":19},{"not_picked":["Cleave"],"picked":"SKIP","floor":21},{"not_picked":["Bloodletting"],"picked":"SKIP","floor":22},{"not_picked":["Sever Soul"],"picked":"SKIP","floor":24},{"not_picked":["Armaments"],"picked":"SKIP","floor":25},{"not_picked":["Perfected Strike+1"],"picked":"SKIP","floor":27},{"not_picked":["Entrench"],"picked":"SKIP","floor":28},{"not_picked":["Evolve"],"picked":"SKIP","floor":30}],"player_experience":737456,"relics_obtained":[{"floor":9,"key":"Letter Opener"},{"floor":10,"key":"Bottled Tornado"},{"floor":24,"key":"Vajra"},{"floor":26,"key":"Ornamental Fan"},{"floor":28,"key":"Orichalcum"}],"event_choices":[{"damage_healed":0,"gold_gain":75,"player_choice":"Touch","damage_taken":7,"max_hp_gain":0,"max_hp_loss":0,"event_name":"FaceTrader","floor":7,"gold_loss":0},{"damage_healed":0,"gold_gain":0,"player_choice":"Read","damage_taken":0,"max_hp_gain":0,"max_hp_loss":0,"event_name":"The Library","floor":20,"gold_loss":0,"cards_obtained":["Entrench"]},{"damage_healed":0,"gold_gain":0,"player_choice":"Simplicity","damage_taken":0,"max_hp_gain":0,"max_hp_loss":0,"event_name":"Back to Basics","floor":31,"gold_loss":0,"cards_upgraded":["Strike_R","Strike_R","Strike_R","Defend_R","Defend_R","Defend_R","Defend_R"]}],"is_beta":false,"boss_relics":[{"not_picked":["Tiny House","Orrery"],"picked":"Busted Crown"}],"items_purged_floors":[4,13],"is_endless":false,"potions_floor_spawned":[3,5,10,21,24,25,27],"killed_by":"Automaton","ascension_level":14}