{"gold_per_floor":[19,19,19,40,53,53,96,96,122,145,320,6,29,72,72,201,201,219,144,167,66,89,128,128,128,128,128,151,184,184,197,197,197],"floor_reached":33,"playtime":3258,"items_purged":[],"score":325,"play_id":"295a1612-47d4-41b9-9e89-0b4bcb5c2f97","local_time":"20190318232206","is_ascension_mode":true,"campfire_choices":[{"data":"Glacier","floor":6,"key":"SMITH"},{"floor":8,"key":"REST"},{"floor":15,"key":"REST"},{"floor":24,"key":"REST"},{"data":"Apotheosis","floor":27,"key":"SMITH"},{"floor":32,"key":"REST"}],"neow_cost":"NO_GOLD","seed_source_timestamp":18545525138933,"circlet_count":0,"master_deck":["Strike_B","Strike_B","Defend_B","Defend_B","Defend_B","Zap","Dualcast","Leap","Skim","Injury","Melter","Glacier+1","Sweeping Beam","Chill","Apotheosis+1","Force Field","Steam","Undo","Undo","All For One","Auto Shields","Leap","Self Repair","Stack+1","Barrage","Leap+1","Sweeping Beam"],"relics":["Cracked Core","Golden Idol","Regal Pillow","Blood Vial","Happy Flower","Busted Crown","Gambling Chip","Anchor","Letter Opener"],"potions_floor_usage":[14,23,23,33,33],"damage_taken":[{"damage":4,"enemies":"Small Slimes","floor":1,"turns":3},{"damage":2,"enemies":"2 Louse","floor":4,"turns":4},{"damage":0,"enemies":"Cultist","floor":5,"turns":3},{"damage":43,"enemies":"Gremlin Nob","floor":7,"turns":7},{"damage":14,"enemies":"Exordium Thugs","floor":10,"turns":5},{"damage":11,"enemies":"Looter","floor":13,"turns":3},{"damage":19,"enemies":"3 Sentries","floor":14,"turns":9},{"damage":24,"enemies":"Slime Boss","floor":16,"turns":18},{"damage":9,"enemies":"3 Byrds","floor":18,"turns":7},{"damage":0,"enemies":"Spheric Guardian","floor":20,"turns":3},{"damage":17,"enemies":"Snake Plant","floor":22,"turns":6},{"damage":31,"enemies":"Slavers","floor":23,"turns":8},{"damage":1,"enemies":"Centurion and Healer","floor":28,"turns":13},{"damage":28,"enemies":"Gremlin Leader","floor":29,"turns":10},{"damage":25,"enemies":"Snecko","floor":31,"turns":10},{"damage":85,"enemies":"Champ","floor":33,"turns":19}],"seed_played":"3611250771192963971","potions_obtained":[{"floor":7,"key":"SpeedPotion"},{"floor":10,"key":"FocusPotion"},{"floor":14,"key":"GamblersBrew"},{"floor":16,"key":"GamblersBrew"},{"floor":20,"key":"Fire Potion"},{"floor":22,"key":"Energy Potion"},{"floor":29,"key":"FearPotion"}],"is_trial":false,"path_per_floor":["M","?","?","M","M","R","E","R","T","M","?","$","M","E","R","B",null,"M","?","M","$","M","E","R","?","T","R","M","E","?","M","R","B"],"character_chosen":"DEFECT","items_purchased":["Apotheosis","Force Field","Steam","Leap","Self Repair"],"campfire_rested":4,"item_purchase_floors":[12,12,12,21,21],"current_hp_per_floor":[71,71,71,69,69,69,26,63,63,51,51,51,42,25,62,40,75,66,66,68,68,60,38,75,75,75,75,75,57,57,41,75,0],"gold":197,"neow_bonus":"REMOVE_TWO","is_prod":false,"is_daily":false,"chose_seed":false,"campfire_upgraded":2,"win_rate":0,"timestamp":1552962126,"path_taken":["M","?","?","M","M","R","E","R","T","M","?","$","M","E","R","BOSS","M","?","M","$","M","E","R","?","T","R","M","E","?","M","R","BOSS"],"build_version":"2019-01-23","purchased_purges":0,"victory":false,"max_hp_per_floor":[75,75,75,75,75,75,75,75,75,75,75,75,75,75,75,75,75,75,75,75,75,75,75,75,75,75,75,75,75,75,75,75,75],"card_choices":[{"not_picked":["Cold Snap","Stack"],"picked":"Leap","floor":1},{"not_picked":["Skim","Redo"],"picked":"Melter","floor":4},{"not_picked":["Ball Lightning","Turbo"],"picked":"Glacier","floor":5},{"not_picked":["Hologram","Machine Learning"],"picked":"Sweeping Beam","floor":7},{"not_picked":["Auto Shields","Redo"],"picked":"Chill","floor":10},{"not_picked":["Leap","Melter"],"picked":"Undo","floor":13},{"not_picked":["Beam Cell","Force Field"],"picked":"Undo","floor":14},{"not_picked":["Thunder Strike","Hyperbeam"],"picked":"All For One","floor":16},{"not_picked":["Lockon"],"picked":"SKIP","floor":18},{"not_picked":[],"picked":"Auto Shields","floor":20},{"not_picked":["Compile Driver"],"picked":"SKIP","floor":22},{"not_picked":[],"picked":"Stack+1","floor":23},{"not_picked":[],"picked":"Barrage","floor":28},{"not_picked":[],"picked":"Leap+1","floor":29},{"not_picked":["Steam Power+1"],"picked":"SKIP","floor":31}],"player_experience":100435,"relics_obtained":[{"floor":7,"key":"Regal Pillow"},{"floor":9,"key":"Blood Vial"},{"floor":14,"key":"Happy Flower"},{"floor":23,"key":"Gambling Chip"},{"floor":26,"key":"Anchor"},{"floor":29,"key":"Letter Opener"}],"event_choices":[{"damage_healed":0,"gold_gain":0,"cards_transformed":["Strike_B"],"player_choice":"Change","damage_taken":0,"max_hp_gain":0,"max_hp_loss":0,"event_name":"Living Wall","floor":2,"gold_loss":0,"cards_obtained":["Skim"]},{"damage_healed":0,"gold_gain":0,"player_choice":"Take Wound","damage_taken":0,"relics_obtained":["Golden Idol"],"max_hp_gain":0,"max_hp_loss":0,"event_name":"Golden Idol","floor":3,"gold_loss":0,"cards_obtained":["Injury"]},{"damage_healed":0,"gold_gain":175,"player_choice":"AGREE","damage_taken":0,"max_hp_gain":0,"max_hp_loss":0,"event_name":"Liars Game","floor":11,"gold_loss":0,"cards_obtained":["Doubt"]},{"cards_removed":["Doubt"],"damage_healed":0,"gold_gain":0,"player_choice":"Gave Gold","damage_taken":0,"max_hp_gain":0,"max_hp_loss":0,"event_name":"Beggar","floor":19,"gold_loss":75},{"damage_healed":0,"gold_gain":0,"player_choice":"Ignored","damage_taken":0,"max_hp_gain":0,"max_hp_loss":0,"event_name":"Ghosts","floor":25,"gold_loss":0},{"damage_healed":0,"gold_gain":0,"player_choice":"Read","damage_taken":0,"max_hp_gain":0,"max_hp_loss":0,"event_name":"The Library","floor":30,"gold_loss":0,"cards_obtained":["Sweeping Beam"]}],"is_beta":false,"boss_relics":[{"not_picked":["Runic Pyramid","White Beast Statue"],"picked":"Busted Crown"}],"items_purged_floors":[],"is_endless":false,"potions_floor_spawned":[7,10,14,16,18,20,22,29],"killed_by":"Champ","ascension_level":2}