{"gold_per_floor":[109,126,11,27,45,70,70,47,97,113,133,146,146,146,146,251,251,271,271,284,7,7,7,7,7,31,49,82,92,92,13,13,113,113,129,141,141,141,141,141,169,169,196,196,0,17,17,17,17,17],"floor_reached":51,"playtime":2057,"items_purged":[],"score":768,"play_id":"a4e9d4ba-ac2b-4657-8c77-f4b295853e05","local_time":"20180918160517","is_ascension_mode":false,"campfire_choices":[{"data":"Finisher","floor":7,"key":"SMITH"},{"floor":15,"key":"REST"},{"data":"Apotheosis","floor":23,"key":"SMITH"},{"data":"Infinite Blades","floor":25,"key":"SMITH"},{"data":"Well Laid Plans","floor":32,"key":"SMITH"},{"data":"Backstab","floor":40,"key":"SMITH"},{"data":"After Image","floor":42,"key":"SMITH"},{"data":"Blade Dance","floor":47,"key":"SMITH"},{"data":"Neutralize","floor":49,"key":"SMITH"}],"neow_cost":"NONE","seed_source_timestamp":664685416681685,"circlet_count":0,"master_deck":["Defend_G+1","Defend_G+1","Defend_G+1","Defend_G+1","Defend_G+1","Survivor","Neutralize+1","Blur","Finisher+1","Sucker Punch","Burst","Backstab+1","Dagger Spray","Dash","Cloak And Dagger","Blade Dance+1","After Image+1","Infinite Blades+1","Apotheosis+1","Noxious Fumes","Dodge and Roll","Bite","Bite","Bite","Bite","Bite","Well Laid Plans+1","Die Die Die","Acrobatics+1","Finisher+1","PanicButton","Dramatic Entrance","Deep Breath","Madness","Madness"],"relics":["Ring of the Snake","Strawberry","Singing Bowl","PreservedInsect","Juzu Bracelet","Snake Skull","Busted Crown","Enchiridion","Anchor","Happy Flower","Sozu","Mercury Hourglass","Potion Belt","Red Mask"],"potions_floor_usage":[16,16,50,50],"damage_taken":[{"damage":2,"enemies":"Cultist","floor":1,"turns":4},{"damage":0,"enemies":"Small Slimes","floor":2,"turns":5},{"damage":5,"enemies":"2 Louse","floor":4,"turns":3},{"damage":10,"enemies":"Looter","floor":5,"turns":2},{"damage":26,"enemies":"3 Sentries","floor":6,"turns":8},{"damage":16,"enemies":"Exordium Wildlife","floor":10,"turns":3},{"damage":0,"enemies":"Large Slime","floor":11,"turns":3},{"damage":6,"enemies":"Blue Slaver","floor":12,"turns":3},{"damage":35,"enemies":"Hexaghost","floor":16,"turns":13},{"damage":0,"enemies":"Spheric Guardian","floor":18,"turns":2},{"damage":12,"enemies":"Chosen","floor":20,"turns":7},{"damage":10,"enemies":"Snecko","floor":27,"turns":6},{"damage":0,"enemies":"Gremlin Leader","floor":28,"turns":3},{"damage":0,"enemies":"Shelled Parasite and Fungi","floor":29,"turns":4},{"damage":65,"enemies":"Automaton","floor":33,"turns":11},{"damage":0,"enemies":"Orb Walker","floor":35,"turns":3},{"damage":1,"enemies":"3 Shapes","floor":36,"turns":4},{"damage":2,"enemies":"Giant Head","floor":41,"turns":9},{"damage":0,"enemies":"Sphere and 2 Shapes","floor":46,"turns":3},{"damage":44,"enemies":"Awakened One","floor":50,"turns":14}],"seed_played":"3939340995702438588","potions_obtained":[{"floor":1,"key":"PowerPotion"},{"floor":5,"key":"FearPotion"},{"floor":11,"key":"EssenceOfSteel"},{"floor":18,"key":"SteroidPotion"},{"floor":27,"key":"Block Potion"},{"floor":33,"key":"Explosive Potion"}],"is_trial":false,"path_per_floor":["M","M","$","M","M","E","R","$","T","M","M","M","T","?","R","B",null,"M","?","M","$","?","R","?","R","T","M","E","M","?","$","R","B",null,"M","M","$","?","$","R","E","R","T","?","?","M","R","?","R","B"],"character_chosen":"THE_SILENT","items_purchased":["Sucker Punch","Burst","Quick Slash","Apotheosis","Noxious Fumes","Dodge and Roll","Well Laid Plans"],"campfire_rested":1,"item_purchase_floors":[3,3,8,21,21,21,31],"current_hp_per_floor":[75,75,75,70,60,34,34,34,34,20,20,14,14,14,37,2,79,81,81,71,71,55,55,55,55,55,53,62,64,64,64,64,22,64,66,66,66,66,66,66,66,66,66,56,56,67,67,58,58,50],"gold":17,"neow_bonus":"RANDOM_COMMON_RELIC","is_prod":false,"is_daily":false,"chose_seed":false,"campfire_upgraded":8,"win_rate":0,"timestamp":1537308317,"path_taken":["M","M","$","M","M","E","R","$","T","M","?","M","?","?","R","BOSS","M","?","M","$","?","R","?","R","T","M","E","M","?","$","R","BOSS","M","M","$","?","$","R","E","R","T","?","?","M","R","?","R","BOSS"],"build_version":"2018-09-06","purchased_purges":0,"victory":true,"max_hp_per_floor":[77,77,77,77,77,77,77,77,77,79,79,79,79,79,79,79,79,81,81,83,83,83,83,58,58,58,60,62,64,64,64,64,64,64,66,66,66,66,66,66,66,66,66,66,66,68,68,68,68,68],"card_choices":[{"not_picked":["Bane","Quick Slash"],"picked":"Blur","floor":1},{"not_picked":["Concentrate","Acrobatics"],"picked":"Finisher","floor":2},{"not_picked":["Acrobatics","Prepared"],"picked":"Backstab","floor":4},{"not_picked":["Deflect","Bouncing Flask"],"picked":"Dagger Spray","floor":5},{"not_picked":["Backflip","Crippling Poison"],"picked":"Dash","floor":6},{"not_picked":["Expertise","Deadly Poison","Accuracy"],"picked":"Singing Bowl","floor":10},{"not_picked":["All Out Attack","Poisoned Stab"],"picked":"Cloak And Dagger","floor":11},{"not_picked":["Flying Knee","PiercingWail"],"picked":"Blade Dance","floor":12},{"not_picked":["Bullet Time","Envenom"],"picked":"After Image","floor":16},{"not_picked":["PiercingWail"],"picked":"Singing Bowl","floor":18},{"not_picked":["Deflect+1"],"picked":"Singing Bowl","floor":20},{"not_picked":["Cloak And Dagger"],"picked":"Singing Bowl","floor":27},{"not_picked":["Deflect"],"picked":"Singing Bowl","floor":28},{"not_picked":["Underhanded Strike"],"picked":"Singing Bowl","floor":29},{"not_picked":[],"picked":"Die Die Die","floor":33},{"not_picked":["Backflip"],"picked":"Singing Bowl","floor":35},{"not_picked":[],"picked":"Acrobatics+1","floor":36},{"not_picked":[],"picked":"Finisher+1","floor":41},{"not_picked":[],"picked":"PanicButton","floor":44},{"not_picked":[],"picked":"Dramatic Entrance","floor":44},{"not_picked":[],"picked":"Deep Breath","floor":44},{"not_picked":["Flechettes+1"],"picked":"Singing Bowl","floor":46}],"player_experience":484809,"relics_obtained":[{"floor":6,"key":"Singing Bowl"},{"floor":9,"key":"PreservedInsect"},{"floor":13,"key":"Juzu Bracelet"},{"floor":22,"key":"Enchiridion"},{"floor":26,"key":"Anchor"},{"floor":28,"key":"Happy Flower"},{"floor":41,"key":"Mercury Hourglass"},{"floor":43,"key":"Potion Belt"}],"event_choices":[{"event_name":"WeMeetAgain","player_choice":"Potion","floor":14,"damage_taken":0},{"event_name":"The Library","player_choice":"Read","floor":19,"damage_taken":0},{"event_name":"Cursed Tome","player_choice":"Obtained Book","floor":22,"damage_taken":0},{"event_name":"Vampires","player_choice":"Became a vampire","floor":24,"damage_taken":0},{"event_name":"Back to Basics","player_choice":"Simplicity","floor":30,"damage_taken":0},{"event_name":"Falling","player_choice":"Removed Attack","floor":38,"damage_taken":0},{"event_name":"SensoryStone","player_choice":"Memory 3","floor":44,"damage_taken":0},{"event_name":"Tomb of Lord Red Mask","player_choice":"Paid","floor":45,"damage_taken":0},{"event_name":"Winding Halls","player_choice":"Embrace Madness","floor":48,"damage_taken":0}],"is_beta":false,"boss_relics":[{"not_picked":["Ring of the Serpent","Astrolabe"],"picked":"Busted Crown"},{"not_picked":["Empty Cage","Runic Pyramid"],"picked":"Sozu"}],"items_purged_floors":[],"is_endless":false,"potions_floor_spawned":[1,5,11,12,18,27,33,41,46],"ascension_level":0}