{"gold_per_floor":[118,131,147,167,178,212,212,32,32,32,52,84,102,131,131,229,229,241,241,174,273,290,290,321,233,259,293,60,60,88,108,108,212,212,231,80,80,80,80,80,95,127,200,231,245,264,264,294,294,294],"floor_reached":51,"playtime":2005,"items_purged":[],"score":1067,"play_id":"49d499e2-8060-40ee-af53-1d61ed51b021","local_time":"20180729023223","is_ascension_mode":true,"campfire_choices":[{"data":"Immolate","floor":7,"key":"SMITH"},{"data":"Reaper","floor":15,"key":"SMITH"},{"data":"Whirlwind","floor":23,"key":"SMITH"},{"data":"Limit Break","floor":32,"key":"SMITH"},{"data":"Double Tap","floor":40,"key":"SMITH"},{"data":"Offering","floor":49,"key":"SMITH"}],"neow_cost":"","seed_source_timestamp":1215728261281971,"circlet_count":0,"master_deck":["Bash+1","Carnage+1","Pommel Strike+1","Shrug It Off+1","Intimidate+1","Thunderclap+1","Immolate+1","Flex+1","Pummel+1","Reaper+1","Metallicize+1","Double Tap+1","Body Slam+1","True Grit+1","Burning Pact+1","Carnage+1","Ghostly Armor+1","Flex+1","Feel No Pain+1","Uppercut+1","Whirlwind+1","Inflame+1","Thunderclap+1","Limit Break+1","Seeing Red+1","Flex+1","Warcry+1","Double Tap+1","Shrug It Off+1","Madness+1","Madness+1","Body Slam+1","True Grit+1","Offering+1"],"relics":["Burning Blood","Pen Nib","Omamori","Ornamental Fan","Darkstone Periapt","Regal Pillow","Pandora\u0027s Box","Enchiridion","Centennial Puzzle","Orichalcum","Potion Belt","MawBank","Shuriken","Anchor","Coffee Dripper","War Paint","Frozen Egg 2","Paper Frog","Gremlin Horn","Mark of the Bloom","Bronze Scales"],"potions_floor_usage":[11,11,12,14,16,24,27,33,48,48,50,50,50,50],"damage_taken":[{"damage":1,"enemies":"Cultist","floor":1,"turns":3},{"damage":5,"enemies":"Small Slimes","floor":2,"turns":3},{"damage":8,"enemies":"2 Louse","floor":3,"turns":3},{"damage":4,"enemies":"Looter","floor":4,"turns":4},{"damage":5,"enemies":"Blue Slaver","floor":5,"turns":3},{"damage":18,"enemies":"3 Sentries","floor":6,"turns":7},{"damage":3,"enemies":"Exordium Thugs","floor":11,"turns":2},{"damage":14,"enemies":"Gremlin Nob","floor":12,"turns":3},{"damage":15,"enemies":"Gremlin Gang","floor":13,"turns":5},{"damage":0,"enemies":"3 Sentries","floor":14,"turns":2},{"damage":47,"enemies":"Hexaghost","floor":16,"turns":9},{"damage":8,"enemies":"2 Thieves","floor":18,"turns":3},{"damage":4,"enemies":"Chosen","floor":22,"turns":3},{"damage":14,"enemies":"Slavers","floor":24,"turns":2},{"damage":23,"enemies":"Gremlin Leader","floor":27,"turns":4},{"damage":11,"enemies":"Book of Stabbing","floor":30,"turns":3},{"damage":2,"enemies":"3 Cultists","floor":31,"turns":3},{"damage":11,"enemies":"Champ","floor":33,"turns":5},{"damage":22,"enemies":"Flame Bruiser 1 Orb","floor":35,"turns":3},{"damage":1,"enemies":"3 Darklings","floor":41,"turns":2},{"damage":34,"enemies":"Nemesis","floor":42,"turns":7},{"damage":13,"enemies":"2 Orb Walkers","floor":44,"turns":3},{"damage":9,"enemies":"Transient","floor":45,"turns":5},{"damage":18,"enemies":"Spire Growth","floor":46,"turns":3},{"damage":9,"enemies":"Giant Head","floor":48,"turns":6},{"damage":5,"enemies":"Awakened One","floor":50,"turns":7}],"seed_played":"511340538890063056","potions_obtained":[{"floor":1,"key":"Swift Potion"},{"floor":2,"key":"PowerPotion"},{"floor":4,"key":"Strength Potion"},{"floor":13,"key":"SteroidPotion"},{"floor":14,"key":"LiquidBronze"},{"floor":18,"key":"FearPotion"},{"floor":22,"key":"SteroidPotion"},{"floor":24,"key":"Fruit Juice"},{"floor":31,"key":"Block Potion"},{"floor":35,"key":"EssenceOfSteel"},{"floor":41,"key":"Strength Potion"},{"floor":45,"key":"Regen Potion"},{"floor":46,"key":"EssenceOfSteel"},{"floor":48,"key":"Fruit Juice"}],"is_trial":false,"path_per_floor":["M","M","M","M","M","E","R","$","T","?","M","E","M","E","R","B",null,"M","?","$","?","M","R","E","?","T","E","$","?","E","M","R","B",null,"M","$","?","$","?","R","M","E","T","E","M","M","?","E","R","B"],"character_chosen":"IRONCLAD","items_purchased":["Omamori","Flex","Inflame","Shuriken","War Paint"],"campfire_rested":0,"item_purchase_floors":[8,8,20,28,36],"current_hp_per_floor":[80,80,78,80,80,68,68,68,68,52,55,47,38,44,44,16,80,78,62,62,62,64,64,56,56,56,71,71,71,66,85,85,80,85,69,69,69,69,58,58,63,57,57,78,82,73,73,64,64,59],"gold":294,"neow_bonus":"","is_prod":false,"is_daily":false,"chose_seed":false,"campfire_upgraded":6,"win_rate":0,"timestamp":1532853143,"path_taken":["M","M","?","M","M","E","R","$","T","?","M","E","M","E","R","BOSS","M","?","$","?","M","R","E","?","T","E","$","?","E","?","R","BOSS","M","$","?","?","?","R","M","E","T","E","?","M","?","E","R","BOSS"],"build_version":"2018-07-26","purchased_purges":0,"victory":true,"max_hp_per_floor":[80,80,80,80,80,80,80,80,80,80,80,80,80,80,80,80,80,80,80,80,80,80,80,80,80,80,85,85,85,85,85,85,85,85,85,85,85,85,85,85,85,85,85,85,85,85,85,85,85,90],"card_choices":[{"not_picked":["Flame Barrier","Iron Wave"],"picked":"Carnage","floor":1},{"not_picked":["Rage","Rampage"],"picked":"Pommel Strike","floor":2},{"not_picked":["Anger","Clash"],"picked":"Shrug It Off","floor":3},{"not_picked":["Sword Boomerang","Iron Wave"],"picked":"Intimidate","floor":4},{"not_picked":["Shrug It Off","Havoc"],"picked":"Thunderclap","floor":5},{"not_picked":["Searing Blow","Combust"],"picked":"Immolate","floor":6},{"not_picked":["Clash","Fire Breathing"],"picked":"Pummel","floor":11},{"not_picked":["Barricade","Seeing Red"],"picked":"Reaper","floor":12},{"not_picked":["Power Through","Infernal Blade","Havoc"],"picked":"SKIP","floor":13},{"not_picked":["Feel No Pain","Sever Soul"],"picked":"Metallicize","floor":14},{"not_picked":["Impervious","Exhume"],"picked":"Double Tap","floor":16},{"not_picked":["Wild Strike","Pummel"],"picked":"Whirlwind","floor":18},{"not_picked":["Cleave","Inflame"],"picked":"Thunderclap","floor":22},{"not_picked":["Intimidate","Blood for Blood"],"picked":"Limit Break","floor":24},{"not_picked":["Perfected Strike","Clothesline"],"picked":"Seeing Red","floor":27},{"not_picked":["Rage","Carnage+1"],"picked":"Flex+1","floor":30},{"not_picked":["Twin Strike","Perfected Strike"],"picked":"Warcry+1","floor":31},{"not_picked":["Immolate","Fiend Fire"],"picked":"Double Tap","floor":33},{"not_picked":["True Grit+1","Entrench"],"picked":"Shrug It Off+1","floor":35},{"not_picked":["Iron Wave","Sword Boomerang","Havoc"],"picked":"SKIP","floor":41},{"not_picked":["Bludgeon","Cleave","Evolve"],"picked":"SKIP","floor":42},{"not_picked":["Wild Strike+1","Iron Wave"],"picked":"Body Slam+1","floor":44},{"not_picked":["True Grit","Armaments","Iron Wave+1"],"picked":"SKIP","floor":45},{"not_picked":["Armaments","Perfected Strike+1"],"picked":"True Grit","floor":46},{"not_picked":["Headbutt","Corruption+1"],"picked":"Offering","floor":48}],"player_experience":288376,"relics_obtained":[{"floor":6,"key":"Pen Nib"},{"floor":9,"key":"Ornamental Fan"},{"floor":12,"key":"Darkstone Periapt"},{"floor":14,"key":"Regal Pillow"},{"floor":19,"key":"Enchiridion"},{"floor":24,"key":"Centennial Puzzle"},{"floor":26,"key":"Potion Belt"},{"floor":27,"key":"MawBank"},{"floor":30,"key":"Anchor"},{"floor":42,"key":"Frozen Egg 2"},{"floor":43,"key":"Paper Frog"},{"floor":44,"key":"Gremlin Horn"},{"floor":48,"key":"Bronze Scales"}],"event_choices":[{"event_name":"Shining Light","player_choice":"Entered Light","floor":10,"damage_taken":0},{"event_name":"Cursed Tome","player_choice":"Obtained Book","floor":19,"damage_taken":0},{"event_name":"Nest","player_choice":"Stole From Cult","floor":21,"damage_taken":0},{"event_name":"WeMeetAgain","player_choice":"Gold","floor":25,"damage_taken":0},{"event_name":"Addict","player_choice":"Ignored","floor":29,"damage_taken":0},{"event_name":"Falling","player_choice":"Removed Attack","floor":37,"damage_taken":0},{"event_name":"Winding Halls","player_choice":"Embrace Madness","floor":39,"damage_taken":0},{"event_name":"MindBloom","player_choice":"Upgrade","floor":47,"damage_taken":0}],"is_beta":false,"boss_relics":[{"not_picked":["Black Star","Mark of Pain"],"picked":"Pandora\u0027s Box"},{"not_picked":["White Beast Statue","Orrery"],"picked":"Coffee Dripper"}],"items_purged_floors":[],"is_endless":false,"potions_floor_spawned":[1,2,4,13,14,18,22,24,31,35,41,45,46,48],"ascension_level":3}