{"gold_per_floor":[111,121,41,41,51,51,81,101,101,111,139,15,15],"floor_reached":13,"playtime":549,"items_purged":[],"score":124,"play_id":"79e10cf3-1e23-4f75-9039-30f61dafbdb2","local_time":"20181031124937","is_ascension_mode":true,"campfire_choices":[{"floor":6,"key":"REST"}],"neow_cost":"NONE","seed_source_timestamp":2382104454422672,"circlet_count":0,"master_deck":["Defend_G","Defend_G","Defend_G","Defend_G","Defend_G","Strike_G","Strike_G","Strike_G","Strike_G","Strike_G","Survivor","Neutralize","Writhe","Clumsy","Regret","Acrobatics","Backflip+1","Noxious Fumes+1","Deadly Poison","Well Laid Plans","Backstab","Blur","Bane","Burst","Poisoned Stab","Deadly Poison","Bane"],"relics":["Calling Bell","Snake Skull","Darkstone Periapt","Nunchaku","PreservedInsect","Bottled Flame","Turnip"],"potions_floor_usage":[7,10,11],"damage_taken":[{"damage":2,"enemies":"Small Slimes","floor":1,"turns":6},{"damage":14,"enemies":"Jaw Worm","floor":2,"turns":6},{"damage":0,"enemies":"Cultist","floor":5,"turns":4},{"damage":23,"enemies":"3 Sentries","floor":7,"turns":7},{"damage":7,"enemies":"Red Slaver","floor":8,"turns":3},{"damage":0,"enemies":"Blue Slaver","floor":10,"turns":1},{"damage":23,"enemies":"Gremlin Nob","floor":11,"turns":4},{"damage":8,"enemies":"Large Slime","floor":13,"turns":1}],"seed_played":"-6598118064660086281","potions_obtained":[{"floor":5,"key":"Swift Potion"},{"floor":7,"key":"AttackPotion"},{"floor":10,"key":"SkillPotion"}],"is_trial":false,"path_per_floor":["M","M","$","?","M","R","E","M","T","M","E","$"],"character_chosen":"THE_SILENT","items_purchased":["Noxious Fumes","Deadly Poison","Poisoned Stab","Deadly Poison","Bane"],"campfire_rested":1,"item_purchase_floors":[3,3,12,12,12],"current_hp_per_floor":[61,47,47,33,33,54,31,24,24,24,1,1,0],"gold":15,"neow_bonus":"BOSS_RELIC","is_prod":false,"is_daily":false,"chose_seed":false,"campfire_upgraded":0,"win_rate":0,"timestamp":1541011777,"path_taken":["M","M","$","?","?","R","E","M","T","M","E","?","M"],"build_version":"2018-10-25v2","purchased_purges":0,"victory":false,"max_hp_per_floor":[70,70,70,70,70,70,70,70,70,70,70,70,70],"card_choices":[{"not_picked":["Sucker Punch","Dagger Throw"],"picked":"Acrobatics","floor":1},{"not_picked":["Slice","Endless Agony"],"picked":"Backflip","floor":2},{"not_picked":["Skewer","PiercingWail"],"picked":"Well Laid Plans","floor":5},{"not_picked":["Reflex","Quick Slash"],"picked":"Backstab","floor":7},{"not_picked":["Choke","Prepared"],"picked":"Blur","floor":8},{"not_picked":["Deflect","Backflip"],"picked":"Bane","floor":10},{"not_picked":["PiercingWail","Unload"],"picked":"Burst","floor":11}],"player_experience":535267,"relics_obtained":[{"floor":0,"key":"Snake Skull"},{"floor":0,"key":"Darkstone Periapt"},{"floor":0,"key":"Nunchaku"},{"floor":7,"key":"PreservedInsect"},{"floor":9,"key":"Bottled Flame"},{"floor":11,"key":"Turnip"}],"event_choices":[{"damage_healed":0,"gold_gain":0,"player_choice":"Entered Light","damage_taken":14,"max_hp_gain":0,"max_hp_loss":0,"event_name":"Shining Light","floor":4,"gold_loss":0,"cards_upgraded":["Backflip","Noxious Fumes"]}],"is_beta":false,"boss_relics":[],"items_purged_floors":[],"is_endless":false,"potions_floor_spawned":[5,7,10],"killed_by":"Large Slime","ascension_level":6}