{"gold_per_floor":[109,119,129,204,223,251,251,48,48,48,21,48,48,63,63,168,168,182,193,193,293,306,306,316,327,327,342,342,342,63,83,83,188,188,204,204,304,304,229,229,257,257,283,302,302,302,302,302,302,302],"floor_reached":51,"playtime":3082,"items_purged":["Strike_B"],"score":683,"play_id":"6dbc8cda-b053-4ef3-836d-f5a4b202b30b","local_time":"20190308104056","is_ascension_mode":false,"campfire_choices":[{"floor":7,"key":"REST"},{"floor":10,"key":"REST"},{"data":"Electrodynamics","floor":15,"key":"SMITH"},{"floor":23,"key":"REST"},{"floor":28,"key":"REST"},{"floor":29,"key":"REST"},{"data":"Static Discharge","floor":32,"key":"SMITH"},{"data":"Undo","floor":40,"key":"SMITH"},{"floor":42,"key":"REST"},{"floor":45,"key":"REST"},{"floor":49,"key":"REST"}],"neow_cost":"NONE","seed_source_timestamp":979100284885491,"circlet_count":0,"master_deck":["Strike_B","Strike_B","Defend_B","Defend_B","Defend_B","Defend_B","Zap+1","Dualcast","Skim","Undo","Static Discharge+1","Ball Lightning","Undo+1","Leap","Leap","Streamline+1","Electrodynamics+1","Multi-Cast","Defragment+1","Steam","Redo+1","Tempest+1","Steam+1","Turbo","Self Repair","Bandage Up","Recycle","Amplify","Aggregate+1","Madness","Madness","Ball Lightning+1","Electrodynamics","Ball Lightning+1","Master of Strategy"],"relics":["Cracked Core","WingedGreaves","DataDisk","Thread and Needle","StoneCalendar","Nuclear Battery","Molten Egg 2","Orichalcum","Inserter","Bird Faced Urn","Whetstone","Ornamental Fan","War Paint","FossilizedHelix"],"potions_floor_usage":[16,22,33,33,37,41],"damage_taken":[{"damage":1,"enemies":"Cultist","floor":1,"turns":3},{"damage":5,"enemies":"Small Slimes","floor":2,"turns":3},{"damage":1,"enemies":"2 Louse","floor":3,"turns":2},{"damage":3,"enemies":"2 Fungi Beasts","floor":5,"turns":5},{"damage":23,"enemies":"Gremlin Nob","floor":6,"turns":4},{"damage":4,"enemies":"3 Sentries","floor":12,"turns":7},{"damage":0,"enemies":"Red Slaver","floor":14,"turns":4},{"damage":36,"enemies":"The Guardian","floor":16,"turns":8},{"damage":11,"enemies":"Chosen","floor":18,"turns":6},{"damage":5,"enemies":"Shell Parasite","floor":19,"turns":7},{"damage":6,"enemies":"Snake Plant","floor":22,"turns":4},{"damage":26,"enemies":"Shelled Parasite and Fungi","floor":24,"turns":5},{"damage":0,"enemies":"Centurion and Healer","floor":25,"turns":3},{"damage":14,"enemies":"Sentry and Sphere","floor":27,"turns":6},{"damage":0,"enemies":"3 Cultists","floor":31,"turns":2},{"damage":17,"enemies":"Automaton","floor":33,"turns":7},{"damage":0,"enemies":"3 Shapes","floor":35,"turns":5},{"damage":3,"enemies":"Mind Bloom Boss Battle","floor":37,"turns":5},{"damage":82,"enemies":"Giant Head","floor":41,"turns":9},{"damage":0,"enemies":"Orb Walker","floor":44,"turns":4},{"damage":52,"enemies":"Time Eater","floor":50,"turns":8}],"seed_played":"5612106574782876332","potions_obtained":[{"floor":3,"key":"GamblersBrew"},{"floor":14,"key":"FearPotion"},{"floor":16,"key":"Weak Potion"},{"floor":25,"key":"EssenceOfSteel"},{"floor":27,"key":"Block Potion"},{"floor":33,"key":"Strength Potion"},{"floor":35,"key":"GamblersBrew"}],"is_trial":false,"path_per_floor":["M","M","M","?","M","E","R","$","T","R","$","E","?","M","R","B",null,"M","M","?","?","M","R","M","M","T","M","R","R","$","M","R","B",null,"M","?","?","T","$","R","E","R","T","M","R","?","?","T","R","B",null],"character_chosen":"DEFECT","items_purchased":["DataDisk","Leap","Leap","Self Repair","Bandage Up","Orichalcum"],"campfire_rested":8,"item_purchase_floors":[8,8,11,30,30,30],"current_hp_per_floor":[74,69,68,57,54,31,53,53,53,75,75,71,76,76,76,40,80,69,64,49,49,43,68,42,42,42,28,53,78,78,82,82,68,85,85,74,75,75,75,75,12,37,37,43,68,68,63,63,85,39],"gold":302,"neow_bonus":"UPGRADE_CARD","is_prod":false,"is_daily":false,"chose_seed":false,"campfire_upgraded":3,"win_rate":0,"timestamp":1552052456,"path_taken":["M","M","?","?","M","E","R","$","T","R","$","E","?","M","R","BOSS","M","M","?","?","M","R","?","M","T","?","R","R","$","M","R","BOSS","M","?","?","?","?","R","E","R","T","M","R","?","?","?","R","BOSS"],"build_version":"2019-01-23","purchased_purges":1,"victory":true,"max_hp_per_floor":[75,75,75,75,75,75,75,75,75,75,75,75,80,80,80,80,80,80,80,85,85,85,85,85,85,85,85,85,85,85,85,85,85,85,85,85,85,85,85,85,85,85,85,85,85,85,85,85,85,85],"card_choices":[{"not_picked":["Streamline","Steam"],"picked":"Skim","floor":1},{"not_picked":["Double Energy","Compile Driver"],"picked":"Undo","floor":2},{"not_picked":["Beam Cell","Conserve Battery"],"picked":"Static Discharge","floor":3},{"not_picked":["Doom and Gloom","BootSequence"],"picked":"Ball Lightning","floor":5},{"not_picked":["Streamline","White Noise"],"picked":"Undo","floor":6},{"not_picked":["Heatsinks","Sweeping Beam"],"picked":"Streamline","floor":12},{"not_picked":["Coolheaded","Reinforced Body"],"picked":"Electrodynamics","floor":14},{"not_picked":["Meteor Strike","Machine Learning"],"picked":"Multi-Cast","floor":16},{"not_picked":["Barrage+1","Darkness"],"picked":"Defragment+1","floor":18},{"not_picked":["Heatsinks+1","FTL+1"],"picked":"Steam","floor":19},{"not_picked":["Glacier","Sweeping Beam+1"],"picked":"Redo","floor":22},{"not_picked":["Compile Driver","Doom and Gloom+1"],"picked":"Tempest","floor":24},{"not_picked":["Sweeping Beam","Barrage+1"],"picked":"Steam+1","floor":25},{"not_picked":["Fusion","Stack"],"picked":"Turbo","floor":27},{"not_picked":["Cold Snap+1","Beam Cell+1"],"picked":"Recycle","floor":31},{"not_picked":["Electrodynamics","Seek"],"picked":"Amplify","floor":33},{"not_picked":["Hologram","Lockon+1"],"picked":"Aggregate+1","floor":35},{"not_picked":["Double Energy","Redo+1"],"picked":"Ball Lightning+1","floor":37},{"not_picked":["Stack+1","Go for the Eyes+1"],"picked":"Electrodynamics","floor":41},{"not_picked":["Steam","Turbo"],"picked":"Ball Lightning+1","floor":44},{"not_picked":["Impatience","Enlightenment"],"picked":"Master of Strategy","floor":47}],"player_experience":43677,"relics_obtained":[{"floor":6,"key":"WingedGreaves"},{"floor":9,"key":"Thread and Needle"},{"floor":12,"key":"StoneCalendar"},{"floor":26,"key":"Molten Egg 2"},{"floor":37,"key":"Bird Faced Urn"},{"floor":38,"key":"Whetstone"},{"floor":41,"key":"Ornamental Fan"},{"floor":43,"key":"War Paint"},{"floor":48,"key":"FossilizedHelix"}],"event_choices":[{"damage_healed":0,"gold_gain":75,"player_choice":"Gather Gold","damage_taken":11,"max_hp_gain":0,"max_hp_loss":0,"event_name":"World of Goop","floor":4,"gold_loss":0},{"damage_healed":0,"gold_gain":0,"player_choice":"Donut","damage_taken":0,"max_hp_gain":5,"max_hp_loss":0,"event_name":"Big Fish","floor":13,"gold_loss":0},{"damage_healed":0,"gold_gain":0,"player_choice":"Shed Blood","damage_taken":20,"max_hp_gain":5,"max_hp_loss":0,"event_name":"Forgotten Altar","floor":20,"gold_loss":0},{"damage_healed":0,"gold_gain":100,"player_choice":"Pray","damage_taken":0,"max_hp_gain":0,"max_hp_loss":0,"event_name":"Golden Shrine","floor":21,"gold_loss":0},{"damage_healed":0,"gold_gain":0,"player_choice":"Embrace Madness","damage_taken":11,"max_hp_gain":0,"max_hp_loss":0,"event_name":"Winding Halls","floor":36,"gold_loss":0,"cards_obtained":["Madness","Madness"]},{"damage_healed":0,"gold_gain":0,"player_choice":"Fight","damage_taken":0,"max_hp_gain":0,"max_hp_loss":0,"event_name":"MindBloom","floor":37,"gold_loss":0},{"cards_removed":["Strike_B"],"damage_healed":0,"gold_gain":0,"player_choice":"Removed Attack","damage_taken":0,"max_hp_gain":0,"max_hp_loss":0,"event_name":"Falling","floor":46,"gold_loss":0},{"damage_healed":0,"gold_gain":0,"player_choice":"Memory 2","damage_taken":5,"max_hp_gain":0,"max_hp_loss":0,"event_name":"SensoryStone","floor":47,"gold_loss":0}],"is_beta":false,"boss_relics":[{"not_picked":["Runic Dome","White Beast Statue"],"picked":"Nuclear Battery"},{"not_picked":["Runic Pyramid","Sozu"],"picked":"Inserter"}],"items_purged_floors":[39],"is_endless":false,"potions_floor_spawned":[3,14,16,25,27,33,35],"ascension_level":0}