{"gold_per_floor":[109,109,31,45,57,57,92,92,92,110,129,143,177,197,197,299,299,317,329,65,65,65,65,97,97,123,38,70,70,44,44],"floor_reached":31,"playtime":1433,"items_purged":[],"score":314,"play_id":"dca90625-7116-4838-a46a-1df632838013","local_time":"20180716113258","is_ascension_mode":true,"campfire_choices":[{"data":"Terror","floor":6,"key":"SMITH"},{"data":"Noxious Fumes","floor":8,"key":"SMITH"},{"data":"Glass Knife","floor":15,"key":"SMITH"},{"data":"Sucker Punch","floor":23,"key":"SMITH"},{"data":"Night Terror","floor":25,"key":"SMITH"}],"neow_cost":"","seed_source_timestamp":0,"circlet_count":0,"master_deck":["Defend_G","Defend_G","Defend_G","Strike_G","Strike_G","Strike_G","Strike_G","Survivor","Neutralize","Flying Knee","Terror+1","Noxious Fumes+1","Backstab","Cloak And Dagger","Backflip","Sucker Punch+1","Leg Sweep","Glass Knife+1","Die Die Die","Backstab","Deflect","Infinite Blades","Tactician","Night Terror+1","PiercingWail","Deflect"],"special_seed":17728,"relics":["Ring of the Snake","Dodecahedron","Potion Belt","Boot","Orichalcum","Empty Cage","Sling","Shovel","Bag of Preparation","Gremlin Horn","Art of War","Matryoshka"],"potions_floor_usage":[7,13,13],"damage_taken":[{"damage":3,"enemies":"Jaw Worm","floor":1,"turns":5},{"damage":0,"enemies":"2 Louse","floor":4,"turns":3},{"damage":1,"enemies":"Cultist","floor":5,"turns":4},{"damage":17,"enemies":"Lagavulin","floor":7,"turns":7},{"damage":3,"enemies":"Blue Slaver","floor":10,"turns":3},{"damage":0,"enemies":"3 Louse","floor":11,"turns":2},{"damage":0,"enemies":"2 Fungi Beasts","floor":12,"turns":2},{"damage":7,"enemies":"Gremlin Nob","floor":13,"turns":4},{"damage":3,"enemies":"Blue Slaver","floor":14,"turns":3},{"damage":7,"enemies":"Hexaghost","floor":16,"turns":9},{"damage":4,"enemies":"Shell Parasite","floor":18,"turns":3},{"damage":10,"enemies":"3 Byrds","floor":19,"turns":5},{"damage":9,"enemies":"Centurion and Healer","floor":21,"turns":6},{"damage":26,"enemies":"Slavers","floor":24,"turns":7},{"damage":11,"enemies":"Book of Stabbing","floor":28,"turns":4},{"damage":13,"enemies":"Snake Plant","floor":31,"turns":2}],"seed_played":"-2205032152784244808","potions_obtained":[{"floor":4,"key":"FearPotion"},{"floor":5,"key":"Energy Potion"},{"floor":7,"key":"GhostInAJar"},{"floor":14,"key":"Explosive Potion"},{"floor":18,"key":"Poison Potion"},{"floor":24,"key":"PowerPotion"}],"is_trial":false,"path_per_floor":["M","?","$","M","M","R","E","R","T","M","M","M","E","M","R","B",null,"M","M","$","M","?","R","E","R","T","?","E","T","$"],"character_chosen":"THE_SILENT","items_purchased":["Terror","Sling","Infinite Blades","Deflect"],"campfire_rested":0,"item_purchase_floors":[3,20,20,30],"current_hp_per_floor":[67,64,64,64,63,63,46,46,46,43,43,43,36,33,33,26,70,66,56,56,47,47,47,21,21,21,21,10,10,10,0],"gold":44,"neow_bonus":"","is_prod":false,"is_daily":false,"chose_seed":false,"campfire_upgraded":5,"win_rate":0,"timestamp":1531762378,"path_taken":["M","?","$","M","M","R","E","R","T","M","M","M","E","M","R","BOSS","M","M","$","M","?","R","E","R","T","?","E","?","$","M"],"build_version":"2018-07-12","purchased_purges":0,"victory":false,"max_hp_per_floor":[70,70,70,70,70,70,70,70,70,70,70,70,70,70,70,70,70,70,70,70,70,70,70,70,70,70,70,70,70,70,70],"card_choices":[{"not_picked":["Expertise","Slice"],"picked":"Flying Knee","floor":1},{"not_picked":["Bane","Dagger Throw","PiercingWail"],"picked":"SKIP","floor":4},{"not_picked":["Poisoned Stab","Dagger Throw"],"picked":"Noxious Fumes","floor":5},{"not_picked":["Slice","Calculated Gamble"],"picked":"Backstab","floor":7},{"not_picked":["Dagger Spray","Crippling Poison"],"picked":"Cloak And Dagger","floor":10},{"not_picked":["Bane","Dodge and Roll"],"picked":"Backflip","floor":11},{"not_picked":["Well Laid Plans","Predator"],"picked":"Sucker Punch","floor":12},{"not_picked":["Distraction","Flying Knee"],"picked":"Leg Sweep","floor":13},{"not_picked":["Leg Sweep","Flying Knee"],"picked":"Glass Knife","floor":14},{"not_picked":["Tactician","Storm of Steel"],"picked":"Die Die Die","floor":16},{"not_picked":["Quick Slash","Noxious Fumes"],"picked":"Backstab","floor":18},{"not_picked":["PiercingWail","All Out Attack"],"picked":"Deflect","floor":19},{"not_picked":["Underhanded Strike","Poisoned Stab+1"],"picked":"Tactician","floor":21},{"not_picked":["Skewer","Slice"],"picked":"Night Terror","floor":24},{"not_picked":["Choke+1","Dodge and Roll+1"],"picked":"PiercingWail","floor":28}],"player_experience":211939,"relics_obtained":[{"floor":7,"key":"Potion Belt"},{"floor":9,"key":"Boot"},{"floor":13,"key":"Orichalcum"},{"floor":24,"key":"Shovel"},{"floor":26,"key":"Bag of Preparation"},{"floor":28,"key":"Art of War"},{"floor":29,"key":"Matryoshka"}],"event_choices":[{"event_name":"Scrap Ooze","player_choice":"success","floor":2,"damage_taken":3},{"event_name":"Bonfire Elementals","player_choice":"BASIC","floor":22,"damage_taken":0},{"event_name":"Addict","player_choice":"Obtained Relic","floor":27,"damage_taken":0}],"boss_relics":[{"not_picked":["Velvet Choker","Tiny House"],"picked":"Empty Cage"}],"items_purged_floors":[],"is_endless":false,"potions_floor_spawned":[4,5,7,14,18,24],"killed_by":"Snake Plant","ascension_level":2}