{"gold_per_floor":[111,186,361,374,24,53,65,65,90,40,40,114,42,57,57,57],"floor_reached":16,"playtime":473,"items_purged":["Doubt"],"score":135,"play_id":"5766b074-cb46-41a3-9780-4acec8a0bc99","local_time":"20190314120842","is_ascension_mode":true,"campfire_choices":[{"data":"Neutralize","floor":8,"key":"SMITH"},{"data":"PiercingWail","floor":11,"key":"SMITH"},{"data":"Cloak And Dagger","floor":15,"key":"SMITH"}],"neow_cost":"NONE","seed_source_timestamp":186608889768395,"circlet_count":0,"master_deck":["Defend_G","Defend_G","Defend_G","Defend_G","Defend_G","Strike_G","Strike_G","Strike_G","Strike_G","Survivor","Neutralize+1","PiercingWail+1","Backstab","Die Die Die","Acrobatics","Accuracy","Die Die Die","Cloak And Dagger+1"],"relics":["Ring of the Snake","NeowsBlessing","Membership Card","Oddly Smooth Stone","Dream Catcher","Art of War"],"potions_floor_usage":[16],"damage_taken":[{"damage":0,"enemies":"2 Louse","floor":1,"turns":1},{"damage":0,"enemies":"Jaw Worm","floor":4,"turns":1},{"damage":0,"enemies":"3 Sentries","floor":6,"turns":1},{"damage":0,"enemies":"Small Slimes","floor":7,"turns":2},{"damage":0,"enemies":"Gremlin Gang","floor":14,"turns":3},{"damage":65,"enemies":"Hexaghost","floor":16,"turns":18}],"seed_played":"3669096386934990355","potions_obtained":[{"floor":7,"key":"SpeedPotion"},{"floor":14,"key":"Block Potion"}],"is_trial":false,"path_per_floor":["?","?","?","?"],"character_chosen":"THE_SILENT","items_purchased":["Membership Card","Oddly Smooth Stone","Backstab","Accuracy","Die Die Die"],"campfire_rested":0,"item_purchase_floors":[5,5,5,13,13],"current_hp_per_floor":[70,59,59,59,59,59,59,59,59,59,59,59,59,59,59,0],"gold":57,"neow_bonus":"THREE_ENEMY_KILL","is_prod":false,"is_daily":false,"chose_seed":false,"campfire_upgraded":3,"win_rate":0,"timestamp":1552561722,"path_taken":["M","?","?","M","$","E","M","R","T","?","R","?","$","M","R","BOSS"],"build_version":"2019-01-23","purchased_purges":1,"victory":false,"max_hp_per_floor":[70,70,70,70,70,70,70,70,70,70,70,70,70,70,70,70],"card_choices":[{"not_picked":["Dodge and Roll","Deadly Poison","Finisher"],"picked":"SKIP","floor":1},{"not_picked":["Setup","Poisoned Stab"],"picked":"PiercingWail","floor":4},{"not_picked":["Dagger Spray","Flying Knee"],"picked":"Die Die Die","floor":6},{"not_picked":["Tactician","Catalyst"],"picked":"Acrobatics","floor":7},{"not_picked":["Concentrate","Infinite Blades"],"picked":"Cloak And Dagger","floor":14}],"player_experience":284034,"relics_obtained":[{"floor":6,"key":"Dream Catcher"},{"floor":9,"key":"Art of War"}],"event_choices":[{"damage_healed":0,"gold_gain":75,"player_choice":"Gather Gold","damage_taken":11,"max_hp_gain":0,"max_hp_loss":0,"event_name":"World of Goop","floor":2,"gold_loss":0},{"damage_healed":0,"gold_gain":175,"player_choice":"AGREE","damage_taken":0,"max_hp_gain":0,"max_hp_loss":0,"event_name":"Liars Game","floor":3,"gold_loss":0,"cards_obtained":["Doubt"]},{"cards_removed":["Strike_G"],"damage_healed":0,"gold_gain":0,"player_choice":"Card Removal","damage_taken":0,"max_hp_gain":0,"max_hp_loss":0,"event_name":"The Cleric","floor":10,"gold_loss":50},{"damage_healed":0,"gold_gain":74,"player_choice":"Gained Gold","damage_taken":0,"max_hp_gain":0,"max_hp_loss":0,"event_name":"Golden Wing","floor":12,"gold_loss":0}],"is_beta":false,"boss_relics":[],"items_purged_floors":[5],"is_endless":false,"potions_floor_spawned":[7,14],"killed_by":"Hexaghost","ascension_level":2}