{"gold_per_floor":[109,127,127,147,222,222,240,256,256,269,269,285,305,317,317,317],"floor_reached":16,"playtime":818,"items_purged":[],"score":98,"play_id":"3440f1ff-8c04-4598-8d87-c338d705591a","local_time":"20180701171234","is_ascension_mode":false,"campfire_choices":[{"data":"Terror","floor":6,"key":"SMITH"},{"data":"Sucker Punch","floor":11,"key":"SMITH"},{"floor":15,"key":"REST"}],"neow_cost":"NONE","seed_source_timestamp":434055759501824,"circlet_count":0,"master_deck":["Defend_G","Defend_G","Defend_G","Defend_G","Defend_G","Strike_G+1","Strike_G","Strike_G","Strike_G+1","Strike_G","Survivor","Neutralize","Blur","Acrobatics","Terror+1","Venomology","Sucker Punch+1","Flying Knee","Leg Sweep","Calculated Gamble","PiercingWail"],"relics":["Ring of the Snake","Bag of Preparation","Paper Crane"],"potions_floor_usage":[12,16],"damage_taken":[{"damage":1,"enemies":"Cultist","floor":1,"turns":4},{"damage":0,"enemies":"Jaw Worm","floor":2,"turns":7},{"damage":0,"enemies":"2 Louse","floor":4,"turns":2},{"damage":0,"enemies":"Blue Slaver","floor":7,"turns":4},{"damage":3,"enemies":"2 Fungi Beasts","floor":8,"turns":3},{"damage":7,"enemies":"Exordium Thugs","floor":10,"turns":4},{"damage":0,"enemies":"Lots of Slimes","floor":12,"turns":1},{"damage":0,"enemies":"Blue Slaver","floor":13,"turns":4},{"damage":4,"enemies":"2 Fungi Beasts","floor":14,"turns":4},{"damage":55,"enemies":"Slime Boss","floor":16,"turns":12}],"seed_played":"872574230430963682","potions_obtained":[{"floor":1,"key":"SkillPotion"},{"floor":2,"key":"Explosive Potion"}],"is_trial":false,"path_per_floor":["M","M","?","M","?","R","M","M","T","M","R","M","M","M","R"],"character_chosen":"THE_SILENT","items_purchased":[],"campfire_rested":1,"item_purchase_floors":[],"current_hp_per_floor":[69,69,55,55,44,44,44,41,41,34,34,34,34,30,51,0],"gold":317,"neow_bonus":"RANDOM_COMMON_RELIC","is_prod":false,"is_daily":false,"chose_seed":false,"campfire_upgraded":2,"win_rate":0.0,"timestamp":1530486754,"path_taken":["M","M","?","M","?","R","M","M","T","M","R","M","M","M","R","BOSS"],"build_version":"2018-06-28","purchased_purges":0,"victory":false,"max_hp_per_floor":[70,70,70,70,70,70,70,70,70,70,70,70,70,70,70,70],"card_choices":[{"not_picked":["Dodge and Roll","Deadly Poison"],"picked":"Blur","floor":1},{"not_picked":["Backstab","Underhanded Strike"],"picked":"Acrobatics","floor":2},{"not_picked":["Reflex","Endless Agony"],"picked":"Terror","floor":4},{"not_picked":["Slice","Underhanded Strike"],"picked":"Venomology","floor":7},{"not_picked":["Flechettes","Prepared"],"picked":"Sucker Punch","floor":8},{"not_picked":["Flechettes","Choke"],"picked":"Flying Knee","floor":10},{"not_picked":["PiercingWail","Quick Slash"],"picked":"Leg Sweep","floor":12},{"not_picked":["Accuracy","Infinite Blades"],"picked":"Calculated Gamble","floor":13},{"not_picked":["Choke","Leg Sweep"],"picked":"PiercingWail","floor":14}],"player_experience":97495,"relics_obtained":[{"floor":9,"key":"Paper Crane"}],"event_choices":[{"event_name":"Shining Light","player_choice":"Entered Light","floor":3,"damage_taken":0},{"event_name":"World of Goop","player_choice":"Gather Gold","floor":5,"damage_taken":0}],"boss_relics":[],"items_purged_floors":[],"is_endless":false,"potions_floor_spawned":[1,2,12],"killed_by":"Slime Boss","ascension_level":0}