{"path_per_floor":["M","M","?","?","M","R","M","$","T","M","$","T","M","M","R","B",null,"M","M","?","M","?","R","M","M","T","R","$","?","M","M","R"],"character_chosen":"DEFECT","items_purchased":["Capacitor","Capacitor"],"gold_per_floor":[109,127,127,127,137,137,154,79,79,96,50,73,91,101,101,203,203,222,241,241,261,261,261,271,281,281,281,257,257,270,285,285,285],"floor_reached":33,"campfire_rested":1,"playtime":1500,"current_hp_per_floor":[75,75,75,75,75,75,73,73,73,67,67,74,66,62,62,44,82,67,67,67,45,45,45,48,42,42,42,42,42,31,43,67,0],"items_purged":["Normality"],"gold":285,"score":243,"play_id":"d51ee077-ccf7-41c9-b1cd-2ac475a7632b","local_time":"20180504181858","is_prod":false,"is_daily":false,"chose_seed":false,"is_ascension_mode":false,"campfire_upgraded":4,"timestamp":1525475938,"path_taken":["M","M","?","?","?","R","M","?","T","M","$","?","?","M","R","BOSS","M","?","?","M","?","R","M","M","T","R","$","?","M","?","R","BOSS"],"build_version":"2018-05-03","seed_source_timestamp":1610517930177438,"purchased_purges":2,"victory":false,"master_deck":["Strike_B","Strike_B","Strike_B","Defend_B","Defend_B","Defend_B","Defend_B","Zap+1","Dualcast","Beam Cell+1","Melter","Conserve Battery","Nova","Capacitor+1","Scrape","Echo Form","Glacier+1","Go for the Eyes","Storm+1","Capacitor+1","Defragment+1","Self Repair","Capacitor","Skim+1"],"max_hp_per_floor":[75,75,75,75,75,75,75,75,75,75,75,82,82,82,82,82,82,82,82,82,82,82,82,82,82,82,82,82,82,82,82,82,82],"relics":["Cracked Core","NeowsBlessing","DataDisk","Meat on the Bone","Strawberry","Sozu","Oddly Smooth Stone","Bag of Marbles"],"card_choices":[{"not_picked":["Skim","Cold Snap"],"picked":"Beam Cell","floor":1.0},{"not_picked":["Hologram","Axe Kick"],"picked":"Melter","floor":2.0},{"not_picked":["Capacitor","BootSequence"],"picked":"Conserve Battery","floor":5.0},{"not_picked":["Hologram","BootSequence"],"picked":"Nova","floor":10},{"not_picked":["Cold Snap","Sweeping Beam"],"picked":"Scrape","floor":14},{"not_picked":["All For One","Multi-Cast"],"picked":"Echo Form","floor":16},{"not_picked":["Turbo","Capacitor"],"picked":"Glacier","floor":18},{"not_picked":["Capacitor","Streamline"],"picked":"Go for the Eyes","floor":19},{"not_picked":["Leap","Ball Lightning"],"picked":"Capacitor","floor":21},{"not_picked":["Self Repair","Reprogram"],"picked":"Defragment","floor":24},{"not_picked":["Rainbow","Rebound"],"picked":"Self Repair","floor":25},{"not_picked":["Coolheaded","Cold Snap"],"picked":"Skim","floor":30}],"player_experience":35501,"potions_floor_usage":[13,16],"damage_taken":[{"damage":0.0,"enemies":"2 Louse","floor":1.0,"turns":1.0},{"damage":0.0,"enemies":"Small Slimes","floor":2.0,"turns":1.0},{"damage":0.0,"enemies":"Cultist","floor":5.0,"turns":1.0},{"damage":2.0,"enemies":"Blue Slaver","floor":7.0,"turns":3.0},{"damage":6,"enemies":"Lots of Slimes","floor":10,"turns":4},{"damage":8,"enemies":"Exordium Thugs","floor":13,"turns":4},{"damage":4,"enemies":"Exordium Wildlife","floor":14,"turns":3},{"damage":18,"enemies":"Slime Boss","floor":16,"turns":8},{"damage":15,"enemies":"3 Byrds","floor":18,"turns":4},{"damage":0,"enemies":"Shell Parasite","floor":19,"turns":5},{"damage":34,"enemies":"Chosen and Byrds","floor":21,"turns":6},{"damage":9,"enemies":"Snake Plant","floor":24,"turns":4},{"damage":6,"enemies":"Snecko","floor":25,"turns":5},{"damage":30,"enemies":"Slaver and Parasite","floor":30,"turns":4},{"damage":7,"enemies":"Snake Plant","floor":31,"turns":4},{"damage":73,"enemies":"Champ","floor":33,"turns":8}],"event_choices":[{"event_name":"Living Wall","player_choice":"Grow","floor":3.0,"damage_taken":0.0},{"event_name":"Accursed Blacksmith","player_choice":"Rummage","floor":4.0,"damage_taken":0.0},{"event_name":"The Library","player_choice":"Read","floor":20,"damage_taken":0},{"event_name":"Wheel of Change","player_choice":"Relic","floor":22,"damage_taken":0},{"event_name":"Purifier","player_choice":"One Purge","floor":29,"damage_taken":0}],"boss_relics":[{"not_picked":["Runic Dome","Black Star"],"picked":"Sozu"}],"potions_floor_spawned":[2,5,10,21,24,25,30],"seed_played":"-437898036434768569","killed_by":"Champ","ascension_level":0,"is_trial":false}