{"gold_per_floor":[116,126,138,157,157,191,211,211,511,511,522,536,536,563,563,641,641,655,104,118,136,149,178,178,209,209,209,224,124,124,124,124,200,200,216,216,230,105,119,119],"floor_reached":40,"playtime":2342,"items_purged":["Strike_B","Strike_B","Defend_B"],"score":770,"play_id":"4890af5e-97bb-40f8-9b64-75de8113fa19","local_time":"20190312125346","is_ascension_mode":true,"campfire_choices":[{"data":"Defragment","floor":8.0,"key":"SMITH"},{"floor":10.0,"key":"REST"},{"data":"Zap","floor":13.0,"key":"SMITH"},{"data":"Conserve Battery","floor":15.0,"key":"SMITH"},{"data":"Echo Form","floor":24.0,"key":"SMITH"},{"floor":27.0,"key":"REST"},{"floor":32.0,"key":"REST"}],"neow_cost":"NONE","seed_source_timestamp":1724282055957571,"circlet_count":0,"master_deck":["AscendersBane","Strike_B","Strike_B","Defend_B","Defend_B","Defend_B","Zap+1","Defragment+1","Conserve Battery+1","Chaos","Sunder","Conserve Battery","Go for the Eyes","Compile Driver","White Noise","Echo Form+1","Defragment","Panache","Defragment","Coolheaded","Capacitor","Ball Lightning","Creative AI","Consume+1","Conserve Battery+1"],"special_seed":0,"relics":["Cracked Core","Bag of Marbles","Incense Burner","Old Coin","Torii","Runic Pyramid","OrangePellets","Bottled Flame","Singing Bowl","Unceasing Top","Busted Crown"],"potions_floor_usage":[],"damage_taken":[{"damage":0.0,"enemies":"Cultist","floor":1.0,"turns":3.0},{"damage":0.0,"enemies":"2 Louse","floor":2.0,"turns":2.0},{"damage":0.0,"enemies":"Small Slimes","floor":3.0,"turns":4.0},{"damage":8.0,"enemies":"Blue Slaver","floor":4.0,"turns":5.0},{"damage":24.0,"enemies":"Gremlin Nob","floor":6.0,"turns":4.0},{"damage":0.0,"enemies":"Exordium Thugs","floor":7.0,"turns":4.0},{"damage":0.0,"enemies":"2 Fungi Beasts","floor":11.0,"turns":3.0},{"damage":0.0,"enemies":"Looter","floor":12.0,"turns":3.0},{"damage":8.0,"enemies":"Lagavulin","floor":14.0,"turns":5.0},{"damage":2.0,"enemies":"The Guardian","floor":16.0,"turns":10.0},{"damage":8.0,"enemies":"Shell Parasite","floor":18.0,"turns":6.0},{"damage":6.0,"enemies":"Spheric Guardian","floor":20.0,"turns":4.0},{"damage":17.0,"enemies":"Snake Plant","floor":21.0,"turns":5.0},{"damage":0.0,"enemies":"Centurion and Healer","floor":22.0,"turns":7.0},{"damage":2.0,"enemies":"Book of Stabbing","floor":23.0,"turns":8.0},{"damage":12.0,"enemies":"Gremlin Leader","floor":25.0,"turns":9.0},{"damage":20.0,"enemies":"Chosen and Byrds","floor":28.0,"turns":6.0},{"damage":30.0,"enemies":"Collector","floor":33.0,"turns":9.0},{"damage":8.0,"enemies":"Orb Walker","floor":35.0,"turns":3.0},{"damage":0.0,"enemies":"3 Shapes","floor":37.0,"turns":6.0},{"damage":41.0,"enemies":"Transient","floor":39.0,"turns":5.0},{"damage":26,"enemies":"Reptomancer","floor":40,"turns":2}],"seed_played":"2527547044533949324","potions_obtained":[{"floor":1.0,"key":"Fire Potion"},{"floor":3.0,"key":"Ancient Potion"},{"floor":11.0,"key":"Fire Potion"},{"floor":16.0,"key":"GamblersBrew"},{"floor":18.0,"key":"GamblersBrew"},{"floor":23.0,"key":"Energy Potion"},{"floor":25.0,"key":"FearPotion"},{"floor":28.0,"key":"Swift Potion"},{"floor":37.0,"key":"Energy Potion"}],"is_trial":false,"path_per_floor":["M","M","M","M","?","E","M","R","T","R","M","M","R","E","R","B",null,"M","$","M","M","M","E","R","E","T","R","M","$","?","?","R","B",null,"M","?","M","$","M","E"],"character_chosen":"DEFECT","items_purchased":["Panache","Defragment","OrangePellets"],"campfire_rested":3,"item_purchase_floors":[19,19,19],"current_hp_per_floor":[64,64,64,56,52,28,28,28,28,49,49,49,49,41,41,39,63,55,55,49,32,32,30,30,18,18,39,21,21,21,21,42,12,58,52,52,52,52,11,0],"gold":119,"neow_bonus":"RANDOM_COMMON_RELIC","is_prod":false,"is_daily":false,"chose_seed":false,"campfire_upgraded":4,"win_rate":0,"timestamp":1552416826,"path_taken":["M","M","M","?","?","E","M","R","T","R","M","?","R","E","R","BOSS","M","$","M","M","M","E","R","E","T","R","M","$","?","?","R","BOSS","M","?","M","$","M","E"],"build_version":"2019-01-23","purchased_purges":3,"victory":false,"max_hp_per_floor":[71,71,71,71,71,71,71,71,71,71,71,71,71,71,71,71,71,71,71,71,71,71,71,71,71,71,71,73,73,73,73,73,73,73,75,75,75,75,75,75],"card_choices":[{"not_picked":["Reinforced Body","Sweeping Beam"],"picked":"Defragment","floor":1.0},{"not_picked":["Aggregate","Capacitor"],"picked":"Conserve Battery","floor":2.0},{"not_picked":["Conserve Battery","Barrage"],"picked":"Chaos","floor":3.0},{"not_picked":["Cold Snap","Hello World"],"picked":"Sunder","floor":4.0},{"not_picked":["Hologram","Reinforced Body"],"picked":"Conserve Battery","floor":6.0},{"not_picked":["Blizzard","Scrape","Fusion"],"picked":"SKIP","floor":7.0},{"not_picked":["Hologram","Redo"],"picked":"Go for the Eyes","floor":11.0},{"not_picked":["Steam","Gash"],"picked":"Compile Driver","floor":12.0},{"not_picked":["Chill","Conserve Battery"],"picked":"White Noise","floor":14.0},{"not_picked":["Thunder Strike","Amplify"],"picked":"Echo Form","floor":16.0},{"not_picked":["Coolheaded+1","Fusion"],"picked":"Defragment","floor":18.0},{"not_picked":["Redo","Hologram"],"picked":"Coolheaded","floor":20.0},{"not_picked":["Gash","Compile Driver"],"picked":"Capacitor","floor":21.0},{"not_picked":["Hologram","Reprogram+1","Gash"],"picked":"SKIP","floor":22.0},{"not_picked":["Turbo","Sweeping Beam","Sunder"],"picked":"SKIP","floor":23.0},{"not_picked":["Leap","Hello World"],"picked":"Ball Lightning","floor":25.0},{"not_picked":["Beam Cell","Blizzard","Sweeping Beam"],"picked":"Singing Bowl","floor":28.0},{"not_picked":["Buffer","Thunder Strike"],"picked":"Creative AI","floor":33.0},{"not_picked":["Beam Cell"],"picked":"Singing Bowl","floor":35.0},{"not_picked":[],"picked":"Consume+1","floor":37.0},{"not_picked":[],"picked":"Conserve Battery+1","floor":39.0}],"player_experience":778735,"relics_obtained":[{"floor":6.0,"key":"Incense Burner"},{"floor":9.0,"key":"Old Coin"},{"floor":14.0,"key":"Torii"},{"floor":23.0,"key":"Bottled Flame"},{"floor":25.0,"key":"Singing Bowl"},{"floor":26.0,"key":"Unceasing Top"}],"event_choices":[{"damage_healed":0.0,"max_hp_gain":0.0,"max_hp_loss":0.0,"gold_gain":0.0,"event_name":"The Woman in Blue","player_choice":"Bought 0 Potions","floor":5.0,"gold_loss":0.0,"damage_taken":0.0},{"damage_healed":0.0,"max_hp_gain":0.0,"max_hp_loss":0.0,"gold_gain":0.0,"event_name":"The Mausoleum","player_choice":"Ignored","floor":30.0,"gold_loss":0.0,"damage_taken":0.0},{"damage_healed":0.0,"max_hp_gain":0.0,"max_hp_loss":0.0,"gold_gain":0.0,"event_name":"Vampires","player_choice":"Ignored","floor":31.0,"gold_loss":0.0,"damage_taken":0.0},{"cards_removed":["Dualcast"],"damage_healed":0.0,"max_hp_gain":0.0,"max_hp_loss":0.0,"gold_gain":0.0,"event_name":"Falling","player_choice":"Removed Skill","floor":36.0,"gold_loss":0.0,"damage_taken":0.0}],"is_beta":false,"boss_relics":[{"not_picked":["Velvet Choker","Snecko Eye"],"picked":"Runic Pyramid"},{"not_picked":["Black Star","Empty Cage"],"picked":"Busted Crown"}],"items_purged_floors":[19,29,38],"is_endless":false,"potions_floor_spawned":[1,3,11,12,16,18,23,25,28,37],"killed_by":"Reptomancer","ascension_level":15}