{"gold_per_floor":[111,131,151,151,169,169,199,199,253,269,269,344,356,374,374,449,449,465,481,69,69,81,81,95,95,95,95],"floor_reached":27,"playtime":1163,"items_purged":[],"score":405,"play_id":"33684b66-9833-4881-8ba0-e983e7a3638d","local_time":"20190313172748","is_ascension_mode":true,"campfire_choices":[{"data":"Streamline","floor":6.0,"key":"SMITH"},{"floor":8.0,"key":"REST"},{"data":"Fission","floor":11.0,"key":"SMITH"},{"floor":15.0,"key":"REST"},{"data":"Coolheaded","floor":23,"key":"SMITH"}],"neow_cost":"TEN_PERCENT_HP_LOSS","seed_source_timestamp":1828825354091293,"circlet_count":0,"master_deck":["AscendersBane","Strike_B","Defend_B","Defend_B","Zap","Dualcast","Leap","Ball Lightning","Coolheaded","Streamline+1","Double Energy","Fission+1","Coolheaded","Capacitor","Reboot","Conserve Battery","Conserve Battery","Self Repair","Coolheaded+1","Core Surge","Conserve Battery","Conserve Battery","Ball Lightning"],"special_seed":0,"relics":["Cracked Core","CultistMask","Blue Candle","Omamori","Snecko Eye","Ice Cream","Regal Pillow"],"potions_floor_usage":[16,16,24,27],"damage_taken":[{"damage":9.0,"enemies":"Small Slimes","floor":1.0,"turns":3.0},{"damage":1.0,"enemies":"Cultist","floor":2.0,"turns":4.0},{"damage":9.0,"enemies":"2 Louse","floor":3.0,"turns":2.0},{"damage":7.0,"enemies":"Large Slime","floor":5.0,"turns":7.0},{"damage":25.0,"enemies":"Gremlin Nob","floor":7.0,"turns":4.0},{"damage":11.0,"enemies":"Looter","floor":10.0,"turns":2.0},{"damage":6.0,"enemies":"Blue Slaver","floor":13.0,"turns":4.0},{"damage":3.0,"enemies":"Exordium Wildlife","floor":14.0,"turns":4.0},{"damage":7,"enemies":"Slime Boss","floor":16,"turns":7},{"damage":0,"enemies":"Spheric Guardian","floor":18,"turns":3},{"damage":26,"enemies":"Shell Parasite","floor":19,"turns":5},{"damage":18,"enemies":"Cultist and Chosen","floor":22,"turns":6},{"damage":2,"enemies":"Snecko","floor":24,"turns":6},{"damage":35,"enemies":"Book of Stabbing","floor":27,"turns":7}],"seed_played":"-4945681979587728004","potions_obtained":[{"floor":2.0,"key":"Dexterity Potion"},{"floor":3.0,"key":"Weak Potion"},{"floor":5.0,"key":"EntropicBrew"},{"floor":14.0,"key":"PowerPotion"},{"floor":24,"key":"Swift Potion"}],"is_trial":false,"path_per_floor":["M","M","M","?","M","R","E","R","T","M","R","?","M","M","R","B",null,"M","M","$","?","M","R","M","?","T","E"],"character_chosen":"DEFECT","items_purchased":["Self Repair","Ice Cream","Coolheaded"],"campfire_rested":2,"item_purchase_floors":[20,20,20],"current_hp_per_floor":[55,54,45,45,38,38,13,32,32,21,21,10,4,1,20,13,51,51,25,25,25,14,14,33,33,33,0],"gold":95,"neow_bonus":"REMOVE_TWO","is_prod":false,"is_daily":false,"chose_seed":false,"campfire_upgraded":3,"win_rate":0,"timestamp":1552519668,"path_taken":["M","M","M","?","?","R","E","R","T","M","R","?","M","M","R","BOSS","M","M","$","?","M","R","M","?","T","E"],"build_version":"2019-01-23","purchased_purges":0,"victory":false,"max_hp_per_floor":[64,64,64,64,64,64,64,64,64,64,64,64,64,64,64,64,64,64,64,64,64,64,64,64,64,64,64],"card_choices":[{"not_picked":["Recycle","Storm"],"picked":"Leap","floor":1.0},{"not_picked":["Barrage","Lockon"],"picked":"Ball Lightning","floor":2.0},{"not_picked":["BootSequence","Rebound"],"picked":"Coolheaded","floor":3.0},{"not_picked":["Redo","Turbo"],"picked":"Streamline","floor":5.0},{"not_picked":["Blizzard","Skim"],"picked":"Double Energy","floor":7.0},{"not_picked":["Conserve Battery","Steam Power"],"picked":"Fission","floor":10.0},{"not_picked":["Turbo","Melter"],"picked":"Coolheaded","floor":13.0},{"not_picked":["Compile Driver","Ball Lightning"],"picked":"Capacitor","floor":14.0},{"not_picked":["Fission","Amplify"],"picked":"Reboot","floor":16},{"not_picked":["Leap","Cold Snap"],"picked":"Conserve Battery","floor":18},{"not_picked":["Go for the Eyes","Rebound"],"picked":"Conserve Battery","floor":19},{"not_picked":["Steam","Skim"],"picked":"Conserve Battery","floor":22},{"not_picked":["Stack","Melter"],"picked":"Ball Lightning","floor":24}],"player_experience":798072,"relics_obtained":[{"floor":7.0,"key":"Blue Candle"},{"floor":9.0,"key":"Omamori"},{"floor":26,"key":"Regal Pillow"}],"event_choices":[{"damage_healed":0.0,"max_hp_gain":0.0,"max_hp_loss":0.0,"gold_gain":0.0,"event_name":"FaceTrader","player_choice":"Trade","floor":4.0,"gold_loss":0.0,"damage_taken":0.0,"relics_obtained":["CultistMask"]},{"damage_healed":0.0,"max_hp_gain":0.0,"max_hp_loss":0.0,"gold_gain":75.0,"event_name":"World of Goop","player_choice":"Gather Gold","floor":12.0,"gold_loss":0.0,"damage_taken":11.0},{"damage_healed":0,"gold_gain":0,"cards_transformed":["Strike_B","Defend_B"],"player_choice":"Became Test Subject","damage_taken":0,"max_hp_gain":0,"max_hp_loss":0,"event_name":"Drug Dealer","floor":21,"gold_loss":0,"cards_obtained":["Core Surge","Conserve Battery"]},{"cards_removed":["Strike_B"],"damage_healed":0,"gold_gain":0,"player_choice":"Elegance","damage_taken":0,"max_hp_gain":0,"max_hp_loss":0,"event_name":"Back to Basics","floor":25,"gold_loss":0}],"is_beta":false,"boss_relics":[{"not_picked":["Black Star","Fusion Hammer"],"picked":"Snecko Eye"}],"items_purged_floors":[],"is_endless":false,"potions_floor_spawned":[2,3,5,7,14,22,24],"killed_by":"Book of Stabbing","ascension_level":15}