{"path_per_floor":["M","?","$","M","M","R","M","M","R","E","?","M","R","B",null,"M","?","?","$","?","R","M","M","T","?","T","M","$","M","R","B",null,"M","?"],"character_chosen":"DEFECT","items_purchased":["Capacitor","Regen Potion","Apotheosis","Regen Potion"],"gold_per_floor":[117,97,75,92,105,105,117,149,149,178,278,290,290,391,391,405,434,349,301,301,301,318,332,359,359,359,373,72,92,92,190,190,201,423,423],"floor_reached":35,"campfire_rested":3,"playtime":1861,"current_hp_per_floor":[75,75,75,75,75,75,66,41,63,43,43,38,38,24,75,67,11,11,11,11,33,26,19,19,19,19,12,12,17,54,28,75,24,24,0],"items_purged":["Doubt"],"gold":423,"score":411,"play_id":"e6b47bf9-a3f1-4476-ab45-688246b4063c","local_time":"20180429215903","is_prod":false,"is_daily":false,"chose_seed":false,"is_ascension_mode":false,"campfire_upgraded":2,"timestamp":1525057143,"path_taken":["M","?","$","?","M","R","M","?","T","?","R","E","?","?","R","BOSS","M","?","?","?","?","R","?","M","T","?","?","M","?","?","R","BOSS","M","?","M"],"build_version":"2018-04-27v3","seed_source_timestamp":1191038695899022,"purchased_purges":3,"victory":false,"master_deck":["Strike_B","Strike_B","Strike_B","Strike_B","Defend_B","Defend_B","Defend_B","Defend_B","Zap","Dualcast","Capacitor","Capacitor","Static Discharge+1","Auto Shields","Loop","Storm","Redo+1","Go for the Eyes","Fission","Capacitor","Capacitor+1","Leap+1","Defragment+1","Injury","Storm","Apotheosis","Stack","Reboot","Beam Cell+1"],"max_hp_per_floor":[75,75,75,75,75,75,75,75,75,75,75,75,75,75,75,75,75,75,75,75,75,75,75,75,75,75,75,75,75,75,75,75,75,75,75],"relics":["Cracked Core","NeowsBlessing","Centennial Puzzle","Sundial","Turnip","Cursed Key","Red Mask","Mercury Hourglass","Regal Pillow","Gambling Chip","Eternal Feather"],"card_choices":[{"not_picked":["Barrage","Impulse"],"picked":"Capacitor","floor":1.0},{"not_picked":["Ball Lightning","Cold Snap"],"picked":"Static Discharge","floor":4.0},{"not_picked":["Hologram","Barrage"],"picked":"Auto Shields","floor":5.0},{"not_picked":["Cold Snap","Stack"],"picked":"Loop","floor":7.0},{"not_picked":["Stack","Barrage"],"picked":"Storm","floor":8.0},{"not_picked":["Capacitor","Beam Cell"],"picked":"Redo","floor":10.0},{"not_picked":["Rebound","Genetic Algorithm"],"picked":"Go for the Eyes","floor":12.0},{"not_picked":["Fusion","Reboot"],"picked":"Fission","floor":14.0},{"not_picked":["Barrage","Turbo"],"picked":"Capacitor","floor":16.0},{"not_picked":["Cold Snap","Rebound"],"picked":"Capacitor","floor":17.0},{"not_picked":["Axe Kick","Conserve Battery"],"picked":"Leap","floor":22.0},{"not_picked":["Leap","Turbo"],"picked":"Defragment","floor":23.0},{"not_picked":["Skim","Impulse"],"picked":"Storm","floor":27.0},{"not_picked":["Ball Lightning","Turbo"],"picked":"Stack","floor":29.0},{"not_picked":["Meteor Strike","Multi-Cast"],"picked":"Reboot","floor":31},{"not_picked":["Leap","Stack"],"picked":"Beam Cell","floor":33}],"player_experience":19481,"potions_floor_usage":[],"damage_taken":[{"damage":0.0,"enemies":"Small Slimes","floor":1.0,"turns":1.0},{"damage":0.0,"enemies":"Cultist","floor":4.0,"turns":1.0},{"damage":0.0,"enemies":"2 Louse","floor":5.0,"turns":1.0},{"damage":9.0,"enemies":"Gremlin Gang","floor":7.0,"turns":5.0},{"damage":23.0,"enemies":"Exordium Thugs","floor":8.0,"turns":3.0},{"damage":11.0,"enemies":"Red Slaver","floor":8.0,"turns":5.0},{"damage":20.0,"enemies":"Lagavulin","floor":10.0,"turns":6.0},{"damage":5.0,"enemies":"Large Slime","floor":12.0,"turns":6.0},{"damage":14.0,"enemies":"Hexaghost","floor":14.0,"turns":6.0},{"damage":8.0,"enemies":"Shell Parasite","floor":16.0,"turns":5.0},{"damage":56.0,"enemies":"Masked Bandits","floor":17.0,"turns":4.0},{"damage":19.0,"enemies":"Chosen","floor":22.0,"turns":5.0},{"damage":7.0,"enemies":"Centurion and Healer","floor":23.0,"turns":6.0},{"damage":7.0,"enemies":"Chosen and Byrds","floor":27.0,"turns":4.0},{"damage":7.0,"enemies":"Cultist and Chosen","floor":29.0,"turns":4.0},{"damage":26,"enemies":"Automaton","floor":31,"turns":8},{"damage":51,"enemies":"3 Darklings","floor":33,"turns":6},{"damage":30,"enemies":"Flame Bruiser 1 Orb","floor":35,"turns":3}],"event_choices":[{"event_name":"The Woman in Blue","player_choice":"Bought 1 Potion","floor":2.0,"damage_taken":0.0},{"event_name":"Wheel of Change","player_choice":"Gold","floor":11.0,"damage_taken":0.0},{"event_name":"Masked Bandits","player_choice":"Fought over 405 gold","floor":17.0,"damage_taken":0.0},{"event_name":"Addict","player_choice":"Obtained Relic","floor":18.0,"damage_taken":0.0},{"event_name":"Vampires","player_choice":"Ignored","floor":20.0,"damage_taken":0.0},{"event_name":"Drug Dealer","player_choice":"Ignored","floor":25.0,"damage_taken":0.0},{"event_name":"Tomb of Lord Red Mask","player_choice":"Wore Mask","floor":34,"damage_taken":0}],"boss_relics":[{"not_picked":["Lizard Tail","Tiny House"],"picked":"Eternal Feather"}],"potions_floor_spawned":[7,8,14,17,23,33],"seed_played":"-2580271657883946448","killed_by":"Flame Bruiser 1 Orb","ascension_level":0,"is_trial":false}