{"gold_per_floor":[116,38,38,38,62,97,97,137,137,137,61,26,39,39,39,159,159,174,125,250,250,160,160],"floor_reached":23,"playtime":644,"items_purged":[],"score":305,"play_id":"bd56b1be-c667-4b1c-9ba8-421da4b14eae","local_time":"20190319134151","is_ascension_mode":true,"campfire_choices":[{"data":"Loop","floor":7,"key":"SMITH"},{"data":"Defragment","floor":10,"key":"SMITH"},{"data":"White Noise","floor":15,"key":"SMITH"}],"neow_cost":"NONE","seed_source_timestamp":11369449485552,"circlet_count":0,"master_deck":["Strike_B","Strike_B","Defend_B","Defend_B","Defend_B","Defend_B","Zap","Dualcast","Ball Lightning","Loop+1","Conserve Battery","Self Repair","Defragment+1","White Noise+1","Undo","Echo Form","Ball Lightning","Glacier","Streamline+1","Consume"],"special_seed":0,"relics":["Cracked Core","NeowsBlessing","Golden Idol","Bottled Tornado","Darkstone Periapt","Singing Bowl","Girya","Cursed Key","Incense Burner","Ornamental Fan"],"potions_floor_usage":[16,20],"damage_taken":[{"damage":0.0,"enemies":"Cultist","floor":1.0,"turns":1.0},{"damage":0,"enemies":"Small Slimes","floor":5,"turns":1},{"damage":0,"enemies":"Lagavulin","floor":6,"turns":1},{"damage":34,"enemies":"Gremlin Nob","floor":8,"turns":4},{"damage":7,"enemies":"Jaw Worm","floor":13,"turns":3},{"damage":17,"enemies":"Hexaghost","floor":16,"turns":7},{"damage":16,"enemies":"Spheric Guardian","floor":18,"turns":4},{"damage":21,"enemies":"Colosseum Slavers","floor":20,"turns":5},{"damage":36,"enemies":"Colosseum Nobs","floor":20,"turns":4},{"damage":22,"enemies":"Book of Stabbing","floor":23,"turns":4}],"seed_played":"-3663975501529268457","potions_obtained":[{"floor":6,"key":"Explosive Potion"},{"floor":13,"key":"SkillPotion"}],"is_trial":false,"path_per_floor":["M","$","?","T","M","E","R","E","T","R","$","?","M","$","R","B",null,"M","$","?","?","?","E"],"character_chosen":"DEFECT","items_purchased":["Loop","White Noise","Ball Lightning"],"campfire_rested":0,"item_purchase_floors":[2,11,19],"current_hp_per_floor":[68,68,68,68,68,68,68,41,41,41,41,59,59,59,59,49,69,69,69,19,19,19,0],"gold":160,"neow_bonus":"THREE_ENEMY_KILL","is_prod":false,"is_daily":false,"chose_seed":false,"campfire_upgraded":3,"win_rate":0,"timestamp":1553020911,"path_taken":["M","?","?","?","?","E","R","E","T","R","$","?","M","?","R","BOSS","M","$","?","?","?","E"],"build_version":"2019-01-23","purchased_purges":0,"victory":false,"max_hp_per_floor":[75,75,75,75,75,75,75,75,75,75,75,75,75,75,75,75,75,77,77,77,77,77,77],"card_choices":[{"not_picked":["Streamline","Stack"],"picked":"Ball Lightning","floor":1.0},{"not_picked":["Compile Driver","Chaos"],"picked":"Conserve Battery","floor":5},{"not_picked":["Storm","Rebound"],"picked":"Self Repair","floor":6},{"not_picked":["Redo","Turbo"],"picked":"Defragment","floor":8},{"not_picked":["Conserve Battery","Steam Power"],"picked":"Undo","floor":13},{"not_picked":["Multi-Cast","All For One"],"picked":"Echo Form","floor":16},{"not_picked":["Darkness+1","Reprogram+1","Leap"],"picked":"Singing Bowl","floor":18},{"not_picked":["Steam","Stack"],"picked":"Glacier","floor":20}],"player_experience":564610,"relics_obtained":[{"floor":4.0,"key":"Bottled Tornado"},{"floor":6,"key":"Darkstone Periapt"},{"floor":8,"key":"Singing Bowl"},{"floor":9,"key":"Girya"},{"floor":20,"key":"Incense Burner"},{"floor":20,"key":"Ornamental Fan"}],"event_choices":[{"damage_healed":0.0,"max_hp_gain":0.0,"max_hp_loss":0.0,"gold_gain":0.0,"event_name":"Golden Idol","player_choice":"Take Wound","floor":3.0,"gold_loss":0.0,"damage_taken":0.0,"relics_obtained":["Golden Idol"],"cards_obtained":["Injury"]},{"damage_healed":18,"gold_gain":0,"player_choice":"Healed","damage_taken":0,"max_hp_gain":0,"max_hp_loss":0,"event_name":"The Cleric","floor":12,"gold_loss":35},{"damage_healed":0,"gold_gain":0,"player_choice":"Fight","damage_taken":0,"max_hp_gain":0,"max_hp_loss":0,"event_name":"Colosseum","floor":20,"gold_loss":0},{"damage_healed":0,"gold_gain":0,"player_choice":"Fought Nobs","damage_taken":0,"max_hp_gain":0,"max_hp_loss":0,"event_name":"Colosseum","floor":20,"gold_loss":0},{"damage_healed":0,"gold_gain":0,"cards_transformed":["Strike_B","Strike_B"],"player_choice":"Became Test Subject","damage_taken":0,"max_hp_gain":0,"max_hp_loss":0,"event_name":"Drug Dealer","floor":21,"gold_loss":0,"cards_obtained":["Streamline","Consume"]},{"cards_removed":["Injury"],"damage_healed":0,"gold_gain":0,"player_choice":"Upgrade and Remove","damage_taken":0,"max_hp_gain":0,"max_hp_loss":0,"event_name":"Designer","floor":22,"gold_loss":90,"cards_upgraded":["Streamline"]}],"is_beta":false,"boss_relics":[{"not_picked":["Fusion Hammer","Lizard Tail"],"picked":"Cursed Key"}],"items_purged_floors":[],"is_endless":false,"potions_floor_spawned":[6,13,20],"killed_by":"Book of Stabbing","ascension_level":8}