{"gold_per_floor":[110,9,9,84,101,133,133,168,248,248,248],"floor_reached":11,"playtime":381,"items_purged":["Doubt"],"score":142,"play_id":"6ce67975-7ee3-4189-88a7-cf1bdbc30e10","local_time":"20190320171433","is_ascension_mode":true,"campfire_choices":[{"data":"Whirlwind","floor":7.0,"key":"SMITH"}],"neow_cost":"CURSE","seed_source_timestamp":453504463317971,"circlet_count":0,"master_deck":["AscendersBane","Strike_R","Strike_R","Strike_R","Strike_R","Defend_R","Defend_R","Defend_R","Defend_R","Bash","Whirlwind+1","Thunderclap","Evolve","Metallicize"],"special_seed":0,"relics":["Burning Blood","Magic Flower","Art of War","Matryoshka","Juzu Bracelet","Self Forming Clay"],"potions_floor_usage":[11],"damage_taken":[{"damage":1.0,"enemies":"2 Louse","floor":1.0,"turns":4.0},{"damage":9.0,"enemies":"Jaw Worm","floor":5.0,"turns":4.0},{"damage":56.0,"enemies":"Gremlin Nob","floor":6.0,"turns":5.0},{"damage":10.0,"enemies":"3 Sentries","floor":8.0,"turns":5.0},{"damage":33,"enemies":"Lagavulin","floor":11,"turns":7}],"seed_played":"-5500208920959593635","potions_obtained":[{"floor":1.0,"key":"Ancient Potion"},{"floor":6.0,"key":"Fire Potion"}],"is_trial":false,"path_per_floor":["M","$","?","?","M","E","R","E","T","?","E"],"character_chosen":"IRONCLAD","items_purchased":["Thunderclap"],"campfire_rested":0,"item_purchase_floors":[2],"current_hp_per_floor":[75,75,75,64,64,17,17,16,16,21,0],"gold":248,"neow_bonus":"ONE_RARE_RELIC","is_prod":false,"is_daily":false,"chose_seed":false,"campfire_upgraded":1,"win_rate":0,"timestamp":1553069673,"path_taken":["M","$","?","?","M","E","R","E","T","?","E"],"build_version":"2019-01-23","purchased_purges":1,"victory":false,"max_hp_per_floor":[75,75,75,75,75,75,75,75,75,80,80],"card_choices":[{"not_picked":["True Grit","Body Slam"],"picked":"Whirlwind","floor":1.0},{"not_picked":["Cleave","Pommel Strike","Thunderclap"],"picked":"SKIP","floor":5.0},{"not_picked":["Dropkick","Anger"],"picked":"Evolve","floor":6.0},{"not_picked":["Brutality","Sword Boomerang"],"picked":"Metallicize","floor":8.0}],"player_experience":462891,"relics_obtained":[{"floor":6.0,"key":"Art of War"},{"floor":8.0,"key":"Matryoshka"},{"floor":9.0,"key":"Juzu Bracelet"},{"floor":9.0,"key":"Self Forming Clay"}],"event_choices":[{"cards_removed":["Strike_R"],"damage_healed":0.0,"max_hp_gain":0.0,"max_hp_loss":0.0,"gold_gain":0.0,"event_name":"Living Wall","player_choice":"Forget","floor":3.0,"gold_loss":0.0,"damage_taken":0.0},{"damage_healed":0.0,"max_hp_gain":0.0,"max_hp_loss":0.0,"gold_gain":75.0,"event_name":"World of Goop","player_choice":"Gather Gold","floor":4.0,"gold_loss":0.0,"damage_taken":11.0},{"damage_healed":0.0,"max_hp_gain":5.0,"max_hp_loss":0.0,"gold_gain":0.0,"event_name":"Big Fish","player_choice":"Donut","floor":10.0,"gold_loss":0.0,"damage_taken":0.0}],"is_beta":false,"boss_relics":[],"items_purged_floors":[2],"is_endless":false,"potions_floor_spawned":[1,6],"killed_by":"Lagavulin","ascension_level":16}