{"gold_per_floor":[209,284,296,308,10,43,43,61,85,96,109,121,121,149,149,248,248,260,260,30,45,55,55,75,75,75,75,92,92,111,58,58,162,162,172,172],"floor_reached":36,"playtime":1270,"items_purged":[],"score":491,"play_id":"8a314e77-db41-400e-9eaa-3df2e780d06f","local_time":"20181007130203","is_ascension_mode":true,"campfire_choices":[{"floor":7.0,"key":"REST"},{"data":"Barricade","floor":13.0,"key":"SMITH"},{"data":"Bash","floor":15.0,"key":"SMITH"},{"data":"Juggernaut","floor":23.0,"key":"SMITH"},{"floor":25.0,"key":"REST"},{"floor":32,"key":"REST"}],"neow_cost":"NONE","seed_source_timestamp":308724286009038,"circlet_count":0,"master_deck":["Bash+1","Sword Boomerang+1","Thunderclap","Flex+1","Barricade+1","Flex+1","Armaments+1","Double Tap+1","Shrug It Off+1","Sentinel+1","Juggernaut+1","Dropkick","Entrench+1","Shrug It Off+1","Clothesline","Dual Wield+1","Clothesline+1","Armaments+1","Offering+1","Thunderclap","Wild Strike","Iron Wave","Clash","Perfected Strike","Reckless Charge","Thunderclap","Pommel Strike","Perfected Strike","Body Slam+1"],"special_seed":0,"relics":["Burning Blood","Toxic Egg 2","Whetstone","Oddly Smooth Stone","Bag of Marbles","Philosopher\u0027s Stone","Orichalcum","Ornamental Fan","Girya","Pandora\u0027s Box"],"potions_floor_usage":[],"damage_taken":[{"damage":8.0,"enemies":"Jaw Worm","floor":1.0,"turns":5.0},{"damage":11.0,"enemies":"Small Slimes","floor":3.0,"turns":4.0},{"damage":11.0,"enemies":"Cultist","floor":4.0,"turns":4.0},{"damage":40.0,"enemies":"Lagavulin","floor":6.0,"turns":4.0},{"damage":7.0,"enemies":"3 Louse","floor":8.0,"turns":3.0},{"damage":2.0,"enemies":"Red Slaver","floor":10.0,"turns":3.0},{"damage":0.0,"enemies":"Large Slime","floor":11.0,"turns":2.0},{"damage":0.0,"enemies":"Lots of Slimes","floor":12.0,"turns":1.0},{"damage":4.0,"enemies":"3 Sentries","floor":14.0,"turns":6.0},{"damage":48.0,"enemies":"The Guardian","floor":16.0,"turns":14.0},{"damage":0.0,"enemies":"Spheric Guardian","floor":18.0,"turns":2.0},{"damage":10.0,"enemies":"3 Byrds","floor":21.0,"turns":5.0},{"damage":27.0,"enemies":"Snake Plant","floor":22.0,"turns":5.0},{"damage":23.0,"enemies":"Sentry and Sphere","floor":24.0,"turns":5.0},{"damage":19.0,"enemies":"Shelled Parasite and Fungi","floor":28.0,"turns":4.0},{"damage":0,"enemies":"Snecko","floor":30,"turns":3},{"damage":55,"enemies":"Champ","floor":33,"turns":13},{"damage":9,"enemies":"Orb Walker","floor":35,"turns":2},{"damage":62,"enemies":"3 Darklings","floor":36,"turns":2}],"seed_played":"-3986545064536648134","potions_obtained":[{"floor":8.0,"key":"Poison Potion"},{"floor":10.0,"key":"EssenceOfSteel"},{"floor":11.0,"key":"Poison Potion"},{"floor":21.0,"key":"Explosive Potion"},{"floor":24.0,"key":"LiquidBronze"},{"floor":30,"key":"Poison Potion"}],"is_trial":false,"path_per_floor":["M","?","M","M","$","E","R","M","T","M","M","M","R","E","R","B",null,"M","?","$","M","M","R","M","R","T","$","M","T","M","$","R","B",null,"M"],"character_chosen":"IRONCLAD","items_purchased":["Toxic Egg 2","Flex+1","Orichalcum","Entrench+1","Armaments+1"],"campfire_rested":3,"item_purchase_floors":[5,5,20,20,31],"current_hp_per_floor":[70,59,54,49,49,15,39,38,38,42,48,54,54,56,56,14,64,70,62,62,58,37,37,20,44,44,44,31,31,37,37,61,12,63,60,0],"gold":172,"neow_bonus":"HUNDRED_GOLD","is_prod":false,"is_daily":false,"chose_seed":false,"campfire_upgraded":3,"win_rate":0,"timestamp":1538938923,"path_taken":["M","?","M","M","$","E","R","M","T","M","M","M","R","E","R","BOSS","M","?","$","M","M","R","M","R","T","$","?","?","?","?","R","BOSS","M","M"],"build_version":"2018-10-04v2","purchased_purges":0,"victory":false,"max_hp_per_floor":[80,80,80,80,80,80,80,80,80,80,80,80,80,80,80,80,80,80,80,80,80,80,80,80,80,80,80,80,80,80,80,80,80,80,80,80],"card_choices":[{"not_picked":["Iron Wave","Havoc"],"picked":"Sword Boomerang","floor":1.0},{"not_picked":["Warcry","Perfected Strike","Havoc"],"picked":"SKIP","floor":3.0},{"not_picked":["Shrug It Off","Combust"],"picked":"Thunderclap","floor":4.0},{"not_picked":["Sword Boomerang","Blood for Blood"],"picked":"Barricade","floor":6.0},{"not_picked":["Burning Pact+1","Anger"],"picked":"Flex+1","floor":8.0},{"not_picked":["Corruption","Sever Soul"],"picked":"Armaments+1","floor":10.0},{"not_picked":["Flex+1","Seeing Red+1"],"picked":"Double Tap+1","floor":11.0},{"not_picked":["Searing Blow","Flex+1"],"picked":"Shrug It Off+1","floor":12.0},{"not_picked":["Armaments+1","Pommel Strike"],"picked":"Sentinel+1","floor":14.0},{"not_picked":["Brutality","Barricade"],"picked":"Juggernaut","floor":16.0},{"not_picked":["Sword Boomerang","Warcry+1"],"picked":"Dropkick","floor":18.0},{"not_picked":["Havoc+1","Warcry+1","Iron Wave"],"picked":"SKIP","floor":21.0},{"not_picked":["Cleave+1","Uppercut"],"picked":"Shrug It Off+1","floor":22.0},{"not_picked":["Limit Break+1","Thunderclap"],"picked":"Clothesline","floor":24.0},{"not_picked":["Rage+1","Burning Pact+1"],"picked":"Dual Wield+1","floor":28.0},{"not_picked":["Reckless Charge+1","Fire Breathing"],"picked":"Clothesline+1","floor":30},{"not_picked":["Bludgeon","Immolate"],"picked":"Offering+1","floor":33},{"not_picked":["Anger","Ghostly Armor+1"],"picked":"Body Slam+1","floor":35}],"player_experience":504184,"relics_obtained":[{"floor":6.0,"key":"Whetstone"},{"floor":9.0,"key":"Oddly Smooth Stone"},{"floor":14.0,"key":"Bag of Marbles"},{"floor":26.0,"key":"Ornamental Fan"},{"floor":29,"key":"Girya"}],"event_choices":[{"event_name":"World of Goop","player_choice":"Gather Gold","floor":2.0,"damage_taken":0.0},{"event_name":"Wheel of Change","player_choice":"Damage","floor":19.0,"damage_taken":0.0}],"is_beta":false,"boss_relics":[{"not_picked":["Eternal Feather","Runic Pyramid"],"picked":"Philosopher\u0027s Stone"},{"not_picked":["Coffee Dripper","Empty Cage"],"picked":"Pandora\u0027s Box"}],"items_purged_floors":[],"is_endless":false,"potions_floor_spawned":[8,10,11,21,24,30],"killed_by":"3 Darklings","ascension_level":6}