{"gold_per_floor":[119,119,133,144,164,164,114,127,127,137,171,191,202,219,219,315,315,303,30,40,40,40,74,74,108,108,187,13,30,30,40,40,135,135,148,166,176,188,288,288,388,0,54,73,73,73,73,88,88,88],"floor_reached":51,"playtime":3890,"items_purged":["Strike_G","Strike_G"],"score":668,"play_id":"2b55567e-df7b-46fe-a3cb-a5bf8d89dbd1","local_time":"20181030141839","is_ascension_mode":false,"campfire_choices":[{"data":"Bouncing Flask","floor":6,"key":"SMITH"},{"floor":15,"key":"REST"},{"data":"Footwork","floor":24,"key":"SMITH"},{"floor":32,"key":"REST"},{"data":"Noxious Fumes","floor":40,"key":"SMITH"},{"floor":47,"key":"REST"},{"data":"Malaise","floor":49,"key":"SMITH"}],"neow_cost":"NONE","seed_source_timestamp":854571070681138,"circlet_count":0,"master_deck":["Defend_G","Defend_G+1","Defend_G+1","Defend_G","Defend_G","Strike_G","Strike_G","Survivor","Neutralize","Quick Slash","Bouncing Flask+1","Blade Dance","Neutralize","Footwork+1","Sucker Punch","Flying Knee","Flying Knee","Underhanded Strike","Dash","Backflip","Acrobatics","Malaise+1","Leg Sweep+1","Heel Hook","Recycle+1","Rampage","Noxious Fumes+1","Cold Snap+1","Sunder","Hyperbeam","Acrobatics+1","True Grit+1","True Grit+1","Normality","Carnage+1","Bouncing Flask+1","Catalyst+1"],"relics":["Snecko Eye","Bottled Flame","The Specimen","Eternal Feather","PrismaticShard","MutagenicStrength","Question Card","Toxic Egg 2","Snake Skull","Matryoshka","Cursed Key","Prayer Wheel","Red Mask","Omamori","War Paint"],"potions_floor_usage":[16,16,16,50,50],"damage_taken":[{"damage":11,"enemies":"Jaw Worm","floor":1,"turns":7},{"damage":0,"enemies":"Cultist","floor":3,"turns":3},{"damage":0,"enemies":"2 Louse","floor":4,"turns":2},{"damage":0,"enemies":"Looter","floor":5,"turns":3},{"damage":1,"enemies":"Exordium Wildlife","floor":8,"turns":5},{"damage":9,"enemies":"Gremlin Gang","floor":10,"turns":5},{"damage":11,"enemies":"Lagavulin","floor":11,"turns":6},{"damage":3,"enemies":"Lots of Slimes","floor":12,"turns":4},{"damage":7,"enemies":"Blue Slaver","floor":13,"turns":3},{"damage":0,"enemies":"Looter","floor":14,"turns":3},{"damage":41,"enemies":"Slime Boss","floor":16,"turns":12},{"damage":13,"enemies":"2 Thieves","floor":18,"turns":4},{"damage":0,"enemies":"Chosen","floor":20,"turns":4},{"damage":4,"enemies":"Gremlin Leader","floor":23,"turns":7},{"damage":21,"enemies":"Book of Stabbing","floor":25,"turns":7},{"damage":9,"enemies":"Shelled Parasite and Fungi","floor":29,"turns":6},{"damage":5,"enemies":"Snecko","floor":31,"turns":4},{"damage":33,"enemies":"Collector","floor":33,"turns":8},{"damage":0,"enemies":"3 Shapes","floor":35,"turns":3},{"damage":15,"enemies":"3 Darklings","floor":36,"turns":5},{"damage":28,"enemies":"Writhing Mass","floor":37,"turns":5},{"damage":0,"enemies":"Maw","floor":38,"turns":8},{"damage":3,"enemies":"Mind Bloom Boss Battle","floor":41,"turns":6},{"damage":29,"enemies":"3 Darklings","floor":44,"turns":6},{"damage":0,"enemies":"Jaw Worm Horde","floor":48,"turns":3},{"damage":56,"enemies":"Time Eater","floor":50,"turns":13}],"seed_played":"1345129546093006769","potions_obtained":[{"floor":4,"key":"FearPotion"},{"floor":8,"key":"SpeedPotion"},{"floor":11,"key":"LiquidBronze"},{"floor":12,"key":"SkillPotion"},{"floor":18,"key":"Ancient Potion"},{"floor":25,"key":"FairyPotion"},{"floor":31,"key":"Weak Potion"},{"floor":33,"key":"Dexterity Potion"},{"floor":41,"key":"EssenceOfSteel"}],"is_trial":false,"path_per_floor":["M","?","M","M","M","R","?","M","T","M","E","M","M","M","R","B",null,"M","$","M","?","$","E","R","E","T","T","$","M","$","M","R","B",null,"M","M","M","M","?","R","?","?","T","M","?","?","R","M","R","B"],"character_chosen":"THE_SILENT","items_purchased":["PrismaticShard","Noxious Fumes"],"campfire_rested":3,"item_purchase_floors":[19,28],"current_hp_per_floor":[59,59,59,59,59,59,59,58,58,49,38,35,28,28,49,8,70,57,57,57,57,57,53,68,47,47,47,47,38,38,33,69,36,70,70,55,27,27,27,45,42,42,42,13,13,13,55,55,70,14],"gold":88,"neow_bonus":"BOSS_RELIC","is_prod":false,"is_daily":false,"chose_seed":false,"campfire_upgraded":4,"win_rate":0,"timestamp":1540905519,"path_taken":["M","?","M","?","M","R","?","?","T","M","E","M","M","M","R","BOSS","M","?","M","?","$","E","R","E","T","?","?","?","$","M","R","BOSS","M","M","M","M","?","R","?","?","T","M","?","?","R","M","R","BOSS"],"build_version":"2018-10-29v2","purchased_purges":2,"victory":true,"max_hp_per_floor":[70,70,70,70,70,70,70,70,70,70,70,70,70,70,70,70,70,70,70,70,70,70,70,70,70,70,70,70,70,70,70,70,70,70,70,70,70,70,70,70,70,70,70,70,70,70,70,70,70,70],"card_choices":[{"not_picked":["Blur","Catalyst"],"picked":"Quick Slash","floor":1},{"not_picked":["Underhanded Strike","Backflip"],"picked":"Footwork","floor":3},{"not_picked":["Dodge and Roll","PiercingWail"],"picked":"Sucker Punch","floor":4},{"not_picked":["Deadly Poison","Wraith Form v2"],"picked":"Flying Knee","floor":5},{"not_picked":["Backstab","Bane"],"picked":"Flying Knee","floor":8},{"not_picked":["Sucker Punch","Skewer"],"picked":"Underhanded Strike","floor":10},{"not_picked":["Distraction","Tactician","Flechettes"],"picked":"SKIP","floor":11},{"not_picked":["All Out Attack","Heel Hook"],"picked":"Dash","floor":12},{"not_picked":["Dagger Throw","Blade Dance"],"picked":"Backflip","floor":13},{"not_picked":["Reflex","Sucker Punch"],"picked":"Acrobatics","floor":14},{"not_picked":["Venomology","Phantasmal Killer"],"picked":"Malaise","floor":16},{"not_picked":["Blade Dance","Backflip"],"picked":"Leg Sweep+1","floor":18},{"not_picked":["Armaments","Dropkick"],"picked":"Heel Hook","floor":20},{"not_picked":["Beam Cell+1","Poisoned Stab"],"picked":"Recycle+1","floor":23},{"not_picked":["Dodge and Roll+1","Dodge and Roll","Redo"],"picked":"Rampage","floor":25},{"not_picked":["Chill+1","Caltrops","Sever Soul"],"picked":"Cold Snap+1","floor":29},{"not_picked":["Bane","Beam Cell","Predator"],"picked":"Sunder","floor":31},{"not_picked":["Dark Embrace","Machine Learning","After Image"],"picked":"Hyperbeam","floor":33},{"not_picked":["Redo+1","Whirlwind+1","Pommel Strike"],"picked":"Acrobatics+1","floor":35},{"not_picked":["Perfected Strike","Slice","Conserve Battery+1"],"picked":"True Grit+1","floor":36},{"not_picked":["Sword Boomerang+1","Trip+1","PiercingWail+1","Predator+1"],"picked":"SKIP","floor":37},{"not_picked":["Rupture+1","Blade Dance+1","Havoc+1"],"picked":"True Grit+1","floor":38},{"not_picked":["Rip and Tear","Deflect+1","Underhanded Strike"],"picked":"Carnage+1","floor":44},{"not_picked":["Madness+1","Sucker Punch+1","Dagger Spray+1","Darkness+1"],"picked":"SKIP","floor":44},{"not_picked":["Barrage","Masterful Stab+1","Prepared+1"],"picked":"Catalyst+1","floor":48},{"not_picked":["Slice","Hologram+1","Flying Knee","Ball Lightning"],"picked":"SKIP","floor":48}],"player_experience":30623,"relics_obtained":[{"floor":9,"key":"Bottled Flame"},{"floor":11,"key":"The Specimen"},{"floor":23,"key":"Question Card"},{"floor":25,"key":"Toxic Egg 2"},{"floor":26,"key":"Snake Skull"},{"floor":27,"key":"Matryoshka"},{"floor":41,"key":"Prayer Wheel"},{"floor":43,"key":"Omamori"},{"floor":43,"key":"War Paint"}],"event_choices":[{"damage_healed":0,"gold_gain":0,"player_choice":"3 cards matched","damage_taken":0,"max_hp_gain":0,"max_hp_loss":0,"event_name":"Match and Keep!","floor":2,"gold_loss":0,"cards_obtained":["Bouncing Flask","Blade Dance","Neutralize"]},{"cards_removed":["Strike_G"],"damage_healed":0,"gold_gain":0,"player_choice":"Card Removal","damage_taken":0,"max_hp_gain":0,"max_hp_loss":0,"event_name":"The Cleric","floor":7,"gold_loss":50},{"damage_healed":0,"gold_gain":0,"player_choice":"Inject Mutagens","damage_taken":0,"relics_obtained":["MutagenicStrength"],"max_hp_gain":0,"max_hp_loss":0,"event_name":"Drug Dealer","floor":21,"gold_loss":0},{"damage_healed":0,"gold_gain":100,"player_choice":"Pray","damage_taken":0,"max_hp_gain":0,"max_hp_loss":0,"event_name":"Golden Shrine","floor":39,"gold_loss":0},{"damage_healed":0,"gold_gain":0,"player_choice":"Fight","damage_taken":0,"max_hp_gain":0,"max_hp_loss":0,"event_name":"MindBloom","floor":41,"gold_loss":0},{"damage_healed":0,"gold_gain":0,"player_choice":"Paid","damage_taken":0,"relics_obtained":["Red Mask"],"max_hp_gain":0,"max_hp_loss":0,"event_name":"Tomb of Lord Red Mask","floor":42,"gold_loss":388},{"damage_healed":0,"gold_gain":0,"player_choice":"Copied","damage_taken":0,"max_hp_gain":0,"max_hp_loss":0,"event_name":"Duplicator","floor":45,"gold_loss":0,"cards_obtained":["Bouncing Flask"]},{"damage_healed":0,"gold_gain":0,"player_choice":"Memory 1","damage_taken":0,"max_hp_gain":0,"max_hp_loss":0,"event_name":"SensoryStone","floor":46,"gold_loss":0}],"is_beta":true,"boss_relics":[{"not_picked":["Philosopher\u0027s Stone","Runic Dome"],"picked":"Eternal Feather"},{"not_picked":["White Beast Statue","Tiny House"],"picked":"Cursed Key"}],"items_purged_floors":[19,28],"is_endless":false,"potions_floor_spawned":[4,8,11,12,14,18,25,31,33,37,38,41,48],"ascension_level":0}