{"gold_per_floor":[110,121,121,131,131,161,180,197,197,197,197,225,237,248,248,348,348,363,377,20,38,55,55,67,95,95,95,109,109,124,136,136,136],"floor_reached":33,"playtime":2074,"items_purged":[],"score":300,"play_id":"daa01d37-4628-4db0-b062-e3320f5a24ff","local_time":"20180703001659","is_ascension_mode":false,"campfire_choices":[{"data":"Armaments","floor":11,"key":"SMITH"},{"floor":15,"key":"REST"},{"floor":23,"key":"REST"},{"data":"Inflame","floor":27,"key":"SMITH"},{"floor":29,"key":"REST"},{"data":"Dark Embrace","floor":32,"key":"SMITH"}],"neow_cost":"TEN_PERCENT_HP_LOSS","seed_source_timestamp":106318728725980,"circlet_count":0,"master_deck":["Strike_R","Strike_R","Strike_R","Strike_R","Strike_R","Defend_R+1","Defend_R","Defend_R+1","Defend_R+1","Bash+1","Inflame","Uppercut","Whirlwind","Cleave","Thunderclap","Armaments+1","Pummel","Dropkick","Bloodletting","Spot Weakness","Dark Embrace+1","Offering","Anger","Evolve","Whirlwind","Immolate","Inflame+1","Body Slam+1","Combust","Inflame","Dual Wield+1","Combust","Reckless Charge","Impervious+1","Seeing Red+1"],"relics":["Burning Blood","Prayer Wheel","War Paint","Bird Faced Urn","Mummified Hand","Odd Mushroom","Orrery","Torii","Thread and Needle","Toxic Egg 2"],"potions_floor_usage":[6,16,16,25,25,28,28,28,28,33,33],"damage_taken":[{"damage":0,"enemies":"2 Louse","floor":1,"turns":4},{"damage":2,"enemies":"Small Slimes","floor":2,"turns":3},{"damage":13,"enemies":"Jaw Worm","floor":4,"turns":4},{"damage":36,"enemies":"Gremlin Nob","floor":6,"turns":5},{"damage":7,"enemies":"Exordium Thugs","floor":7,"turns":5},{"damage":0,"enemies":"2 Fungi Beasts","floor":8,"turns":2},{"damage":13,"floor":12,"turns":4},{"damage":8,"enemies":"3 Louse","floor":13,"turns":3},{"damage":3,"enemies":"Large Slime","floor":14,"turns":3},{"damage":44,"enemies":"The Guardian","floor":16,"turns":12},{"damage":47,"enemies":"2 Thieves","floor":18,"turns":4},{"damage":7,"enemies":"3 Byrds","floor":19,"turns":3},{"damage":24,"enemies":"3 Cultists","floor":21,"turns":4},{"damage":28,"enemies":"Centurion and Healer","floor":22,"turns":5},{"damage":18,"enemies":"Sentry and Sphere","floor":24,"turns":5},{"damage":38,"enemies":"Slavers","floor":25,"turns":3},{"damage":25,"enemies":"Snecko","floor":28,"turns":5},{"damage":11,"enemies":"Centurion and Healer","floor":30,"turns":3},{"damage":16,"enemies":"Snake Plant","floor":31,"turns":4},{"damage":63,"enemies":"Collector","floor":33,"turns":6}],"seed_played":"-465811924543206104","potions_obtained":[{"floor":1,"key":"Poison Potion"},{"floor":2,"key":"Weak Potion"},{"floor":7,"key":"PowerPotion"},{"floor":12,"key":"Dexterity Potion"},{"floor":18,"key":"Regen Potion"},{"floor":22,"key":"Regen Potion"},{"floor":25,"key":"EntropicBrew"},{"floor":30,"key":"Explosive Potion"}],"is_trial":false,"path_per_floor":["M","M","?","M","?","E","M","M","T","?","R","?","M","M","R","B",null,"M","M","$","M","M","R","M","E","T","R","M","R","M","M","R"],"character_chosen":"IRONCLAD","items_purchased":["Torii","Combust"],"campfire_rested":3,"item_purchase_floors":[20,20],"current_hp_per_floor":[72,72,58,51,51,21,20,26,26,19,19,14,16,23,44,12,72,35,34,34,22,16,37,37,30,30,30,15,36,37,39,39,0],"gold":136,"neow_bonus":"ONE_RARE_RELIC","is_prod":false,"is_daily":false,"chose_seed":false,"campfire_upgraded":3,"win_rate":0,"timestamp":1530598619,"path_taken":["M","M","?","M","?","E","M","M","T","?","R","?","M","M","R","BOSS","M","M","$","M","M","R","M","E","T","R","M","R","M","M","R","BOSS"],"build_version":"2018-06-28","purchased_purges":0,"victory":false,"max_hp_per_floor":[72,72,72,72,72,72,72,72,72,72,72,72,72,72,72,72,72,72,72,72,72,72,72,72,72,72,72,72,72,72,72,72,72],"card_choices":[{"not_picked":["Searing Blow","Entrench"],"picked":"Inflame","floor":1},{"not_picked":["Cleave","Flame Barrier"],"picked":"Uppercut","floor":1},{"not_picked":["Perfected Strike","Anger"],"picked":"Whirlwind","floor":2},{"not_picked":["Uppercut","Headbutt"],"picked":"Cleave","floor":2},{"not_picked":["Clash","Uppercut"],"picked":"Thunderclap","floor":4},{"not_picked":["True Grit","Burning Pact"],"picked":"Armaments","floor":4},{"not_picked":["True Grit","Clash"],"picked":"Pummel","floor":6},{"not_picked":["Flex","Blood for Blood"],"picked":"Dropkick","floor":7},{"not_picked":["Pommel Strike","Clash"],"picked":"Bloodletting","floor":7},{"not_picked":["Rampage","Havoc"],"picked":"Spot Weakness","floor":8},{"not_picked":["Ghostly Armor","Warcry","Body Slam"],"picked":"SKIP","floor":8},{"not_picked":["Shrug It Off","Sword Boomerang"],"picked":"Dark Embrace","floor":12},{"not_picked":["Cleave","Power Through","Twin Strike"],"picked":"SKIP","floor":13},{"not_picked":["Cleave","Perfected Strike","Hemokinesis"],"picked":"SKIP","floor":13},{"not_picked":["Anger","Heavy Blade","Iron Wave"],"picked":"SKIP","floor":14},{"not_picked":["Perfected Strike","Sever Soul","Wild Strike"],"picked":"SKIP","floor":14},{"not_picked":["Juggernaut","Feed"],"picked":"Offering","floor":16},{"not_picked":["Dropkick","Power Through"],"picked":"Anger","floor":17},{"not_picked":["Clash","True Grit"],"picked":"Evolve","floor":17},{"not_picked":["Sever Soul","Flex"],"picked":"Whirlwind","floor":17},{"not_picked":["Heavy Blade","Intimidate+1"],"picked":"Immolate","floor":18},{"not_picked":["Shrug It Off","Dropkick","Clash+1"],"picked":"SKIP","floor":18},{"not_picked":["Sword Boomerang","Perfected Strike+1"],"picked":"Inflame","floor":19},{"not_picked":["Thunderclap","Armaments"],"picked":"Body Slam+1","floor":19},{"not_picked":["Feel No Pain+1","Clash+1"],"picked":"Inflame","floor":21},{"not_picked":["Wild Strike","Second Wind"],"picked":"Dual Wield+1","floor":21},{"not_picked":["Searing Blow","Intimidate"],"picked":"Combust","floor":22},{"not_picked":["Body Slam","Disarm","Pommel Strike"],"picked":"SKIP","floor":22},{"not_picked":["Body Slam+1","Havoc+1"],"picked":"Reckless Charge","floor":24},{"not_picked":["Clothesline+1","Burning Pact","Thunderclap"],"picked":"SKIP","floor":24},{"not_picked":["Iron Wave","Sword Boomerang+1","Second Wind"],"picked":"SKIP","floor":25},{"not_picked":["Corruption+1","Armaments+1"],"picked":"Impervious+1","floor":28},{"not_picked":["Carnage","Clash","Clothesline+1"],"picked":"SKIP","floor":28},{"not_picked":["Cleave","Perfected Strike","Sever Soul"],"picked":"SKIP","floor":30},{"not_picked":["Thunderclap","Dropkick+1","Cleave"],"picked":"SKIP","floor":30},{"not_picked":["Impervious+1","Heavy Blade"],"picked":"Seeing Red+1","floor":31},{"not_picked":["Havoc+1","Warcry+1","Clash"],"picked":"SKIP","floor":31}],"player_experience":123089,"relics_obtained":[{"floor":6,"key":"War Paint"},{"floor":9,"key":"Bird Faced Urn"},{"floor":12,"key":"Odd Mushroom"},{"floor":25,"key":"Thread and Needle"},{"floor":26,"key":"Toxic Egg 2"}],"event_choices":[{"event_name":"Shining Light","player_choice":"Entered Light","floor":3,"damage_taken":0},{"event_name":"Liars Game","player_choice":"disagreed","floor":5,"damage_taken":0},{"event_name":"Scrap Ooze","player_choice":"success","floor":10,"damage_taken":7},{"event_name":"Mushrooms","player_choice":"Fought Mushrooms","floor":12,"damage_taken":0}],"boss_relics":[{"not_picked":["Tiny House","Fusion Hammer"],"picked":"Orrery"}],"items_purged_floors":[],"is_endless":false,"potions_floor_spawned":[1,2,7,12,18,22,25,30],"killed_by":"Collector","ascension_level":0}