{"gold_per_floor":[113,123,123,139,19,55,55,74,74,89,89,89,89,39,39,163,163,183,183,199,222,137,170,170,205,205,155,194,194,238,238,238,369,369,389,404,404,17,41,75,75,115,183,223,17,30,130,145,145,145],"floor_reached":51,"playtime":2955,"items_purged":["Defend_B","Writhe","Compile Driver"],"score":877,"play_id":"22bf7c10-163d-4dcd-8dfc-de7ff4f7d7d6","local_time":"20180709160005","is_ascension_mode":true,"campfire_choices":[{"data":"Zap","floor":7,"key":"SMITH"},{"data":"Beam Cell","floor":11,"key":"SMITH"},{"data":"1","floor":13,"key":"LIFT"},{"data":"Glacier","floor":15,"key":"SMITH"},{"data":"Echo Form","floor":24,"key":"SMITH"},{"data":"Static Discharge","floor":29,"key":"SMITH"},{"data":"Double Energy","floor":32,"key":"SMITH"},{"data":"Buffer","floor":41,"key":"SMITH"},{"data":"2","floor":49,"key":"LIFT"}],"neow_cost":"NONE","seed_source_timestamp":680326963661793,"circlet_count":0,"master_deck":["Zap+1","Dualcast","Glacier+1","Beam Cell+1","Conserve Battery","Echo Form+1","Leap","Static Discharge+1","Hello World","Ball Lightning","Double Energy+1","Buffer+1","Core Surge+1","Amplify+1","Skim+1","Go for the Eyes+1","Gash","Ball Lightning","Sunder+1","Self Repair+1"],"relics":["Cracked Core","Lantern","Golden Idol","Bottled Flame","Girya","Pandora\u0027s Box","Bird Faced Urn","Meat on the Bone","Pantograph","Gremlin Horn","Smiling Mask","Strawberry","Juzu Bracelet","Astrolabe","Emotion Chip","Molten Egg 2","Bronze Scales","Ancient Tea Set","Blue Candle","Shuriken","Dream Catcher","Vajra"],"potions_floor_usage":[16,16,16,23,42,50,50,50],"damage_taken":[{"damage":1,"enemies":"2 Louse","floor":1,"turns":2},{"damage":1,"enemies":"Cultist","floor":2,"turns":4},{"damage":7,"enemies":"Small Slimes","floor":4,"turns":4},{"damage":15,"enemies":"Lagavulin","floor":6,"turns":6},{"damage":2,"enemies":"2 Fungi Beasts","floor":8,"turns":3},{"damage":0,"enemies":"Blue Slaver","floor":10,"turns":4},{"damage":0,"enemies":"Slime Boss","floor":16,"turns":7},{"damage":13,"enemies":"Chosen","floor":18,"turns":5},{"damage":7,"enemies":"Shell Parasite","floor":20,"turns":6},{"damage":8,"enemies":"Snecko","floor":21,"turns":7},{"damage":36,"enemies":"Slavers","floor":23,"turns":6},{"damage":13,"enemies":"Book of Stabbing","floor":25,"turns":7},{"damage":24,"enemies":"Gremlin Leader","floor":28,"turns":6},{"damage":36,"enemies":"Slavers","floor":30,"turns":6},{"damage":56,"enemies":"Automaton","floor":33,"turns":10},{"damage":0,"enemies":"3 Shapes","floor":35,"turns":4},{"damage":9,"enemies":"Orb Walker","floor":36,"turns":5},{"damage":0,"floor":37,"turns":6},{"damage":47,"enemies":"Sphere and 2 Shapes","floor":39,"turns":9},{"damage":31,"enemies":"2 Orb Walkers","floor":40,"turns":4},{"damage":27,"enemies":"Giant Head","floor":42,"turns":10},{"damage":23,"enemies":"Nemesis","floor":44,"turns":6},{"damage":26,"enemies":"3 Darklings","floor":46,"turns":3},{"damage":0,"enemies":"4 Shapes","floor":48,"turns":4},{"damage":66,"enemies":"Awakened One","floor":50,"turns":10}],"seed_played":"1616801178904821964","potions_obtained":[{"floor":1,"key":"PowerPotion"},{"floor":6,"key":"EntropicBrew"},{"floor":8,"key":"LiquidBronze"},{"floor":23,"key":"Ancient Potion"},{"floor":46,"key":"Energy Potion"}],"is_trial":false,"path_per_floor":["M","M","?","M","$","E","R","M","T","M","R","$","R","?","R","B",null,"M","?","M","M","?","E","R","E","T","$","E","R","E","?","R","B",null,"M","M","?","$","M","E","R","E","T","E","$","M","?","M","R","B"],"character_chosen":"DEFECT","items_purchased":["Conserve Battery","Molten Egg 2","Bronze Scales","Vajra"],"campfire_rested":0,"item_purchase_floors":[5,38,38,45],"current_hp_per_floor":[74,73,55,48,48,33,33,31,31,31,31,31,31,31,31,31,75,62,62,59,55,55,33,33,40,40,40,41,41,21,82,82,38,82,82,81,82,82,43,32,32,31,31,30,30,24,24,66,66,36],"gold":145,"neow_bonus":"RANDOM_COMMON_RELIC","is_prod":false,"is_daily":false,"chose_seed":false,"campfire_upgraded":7,"win_rate":0,"timestamp":1531173605,"path_taken":["M","M","?","M","$","E","R","M","T","?","R","$","R","?","R","BOSS","M","?","M","M","?","E","R","E","T","$","E","R","E","?","R","BOSS","M","M","?","$","M","E","R","E","T","E","$","M","?","M","R","BOSS"],"build_version":"2018-07-05","purchased_purges":3,"victory":true,"max_hp_per_floor":[75,75,75,75,75,75,75,75,75,75,75,75,75,75,75,75,75,75,75,75,75,75,75,75,75,75,75,82,82,82,82,82,82,82,82,82,82,82,82,82,82,82,82,82,82,82,82,82,82,82],"card_choices":[{"not_picked":["Chill","Rebound","Steam"],"picked":"SKIP","floor":1},{"not_picked":["Turbo","Beam Cell"],"picked":"Glacier","floor":2},{"not_picked":["Rebound","Turbo"],"picked":"Beam Cell","floor":4},{"not_picked":["Steam","Cold Snap","Streamline"],"picked":"SKIP","floor":6},{"not_picked":["Rip and Tear","Coolheaded","Stack"],"picked":"SKIP","floor":8},{"not_picked":["Hologram","BootSequence","Compile Driver"],"picked":"SKIP","floor":10},{"not_picked":["Hologram","BootSequence","Compile Driver"],"picked":"SKIP","floor":10},{"not_picked":["Meteor Strike","Fission"],"picked":"Echo Form","floor":16},{"not_picked":["Redo","Fusion","Auto Shields"],"picked":"SKIP","floor":18},{"not_picked":["Hologram+1","Lockon","Steam"],"picked":"SKIP","floor":20},{"not_picked":["Hologram","Beam Cell+1"],"picked":"Cold Snap","floor":21},{"not_picked":["Scrape","Aggregate+1"],"picked":"Hello World","floor":23},{"not_picked":["Redo","Stack+1"],"picked":"Ball Lightning","floor":25},{"not_picked":["Blizzard","Compile Driver","Hyperbeam"],"picked":"SKIP","floor":28},{"not_picked":["BootSequence","Stack"],"picked":"Double Energy","floor":30},{"not_picked":["Hyperbeam","Meteor Strike"],"picked":"Buffer","floor":33},{"not_picked":["Rebound","Capacitor"],"picked":"Go for the Eyes+1","floor":35},{"not_picked":["Cold Snap+1","Aggregate"],"picked":"Gash","floor":36},{"not_picked":["White Noise+1","Melter+1"],"picked":"Ball Lightning","floor":37},{"not_picked":["Streamline+1","Genetic Algorithm","Stack"],"picked":"SKIP","floor":39},{"not_picked":["Stack+1","Coolheaded","Scrape+1"],"picked":"SKIP","floor":40},{"not_picked":["Darkness+1","Rebound+1","Core Surge+1"],"picked":"SKIP","floor":42},{"not_picked":["Fusion+1","Hello World+1"],"picked":"Sunder+1","floor":44},{"not_picked":["Leap+1","Compile Driver+1"],"picked":"Self Repair+1","floor":46},{"not_picked":["Streamline+1","Barrage+1","Beam Cell+1"],"picked":"SKIP","floor":48}],"player_experience":173604,"relics_obtained":[{"floor":6,"key":"Bottled Flame"},{"floor":9,"key":"Girya"},{"floor":23,"key":"Pantograph"},{"floor":25,"key":"Gremlin Horn"},{"floor":26,"key":"Smiling Mask"},{"floor":28,"key":"Strawberry"},{"floor":30,"key":"Juzu Bracelet"},{"floor":37,"key":"Emotion Chip"},{"floor":40,"key":"Ancient Tea Set"},{"floor":42,"key":"Blue Candle"},{"floor":43,"key":"Shuriken"},{"floor":44,"key":"Dream Catcher"}],"event_choices":[{"event_name":"Golden Idol","player_choice":"Take Damage","floor":3,"damage_taken":0},{"event_name":"The Cleric","player_choice":"Card Removal","floor":14,"damage_taken":0},{"event_name":"The Mausoleum","player_choice":"Yes","floor":19,"damage_taken":0},{"event_name":"Addict","player_choice":"Obtained Relic","floor":22,"damage_taken":0},{"event_name":"Bonfire Elementals","player_choice":"UNCOMMON","floor":31,"damage_taken":0},{"event_name":"MindBloom","player_choice":"Fight","floor":37,"damage_taken":0},{"event_name":"Golden Shrine","player_choice":"Pray","floor":47,"damage_taken":0}],"boss_relics":[{"not_picked":["Orrery","Sozu"],"picked":"Pandora\u0027s Box"},{"not_picked":["Snecko Eye","Nuclear Battery"],"picked":"Astrolabe"}],"items_purged_floors":[5,27,45],"is_endless":false,"potions_floor_spawned":[1,6,8,20,23,25,28,30,37,46,48],"ascension_level":1}