{"gold_per_floor":[118,132,152,164,164,164,194,208,234,234,259,259,269,286,286,364,364,378,391,401,7,7,35,35,46,97,109,121,171,196,208],"floor_reached":31,"playtime":1632,"items_purged":["Strike_G"],"score":506,"play_id":"bc704290-fde0-4ec8-b3bc-a1a0b595d6dc","local_time":"20190311180655","is_ascension_mode":true,"campfire_choices":[{"data":"Bouncing Flask","floor":6.0,"key":"SMITH"},{"floor":10.0,"key":"REST"},{"floor":12.0,"key":"REST"},{"data":"Footwork","floor":15.0,"key":"SMITH"},{"floor":24.0,"key":"REST"},{"floor":27.0,"key":"REST"}],"neow_cost":"NONE","seed_source_timestamp":1657794601892018,"circlet_count":0,"master_deck":["AscendersBane","Defend_G","Defend_G","Defend_G","Defend_G","Strike_G","Strike_G","Strike_G","Strike_G","Survivor","Neutralize","Bouncing Flask+1","Dagger Throw","Calculated Gamble","Deadly Poison","Bouncing Flask","Footwork+1","Cloak And Dagger","Backflip","Deadly Poison","Tools of the Trade","Crippling Poison","Backflip","Burst","Expertise","Predator","Neutralize","Tactician","Outmaneuver+1","Noxious Fumes"],"special_seed":0,"relics":["Ring of the Snake","Centennial Puzzle","Happy Flower","Art of War","Regal Pillow","Sozu","Kunai","PreservedInsect","Potion Belt","MawBank","Toxic Egg 2"],"potions_floor_usage":[],"damage_taken":[{"damage":6.0,"enemies":"Jaw Worm","floor":1.0,"turns":5.0},{"damage":1.0,"enemies":"Cultist","floor":2.0,"turns":3.0},{"damage":1.0,"enemies":"2 Louse","floor":3.0,"turns":3.0},{"damage":5.0,"enemies":"Lots of Slimes","floor":4.0,"turns":5.0},{"damage":22.0,"enemies":"Lagavulin","floor":7.0,"turns":5.0},{"damage":1.0,"enemies":"3 Louse","floor":8.0,"turns":4.0},{"damage":36.0,"enemies":"Gremlin Nob","floor":11.0,"turns":4.0},{"damage":5.0,"enemies":"Gremlin Gang","floor":13.0,"turns":5.0},{"damage":3.0,"enemies":"Large Slime","floor":14.0,"turns":6.0},{"damage":28.0,"enemies":"Slime Boss","floor":16.0,"turns":11.0},{"damage":16.0,"enemies":"Spheric Guardian","floor":18.0,"turns":4.0},{"damage":8.0,"enemies":"2 Thieves","floor":19.0,"turns":5.0},{"damage":6.0,"enemies":"Sentry and Sphere","floor":20.0,"turns":4.0},{"damage":20.0,"enemies":"Slavers","floor":23.0,"turns":6.0},{"damage":2.0,"enemies":"Snecko","floor":25.0,"turns":4.0},{"damage":37.0,"enemies":"Gremlin Leader","floor":29.0,"turns":6.0},{"damage":24.0,"enemies":"Snake Plant","floor":30.0,"turns":3.0},{"damage":11,"enemies":"3 Cultists","floor":31,"turns":3}],"seed_played":"-4263751203878747837","potions_obtained":[{"floor":3.0,"key":"Energy Potion"},{"floor":4.0,"key":"Strength Potion"},{"floor":7.0,"key":"Block Potion"},{"floor":11.0,"key":"LiquidBronze"}],"is_trial":false,"path_per_floor":["M","M","M","M","?","R","E","M","T","R","E","R","M","M","R","B",null,"M","M","M","$","?","E","R","M","T","R","?","E","M","M"],"character_chosen":"THE_SILENT","items_purchased":["Kunai","Burst"],"campfire_rested":4,"item_purchase_floors":[21,21],"current_hp_per_floor":[53,52,51,46,46,46,24,23,23,42,6,40,35,32,32,4,51,35,27,21,21,21,1,35,33,33,66,66,29,5,0],"gold":208,"neow_bonus":"RANDOM_COMMON_RELIC","is_prod":false,"is_daily":false,"chose_seed":false,"campfire_upgraded":2,"win_rate":0,"timestamp":1552349215,"path_taken":["M","M","M","M","?","R","E","M","T","R","E","R","M","M","R","BOSS","M","?","M","$","?","E","R","?","T","R","?","E","M","M"],"build_version":"2019-01-23","purchased_purges":1,"victory":false,"max_hp_per_floor":[66,66,66,66,66,66,66,66,66,66,66,66,66,66,66,66,66,66,66,66,66,66,66,66,66,66,66,66,66,66,66],"card_choices":[{"not_picked":["Deadly Poison","Deflect"],"picked":"Bouncing Flask","floor":1.0},{"not_picked":["Flechettes","Slice"],"picked":"Dagger Throw","floor":2.0},{"not_picked":["Dagger Spray","All Out Attack"],"picked":"Calculated Gamble","floor":3.0},{"not_picked":["Deflect","Concentrate"],"picked":"Deadly Poison","floor":4.0},{"not_picked":["Poisoned Stab","Prepared"],"picked":"Bouncing Flask","floor":7.0},{"not_picked":["Burst","Setup"],"picked":"Footwork","floor":8.0},{"not_picked":["Backflip","Well Laid Plans"],"picked":"Cloak And Dagger","floor":11.0},{"not_picked":["Slice","Skewer"],"picked":"Backflip","floor":13.0},{"not_picked":["Dodge and Roll","Outmaneuver"],"picked":"Deadly Poison","floor":14.0},{"not_picked":["Venomology","Unload"],"picked":"Tools of the Trade","floor":16.0},{"not_picked":["Poisoned Stab","Bane"],"picked":"Crippling Poison","floor":18.0},{"not_picked":["Blade Dance+1","Setup","Dagger Throw"],"picked":"SKIP","floor":19.0},{"not_picked":["Skewer","Blade Dance"],"picked":"Backflip","floor":20.0},{"not_picked":["Heel Hook","Setup"],"picked":"Expertise","floor":23.0},{"not_picked":["Bane","Backflip"],"picked":"Predator","floor":25.0},{"not_picked":["Phantasmal Killer","Deflect"],"picked":"Outmaneuver","floor":29.0},{"not_picked":["Finisher+1","Well Laid Plans"],"picked":"Noxious Fumes","floor":30.0}],"player_experience":773721,"relics_obtained":[{"floor":7.0,"key":"Happy Flower"},{"floor":9.0,"key":"Art of War"},{"floor":11.0,"key":"Regal Pillow"},{"floor":23.0,"key":"Potion Belt"},{"floor":26.0,"key":"MawBank"},{"floor":29.0,"key":"Toxic Egg 2"}],"event_choices":[{"cards_removed":["Defend_G"],"damage_healed":0.0,"max_hp_gain":0.0,"max_hp_loss":0.0,"gold_gain":0.0,"event_name":"Bonfire Elementals","player_choice":"Offered Basic","floor":5.0,"gold_loss":0.0,"damage_taken":0.0},{"damage_healed":0.0,"max_hp_gain":0.0,"max_hp_loss":0.0,"gold_gain":0.0,"event_name":"WeMeetAgain","player_choice":"Gave Potion","floor":22.0,"gold_loss":0.0,"damage_taken":0.0,"relics_obtained":["PreservedInsect"]},{"damage_healed":0.0,"max_hp_gain":0.0,"max_hp_loss":0.0,"gold_gain":0.0,"event_name":"Match and Keep!","player_choice":"2 cards matched","floor":28.0,"gold_loss":0.0,"damage_taken":0.0,"cards_obtained":["Neutralize","Tactician"]}],"is_beta":false,"boss_relics":[{"not_picked":["Astrolabe","Philosopher\u0027s Stone"],"picked":"Sozu"}],"items_purged_floors":[21],"is_endless":false,"potions_floor_spawned":[3,4,7,11,18,25,29],"killed_by":"3 Cultists","ascension_level":15}