{"gold_per_floor":[110,110,4,4,15,15,43,56,56,83,83,103,103,28,28,128,128,140,140,140,159,14,39,39,57,104,44,44,55,72,26,26,123,123,136,136,136,85,140,140,170,170,170,202,0,25,25,45,45,45],"floor_reached":51,"playtime":1777,"items_purged":["Strike_G"],"score":905,"play_id":"ddee231b-992a-46a9-9041-98b1f94109b6","local_time":"20190314134334","is_ascension_mode":true,"campfire_choices":[{"data":"Dagger Throw","floor":6,"key":"SMITH"},{"data":"Quick Slash","floor":11,"key":"SMITH"},{"data":"Accuracy","floor":13,"key":"SMITH"},{"data":"Dagger Spray","floor":15,"key":"SMITH"},{"floor":24,"key":"REST"},{"data":"After Image","floor":28,"key":"SMITH"},{"data":"Blade Dance","floor":32,"key":"SMITH"},{"data":"Tools of the Trade","floor":40,"key":"SMITH"},{"data":"Cloak And Dagger","floor":42,"key":"SMITH"},{"data":"Deflect","floor":47,"key":"SMITH"},{"floor":49,"key":"REST"}],"neow_cost":"NONE","seed_source_timestamp":190970455419757,"circlet_count":0,"master_deck":["Defend_G","Defend_G","Defend_G","Defend_G","Strike_G+1","Strike_G","Neutralize+1","Dagger Throw+1","Backstab","Infinite Blades","Deflect+1","Accuracy+1","Quick Slash+1","Dagger Spray+1","Slice+1","After Image+1","Blade Dance+1","Infinite Blades+1","Infinite Blades+1","Blade Dance+1","Tools of the Trade+1","Backstab+1","Cloak And Dagger+1","PiercingWail","Slice+1"],"relics":["Ring of the Snake","NeowsBlessing","Bottled Tornado","Ornamental Fan","Paper Crane","Mummified Hand","Lizard Tail","PreservedInsect","Pen Nib","Blue Candle","Potion Belt","Empty Cage","Tough Bandages","Whetstone","Centennial Puzzle","Dodecahedron","Red Mask","Ancient Tea Set"],"potions_floor_usage":[16,25,39,39,50,50,50,50,50],"damage_taken":[{"damage":0,"enemies":"Jaw Worm","floor":1,"turns":1},{"damage":0,"enemies":"Cultist","floor":5,"turns":1},{"damage":0,"enemies":"3 Sentries","floor":7,"turns":1},{"damage":0,"enemies":"2 Louse","floor":8,"turns":2},{"damage":8,"enemies":"Gremlin Nob","floor":10,"turns":4},{"damage":0,"enemies":"Looter","floor":12,"turns":3},{"damage":0,"enemies":"Slime Boss","floor":16,"turns":4},{"damage":8,"enemies":"Shell Parasite","floor":18,"turns":5},{"damage":10,"enemies":"Spheric Guardian","floor":21,"turns":4},{"damage":3,"enemies":"Gremlin Leader","floor":23,"turns":6},{"damage":10,"enemies":"Shelled Parasite and Fungi","floor":25,"turns":4},{"damage":3,"enemies":"Snake Plant","floor":29,"turns":4},{"damage":0,"enemies":"3 Cultists","floor":30,"turns":3},{"damage":26,"enemies":"Automaton","floor":33,"turns":8},{"damage":0,"enemies":"Orb Walker","floor":35,"turns":3},{"damage":0,"enemies":"2 Orb Walkers","floor":39,"turns":4},{"damage":0,"enemies":"Giant Head","floor":41,"turns":4},{"damage":6,"enemies":"Nemesis","floor":44,"turns":3},{"damage":22,"enemies":"3 Shapes","floor":48,"turns":3},{"damage":1,"enemies":"Donu and Deca","floor":50,"turns":7}],"seed_played":"-3765359456473291117","potions_obtained":[{"floor":1,"key":"AttackPotion"},{"floor":5,"key":"FearPotion"},{"floor":12,"key":"LiquidBronze"},{"floor":21,"key":"Weak Potion"},{"floor":25,"key":"GamblersBrew"},{"floor":30,"key":"Regen Potion"},{"floor":33,"key":"EntropicBrew"},{"floor":44,"key":"Weak Potion"},{"floor":48,"key":"Weak Potion"}],"is_trial":false,"path_per_floor":["?","T","M","?","T","?","M","$","?","?","?","?","T"],"character_chosen":"THE_SILENT","items_purchased":["Backstab","Infinite Blades","Pen Nib","Blade Dance","Cloak And Dagger"],"campfire_rested":2,"item_purchase_floors":[3,3,22,31,38],"current_hp_per_floor":[70,70,70,70,70,70,70,70,70,62,62,62,62,62,62,62,70,62,62,62,52,52,49,70,60,60,60,60,57,57,57,57,31,70,70,70,66,66,66,66,66,66,66,60,60,60,60,38,57,66],"gold":45,"neow_bonus":"THREE_ENEMY_KILL","is_prod":false,"is_daily":false,"chose_seed":false,"campfire_upgraded":9,"win_rate":0,"timestamp":1552567414,"path_taken":["M","?","$","?","?","R","E","M","T","E","R","M","R","$","R","BOSS","M","?","?","M","$","E","R","M","T","?","R","M","?","?","R","BOSS","M","?","?","$","?","R","E","R","T","E","?","?","R","M","R","BOSS"],"build_version":"2019-01-23","purchased_purges":1,"victory":true,"max_hp_per_floor":[70,70,70,70,70,70,70,70,70,70,70,70,70,70,70,70,70,70,70,70,70,70,70,70,70,70,70,70,70,70,70,70,70,70,70,70,66,66,66,66,66,66,66,66,66,66,66,66,66,66],"card_choices":[{"not_picked":["Heel Hook","Tactician"],"picked":"Dagger Throw","floor":1},{"not_picked":["Choke","Eviscerate"],"picked":"Deflect","floor":5},{"not_picked":["Blade Dance","Cloak And Dagger"],"picked":"Accuracy","floor":7},{"not_picked":["Underhanded Strike","Deadly Poison"],"picked":"Quick Slash","floor":8},{"not_picked":["Flying Knee","Choke"],"picked":"Dagger Spray","floor":10},{"not_picked":["Reflex","Bane"],"picked":"Slice","floor":12},{"not_picked":["Envenom","Burst"],"picked":"After Image","floor":16},{"not_picked":["Flechettes","Catalyst+1","Sucker Punch"],"picked":"SKIP","floor":18},{"not_picked":["Dagger Spray+1","Dagger Throw","Blur"],"picked":"SKIP","floor":21},{"not_picked":["Infinite Blades","Bane"],"picked":"Blade Dance+1","floor":23},{"not_picked":["Footwork+1","Sucker Punch+1"],"picked":"Infinite Blades+1","floor":25},{"not_picked":["Calculated Gamble","Concentrate+1","Flechettes"],"picked":"SKIP","floor":29},{"not_picked":["Blur","Bouncing Flask"],"picked":"Infinite Blades+1","floor":30},{"not_picked":["Unload","Doppelganger"],"picked":"Tools of the Trade","floor":33},{"not_picked":["Flying Knee+1","Eviscerate"],"picked":"Backstab+1","floor":35},{"not_picked":["Prepared+1","Choke+1"],"picked":"PiercingWail","floor":39},{"not_picked":["All Out Attack+1","Deadly Poison+1"],"picked":"Slice+1","floor":41},{"not_picked":["Expertise","Flechettes+1","Corpse Explosion"],"picked":"SKIP","floor":44},{"not_picked":["Quick Slash","Terror","Leg Sweep+1"],"picked":"SKIP","floor":48}],"player_experience":284507,"relics_obtained":[{"floor":4,"key":"Bottled Tornado"},{"floor":7,"key":"Ornamental Fan"},{"floor":9,"key":"Paper Crane"},{"floor":10,"key":"Mummified Hand"},{"floor":20,"key":"PreservedInsect"},{"floor":23,"key":"Blue Candle"},{"floor":26,"key":"Potion Belt"},{"floor":39,"key":"Tough Bandages"},{"floor":41,"key":"Whetstone"},{"floor":43,"key":"Centennial Puzzle"},{"floor":44,"key":"Dodecahedron"},{"floor":46,"key":"Ancient Tea Set"}],"event_choices":[{"damage_healed":0,"gold_gain":0,"player_choice":"Upgraded","damage_taken":0,"max_hp_gain":0,"max_hp_loss":0,"event_name":"Upgrade Shrine","floor":2,"gold_loss":0,"cards_upgraded":["Neutralize"]},{"damage_healed":0,"gold_gain":0,"player_choice":"Ignored","damage_taken":0,"max_hp_gain":0,"max_hp_loss":0,"event_name":"Cursed Tome","floor":19,"gold_loss":0},{"cards_removed":["Strike_G"],"damage_healed":0,"gold_gain":0,"player_choice":"Single Remove","damage_taken":0,"max_hp_gain":0,"max_hp_loss":0,"event_name":"Designer","floor":27,"gold_loss":60},{"cards_removed":["Survivor"],"damage_healed":0,"gold_gain":0,"player_choice":"Removed Skill","damage_taken":0,"max_hp_gain":0,"max_hp_loss":0,"event_name":"Falling","floor":36,"gold_loss":0},{"damage_healed":0,"gold_gain":0,"player_choice":"Max HP","damage_taken":0,"max_hp_gain":0,"max_hp_loss":4,"event_name":"Winding Halls","floor":37,"gold_loss":0},{"damage_healed":0,"gold_gain":0,"player_choice":"Fight","damage_taken":0,"max_hp_gain":0,"max_hp_loss":0,"event_name":"Mysterious Sphere","floor":39,"gold_loss":0},{"damage_healed":0,"gold_gain":0,"player_choice":"Paid","damage_taken":0,"relics_obtained":["Red Mask"],"max_hp_gain":0,"max_hp_loss":0,"event_name":"Tomb of Lord Red Mask","floor":45,"gold_loss":202}],"is_beta":false,"boss_relics":[{"not_picked":["Ectoplasm","Astrolabe"],"picked":"Lizard Tail"},{"not_picked":["HoveringKite","White Beast Statue"],"picked":"Empty Cage"}],"items_purged_floors":[14],"is_endless":false,"potions_floor_spawned":[1,5,12,21,25,30,33,44,48],"ascension_level":2}