{"gold_per_floor":[116,141,154,38,55,55,80,80,107,137,154,154],"floor_reached":12,"playtime":369,"items_purged":[],"score":106,"play_id":"4f470f53-8356-4ba5-801d-5741ac8552ec","local_time":"20180815221723","is_ascension_mode":true,"campfire_choices":[{"data":"Trip","floor":6,"key":"SMITH"},{"data":"Flying Knee","floor":8,"key":"SMITH"}],"neow_cost":"NONE","seed_source_timestamp":2757063386276327,"circlet_count":0,"master_deck":["Defend_G","Defend_G","Defend_G","Defend_G","Defend_G","Strike_G","Strike_G","Strike_G","Strike_G","Survivor","Neutralize","Flying Knee","Dagger Spray","Well Laid Plans","Trip+1","Flying Knee+1","Backflip","Finisher","Sucker Punch"],"relics":["Ring of the Snake","Art of War","Bronze Scales","Strawberry","Juzu Bracelet"],"potions_floor_usage":[7,7],"damage_taken":[{"damage":0,"enemies":"Cultist","floor":1,"turns":4},{"damage":0,"enemies":"Small Slimes","floor":3,"turns":2},{"damage":0,"enemies":"Jaw Worm","floor":5,"turns":2},{"damage":26,"enemies":"Lagavulin","floor":7,"turns":6},{"damage":37,"enemies":"Gremlin Nob","floor":10,"turns":4},{"damage":9,"enemies":"Exordium Wildlife","floor":11,"turns":2},{"damage":10,"enemies":"Gremlin Gang","floor":12,"turns":1}],"seed_played":"-3529156899175673046","potions_obtained":[{"floor":3,"key":"SpeedPotion"},{"floor":5,"key":"AttackPotion"}],"is_trial":false,"path_per_floor":["M","T","M","$","M","R","E","R","T","E","M"],"character_chosen":"THE_SILENT","items_purchased":["Trip","Flying Knee"],"campfire_rested":0,"item_purchase_floors":[4,4],"current_hp_per_floor":[70,70,70,70,70,70,44,44,51,14,5,0],"gold":154,"neow_bonus":"TRANSFORM_CARD","is_prod":false,"is_daily":false,"chose_seed":false,"campfire_upgraded":2,"win_rate":0,"timestamp":1534393043,"path_taken":["M","?","?","$","M","R","E","R","T","E","M","M"],"build_version":"2018-08-09","purchased_purges":0,"victory":false,"max_hp_per_floor":[70,70,70,70,70,70,70,70,77,77,77,77],"card_choices":[{"not_picked":["Backflip","Poisoned Stab"],"picked":"Dagger Spray","floor":1},{"not_picked":["Underhanded Strike","Outmaneuver"],"picked":"Well Laid Plans","floor":3},{"not_picked":["Deflect","Distraction"],"picked":"Backflip","floor":5},{"not_picked":["Deflect","Doppelganger","Eviscerate"],"picked":"SKIP","floor":7},{"not_picked":["Slice","Outmaneuver"],"picked":"Finisher","floor":10},{"not_picked":["Bouncing Flask","Distraction"],"picked":"Sucker Punch","floor":11}],"player_experience":396381,"relics_obtained":[{"floor":2,"key":"Art of War"},{"floor":7,"key":"Bronze Scales"},{"floor":9,"key":"Strawberry"},{"floor":10,"key":"Juzu Bracelet"}],"event_choices":[],"is_beta":false,"boss_relics":[],"items_purged_floors":[],"is_endless":false,"potions_floor_spawned":[3,5],"killed_by":"Gremlin Gang","ascension_level":4}