{"gold_per_floor":[115,115,129,129,49,49,75,87,87,104,116,143,143,158,158,255,255,268,285,285,285,22,57,57,57,57,57,57,90,90,90],"floor_reached":31,"playtime":947,"items_purged":[],"score":337,"play_id":"8874e096-908f-4b73-9e62-fc23a34d721d","local_time":"20190313182421","is_ascension_mode":true,"campfire_choices":[{"floor":6,"key":"REST"},{"floor":13,"key":"REST"},{"data":"Defragment","floor":15,"key":"SMITH"},{"floor":27,"key":"REST"}],"neow_cost":"NONE","seed_source_timestamp":122268597950043,"circlet_count":0,"master_deck":["Strike_B+1","Strike_B+1","Strike_B+1","Defend_B+1","Defend_B+1","Defend_B+1","Defend_B+1","Zap","Dualcast","Ball Lightning","Barrage+1","Defragment+1","Cold Snap","BootSequence","Storm","Self Repair","Steam","Cold Snap","Multi-Cast","Auto Shields+1","Defragment","Force Field","Cold Snap","Leap","Shame","Ball Lightning"],"relics":["Cracked Core","NeowsBlessing","Blue Candle","Kunai","Peace Pipe","Nuclear Battery","MutagenicStrength","Blood Vial","Du-Vu Doll","Ancient Tea Set","Question Card","Meat on the Bone","Juzu Bracelet","Nilry\u0027s Codex"],"potions_floor_usage":[11,16,31],"damage_taken":[{"damage":0,"enemies":"Jaw Worm","floor":1,"turns":1},{"damage":0,"enemies":"Small Slimes","floor":3,"turns":1},{"damage":0,"enemies":"3 Sentries","floor":7,"turns":1},{"damage":9,"enemies":"2 Louse","floor":8,"turns":2},{"damage":3,"enemies":"Large Slime","floor":10,"turns":3},{"damage":9,"enemies":"Exordium Thugs","floor":11,"turns":2},{"damage":21,"enemies":"Lagavulin","floor":12,"turns":5},{"damage":0,"enemies":"Exordium Wildlife","floor":14,"turns":2},{"damage":35,"enemies":"Hexaghost","floor":16,"turns":9},{"damage":1,"enemies":"3 Byrds","floor":18,"turns":5},{"damage":15,"enemies":"Shell Parasite","floor":19,"turns":5},{"damage":29,"enemies":"Slavers","floor":23,"turns":6},{"damage":16,"enemies":"Colosseum Slavers","floor":24,"turns":5},{"damage":44,"enemies":"Gremlin Leader","floor":29,"turns":8},{"damage":22,"enemies":"3 Cultists","floor":31,"turns":4}],"seed_played":"6355701259085073527","potions_obtained":[{"floor":10,"key":"PowerPotion"},{"floor":12,"key":"SneckoOil"},{"floor":14,"key":"Ancient Potion"},{"floor":16,"key":"Poison Potion"},{"floor":18,"key":"SteroidPotion"},{"floor":29,"key":"PowerPotion"}],"is_trial":false,"path_per_floor":["?","?","$","M","?","?","?","?","T","?"],"character_chosen":"DEFECT","items_purchased":["Defragment","Blood Vial","Force Field","Cold Snap"],"campfire_rested":3,"item_purchase_floors":[5,22,22,22],"current_hp_per_floor":[75,68,68,53,53,75,75,66,66,63,54,40,62,69,69,34,75,75,67,67,67,67,47,40,40,40,62,62,32,16,0],"gold":90,"neow_bonus":"THREE_ENEMY_KILL","is_prod":false,"is_daily":false,"chose_seed":false,"campfire_upgraded":1,"win_rate":0,"timestamp":1552497861,"path_taken":["M","?","M","?","?","R","E","M","T","M","?","E","R","M","R","BOSS","M","M","?","?","$","E","?","?","T","R","?","E","?","M"],"build_version":"2019-01-23","purchased_purges":0,"victory":false,"max_hp_per_floor":[75,75,75,75,75,75,75,75,75,75,75,75,75,75,75,75,75,75,75,75,75,75,75,75,75,75,75,75,75,75,75],"card_choices":[{"not_picked":["Compile Driver","Hello World"],"picked":"Ball Lightning","floor":1},{"not_picked":["Skim","Tempest"],"picked":"Barrage","floor":3},{"not_picked":["Static Discharge","Steam Power"],"picked":"Cold Snap","floor":7},{"not_picked":["Heatsinks","Beam Cell"],"picked":"BootSequence","floor":8},{"not_picked":["Core Surge","Double Energy"],"picked":"Storm","floor":10},{"not_picked":["Steam","Compile Driver"],"picked":"Self Repair","floor":11},{"not_picked":["Blizzard","Stack"],"picked":"Steam","floor":12},{"not_picked":["Steam Power","Recycle"],"picked":"Cold Snap","floor":14},{"not_picked":["Reboot","Meteor Strike"],"picked":"Multi-Cast","floor":16},{"not_picked":["Rebound","Cold Snap"],"picked":"Auto Shields+1","floor":18},{"not_picked":["BootSequence","Scrape"],"picked":"Defragment","floor":19},{"not_picked":["Compile Driver","Rip and Tear"],"picked":"Leap","floor":23},{"not_picked":["Streamline","Coolheaded","Melter"],"picked":"Ball Lightning","floor":29}],"player_experience":263125,"relics_obtained":[{"floor":7,"key":"Blue Candle"},{"floor":9,"key":"Kunai"},{"floor":12,"key":"Peace Pipe"},{"floor":23,"key":"Du-Vu Doll"},{"floor":26,"key":"Question Card"},{"floor":28,"key":"Meat on the Bone"},{"floor":29,"key":"Juzu Bracelet"},{"floor":30,"key":"Nilry\u0027s Codex"}],"event_choices":[{"cards_removed":["Strike_B"],"damage_healed":0,"gold_gain":0,"player_choice":"Card Removal","damage_taken":7,"max_hp_gain":0,"max_hp_loss":0,"event_name":"Golden Wing","floor":2,"gold_loss":0},{"damage_healed":0,"gold_gain":0,"player_choice":"Entered Light","damage_taken":15,"max_hp_gain":0,"max_hp_loss":0,"event_name":"Shining Light","floor":4,"gold_loss":0,"cards_upgraded":["Strike_B","Barrage"]},{"damage_healed":0,"gold_gain":0,"player_choice":"Simplicity","damage_taken":0,"max_hp_gain":0,"max_hp_loss":0,"event_name":"Back to Basics","floor":20,"gold_loss":0,"cards_upgraded":["Strike_B","Strike_B","Defend_B","Defend_B","Defend_B","Defend_B"]},{"damage_healed":0,"gold_gain":0,"player_choice":"Inject Mutagens","damage_taken":0,"relics_obtained":["MutagenicStrength"],"max_hp_gain":0,"max_hp_loss":0,"event_name":"Drug Dealer","floor":21,"gold_loss":0},{"damage_healed":0,"gold_gain":0,"player_choice":"Fight","damage_taken":0,"max_hp_gain":0,"max_hp_loss":0,"event_name":"Colosseum","floor":24,"gold_loss":0},{"damage_healed":0,"gold_gain":0,"player_choice":"Fled From Nobs","damage_taken":0,"max_hp_gain":0,"max_hp_loss":0,"event_name":"Colosseum","floor":24,"gold_loss":0},{"damage_healed":0,"gold_gain":0,"player_choice":"Stole Relic","damage_taken":0,"relics_obtained":["Ancient Tea Set"],"max_hp_gain":0,"max_hp_loss":0,"event_name":"Addict","floor":25,"gold_loss":0,"cards_obtained":["Shame"]},{"damage_healed":0,"gold_gain":0,"player_choice":"Obtained Book","damage_taken":16,"max_hp_gain":0,"max_hp_loss":0,"event_name":"Cursed Tome","floor":30,"gold_loss":0}],"is_beta":false,"boss_relics":[{"not_picked":["Fusion Hammer","Calling Bell"],"picked":"Nuclear Battery"}],"items_purged_floors":[],"is_endless":false,"potions_floor_spawned":[10,12,14,16,18,24,29],"killed_by":"3 Cultists","ascension_level":2}