{"gold_per_floor":[111,111,131,131,146,146,179,242,242,242,265,265,290,305,305,430,430,443,464,563,126,145,145,195,195,219,85,108,108,129,173,173,173],"floor_reached":33,"playtime":1059,"items_purged":["Strike_R","Strike_R"],"score":267,"play_id":"c9c6cdf5-5116-4ea9-801b-24a1ac8f7567","local_time":"20180910013103","is_ascension_mode":false,"campfire_choices":[{"data":"Thunderclap","floor":6.0,"key":"SMITH"},{"data":"Headbutt","floor":10.0,"key":"SMITH"},{"data":"Reaper","floor":12.0,"key":"SMITH"},{"data":"Iron Wave","floor":15.0,"key":"SMITH"},{"data":"Headbutt","floor":23,"key":"SMITH"},{"data":"Rampage","floor":25,"key":"SMITH"},{"data":"Inflame","floor":29,"key":"SMITH"},{"data":"Armaments","floor":32,"key":"SMITH"}],"neow_cost":"NONE","seed_source_timestamp":1866417300137484,"circlet_count":0,"master_deck":["Strike_R","Strike_R","Strike_R","Defend_R","Defend_R+1","Defend_R+1","Defend_R","Bash+1","Rampage+1","Infernal Blade","Thunderclap+1","Headbutt+1","Iron Wave+1","Reaper+1","Headbutt+1","Brutality","Flex","Inflame","Armaments+1","Seeing Red","Inflame+1","Metallicize+1"],"special_seed":0,"relics":["Burning Blood","Golden Idol","Bottled Flame","Darkstone Periapt","Pantograph","Coffee Dripper","Mummified Hand","War Paint","Calipers"],"potions_floor_usage":[31,33],"damage_taken":[{"damage":2.0,"enemies":"Small Slimes","floor":1.0,"turns":4.0},{"damage":1.0,"enemies":"Jaw Worm","floor":3.0,"turns":4.0},{"damage":13.0,"enemies":"2 Louse","floor":5.0,"turns":2.0},{"damage":16.0,"enemies":"Gremlin Nob","floor":7.0,"turns":3.0},{"damage":22.0,"enemies":"3 Sentries","floor":8.0,"turns":6.0},{"damage":16.0,"enemies":"Lots of Slimes","floor":11.0,"turns":3.0},{"damage":6.0,"enemies":"3 Louse","floor":13.0,"turns":4.0},{"damage":6.0,"enemies":"Large Slime","floor":14.0,"turns":4.0},{"damage":74.0,"enemies":"Hexaghost","floor":16.0,"turns":11.0},{"damage":24,"enemies":"2 Thieves","floor":18,"turns":4},{"damage":3,"enemies":"Chosen","floor":19,"turns":3},{"damage":18,"enemies":"Snake Plant","floor":22,"turns":3},{"damage":34,"enemies":"Shelled Parasite and Fungi","floor":28,"turns":4},{"damage":37,"enemies":"3 Cultists","floor":30,"turns":6},{"damage":23,"enemies":"Book of Stabbing","floor":31,"turns":4},{"damage":81,"enemies":"Automaton","floor":33,"turns":6}],"seed_played":"3555717614722735263","potions_obtained":[{"floor":1.0,"key":"Swift Potion"},{"floor":5.0,"key":"EssenceOfSteel"},{"floor":11.0,"key":"SkillPotion"},{"floor":13.0,"key":"Fire Potion"},{"floor":14.0,"key":"LiquidBronze"},{"floor":19,"key":"Strength Potion"},{"floor":31,"key":"Ancient Potion"}],"is_trial":false,"path_per_floor":["M","?","M","?","M","R","E","?","T","R","M","R","M","M","R","B",null,"M","M","?","$","M","R","?","R","T","$","M","R","M","E","R"],"character_chosen":"IRONCLAD","items_purchased":["Mummified Hand","Inflame","Armaments","Inflame"],"campfire_rested":0,"item_purchase_floors":[21,21,21,27],"current_hp_per_floor":[80,60,65,70,63,63,53,37,37,37,27,27,42,47,47,11,85,81,84,84,84,72,72,72,72,72,72,44,44,29,12,12,0],"gold":173,"neow_bonus":"UPGRADE_CARD","is_prod":false,"is_daily":false,"chose_seed":false,"campfire_upgraded":8,"win_rate":0,"timestamp":1536564663,"path_taken":["M","?","M","?","M","R","E","?","T","R","M","R","M","M","R","BOSS","M","M","?","$","M","R","?","R","T","$","M","R","?","E","R","BOSS"],"build_version":"2018-09-06","purchased_purges":2,"victory":false,"max_hp_per_floor":[80,80,80,85,85,85,85,85,85,85,85,85,85,85,85,85,85,85,85,85,85,85,85,85,85,85,85,85,85,85,85,85,85],"card_choices":[{"not_picked":["Havoc","Rupture"],"picked":"Rampage","floor":1.0},{"not_picked":["Evolve","Battle Trance"],"picked":"Infernal Blade","floor":3.0},{"not_picked":["Pommel Strike","Intimidate"],"picked":"Thunderclap","floor":5.0},{"not_picked":["Anger","Warcry"],"picked":"Headbutt","floor":7.0},{"not_picked":["Searing Blow","Entrench"],"picked":"Iron Wave","floor":8.0},{"not_picked":["Corruption","True Grit"],"picked":"Reaper","floor":11.0},{"not_picked":["Heavy Blade","Twin Strike"],"picked":"Headbutt","floor":13.0},{"not_picked":["Sword Boomerang","Infernal Blade","Entrench"],"picked":"SKIP","floor":14.0},{"not_picked":["Bludgeon","Double Tap"],"picked":"Brutality","floor":16.0},{"not_picked":["Anger","Body Slam"],"picked":"Flex","floor":18},{"not_picked":["Clothesline","Sever Soul+1","Clash"],"picked":"SKIP","floor":19},{"not_picked":["Sword Boomerang","Rampage+1"],"picked":"Seeing Red","floor":22},{"not_picked":["Rage","Pommel Strike+1","Thunderclap"],"picked":"SKIP","floor":28},{"not_picked":["True Grit","Thunderclap","Cleave"],"picked":"SKIP","floor":30},{"not_picked":["Headbutt","Heavy Blade"],"picked":"Metallicize+1","floor":31}],"player_experience":465921,"relics_obtained":[{"floor":7.0,"key":"Bottled Flame"},{"floor":8.0,"key":"Darkstone Periapt"},{"floor":9.0,"key":"Pantograph"},{"floor":26,"key":"War Paint"},{"floor":31,"key":"Calipers"}],"event_choices":[{"event_name":"Golden Idol","player_choice":"Take Damage","floor":2.0,"damage_taken":0.0},{"event_name":"Big Fish","player_choice":"Donut","floor":4.0,"damage_taken":0.0},{"event_name":"Dead Adventurer","player_choice":"Searched \u00272\u0027 times","floor":8.0,"damage_taken":0.0},{"event_name":"Nest","player_choice":"Stole From Cult","floor":20,"damage_taken":0},{"event_name":"The Joust","player_choice":"Bet on Murderer","floor":24,"damage_taken":0}],"is_beta":false,"boss_relics":[{"not_picked":["Astrolabe","Eternal Feather"],"picked":"Coffee Dripper"}],"items_purged_floors":[21,27],"is_endless":false,"potions_floor_spawned":[1,5,11,13,14,19,31],"killed_by":"Automaton","ascension_level":0}