{"path_per_floor":["M","?","$","?","M","?","M","E","T","?","R","M","?","?","R","B",null,"M","?","$","?","?","R","M","$","T","$","M","M","R","M","R","B",null,"M","?","?","$","M","R","M","M","T","R","M","M","$","M","R","B"],"character_chosen":"DEFECT","items_purchased":["Defragment","Ice Cream","Doom and Gloom","Self Repair","Capacitor","Go for the Eyes","Mummified Hand","Storm"],"gold_per_floor":[111,186,105,280,297,297,311,342,342,342,342,352,352,382,382,477,477,489,489,38,138,171,171,186,93,93,93,113,131,131,142,142,241,241,255,255,255,17,34,34,46,62,62,62,74,87,16,33,33,33],"floor_reached":51,"campfire_rested":2,"playtime":3501,"current_hp_per_floor":[75,64,64,64,64,69,69,46,46,46,46,39,39,39,39,26,80,74,58,58,58,61,61,68,68,68,68,64,71,71,65,65,29,80,65,55,55,55,42,66,68,66,66,66,53,44,44,44,68,37],"items_purged":[],"gold":33,"score":672,"play_id":"dc5e704f-3aa6-41b4-8803-44110b8b18fe","local_time":"20180429212139","is_prod":false,"is_daily":false,"chose_seed":false,"is_ascension_mode":false,"campfire_upgraded":6,"timestamp":1525054899,"path_taken":["M","?","$","?","?","?","M","E","T","?","R","M","?","?","R","BOSS","M","?","$","?","?","R","M","?","T","$","M","?","R","M","R","BOSS","M","?","?","$","M","R","M","M","T","R","M","M","$","?","R","BOSS"],"build_version":"2018-04-27v3","seed_source_timestamp":0,"purchased_purges":3,"victory":true,"master_deck":["Strike_B","Strike_B","Strike_B","Strike_B","Defend_B","Defend_B","Defend_B","Defend_B","Zap+1","Dualcast","Beam Cell+1","Defragment+1","Impulse","All For One+1","Glacier","Buffer+1","Necronomicurse","Doom and Gloom+1","Self Repair","Auto Shields+1","Capacitor+1","Go for the Eyes","Go for the Eyes+1","Impulse+1","Static Discharge+1","Thunder Strike","Impulse+1","Madness","Enlightenment","Impulse+1","Capacitor","Fission","Storm"],"max_hp_per_floor":[75,75,75,75,75,80,80,80,80,80,80,80,80,80,80,80,80,80,80,80,80,80,80,80,80,80,80,80,80,80,80,80,80,80,80,80,80,80,80,80,80,80,80,80,80,80,80,80,80,80],"relics":["Cracked Core","NeowsBlessing","Gremlin Horn","Toolbox","Sozu","Necronomicon","Ice Cream","Red Mask","Bottled Tornado","Inserter","Mummified Hand","Sundial"],"card_choices":[{"not_picked":["Barrage","Genetic Algorithm"],"picked":"Beam Cell","floor":1.0},{"not_picked":["Axe Kick","Barrage"],"picked":"Impulse","floor":5.0},{"not_picked":["Amplify","Darkness"],"picked":"All For One","floor":8.0},{"not_picked":["Sunder","Rip and Tear"],"picked":"Glacier","floor":12.0},{"not_picked":["Sweeping Beam","Reprogram"],"picked":"Buffer","floor":18.0},{"not_picked":["Axe Kick","Skim"],"picked":"Auto Shields","floor":22.0},{"not_picked":["Doom and Gloom","Turbo"],"picked":"Go for the Eyes","floor":28.0},{"not_picked":["Blizzard","Go for the Eyes"],"picked":"Impulse","floor":29.0},{"not_picked":["Genetic Algorithm","Skim"],"picked":"Static Discharge","floor":31.0},{"not_picked":["Biased Cognition","Machine Learning"],"picked":"Thunder Strike","floor":33.0},{"not_picked":["Undo","Heatsinks"],"picked":"Impulse","floor":35},{"not_picked":["Go for the Eyes","Rebound"],"picked":"Impulse","floor":41},{"not_picked":["Turbo","Impulse"],"picked":"Capacitor","floor":42},{"not_picked":["Skim","Sunder"],"picked":"Fission","floor":45}],"player_experience":15980,"potions_floor_usage":[48],"damage_taken":[{"damage":0.0,"enemies":"2 Louse","floor":1.0,"turns":1.0},{"damage":0.0,"enemies":"Small Slimes","floor":5.0,"turns":1.0},{"damage":0.0,"enemies":"Cultist","floor":7.0,"turns":1.0},{"damage":23.0,"enemies":"3 Sentries","floor":8.0,"turns":7.0},{"damage":7.0,"enemies":"2 Fungi Beasts","floor":12.0,"turns":3.0},{"damage":13.0,"enemies":"Hexaghost","floor":16.0,"turns":9.0},{"damage":6.0,"enemies":"Spheric Guardian","floor":18.0,"turns":4.0},{"damage":4.0,"enemies":"Masked Bandits","floor":22.0,"turns":3.0},{"damage":0.0,"enemies":"Chosen","floor":24.0,"turns":6.0},{"damage":4.0,"enemies":"Centurion and Healer","floor":28.0,"turns":3.0},{"damage":0.0,"enemies":"Sentry and Sphere","floor":29.0,"turns":3.0},{"damage":13.0,"enemies":"Cultist and Chosen","floor":31.0,"turns":4.0},{"damage":43.0,"enemies":"Collector","floor":33.0,"turns":10.0},{"damage":22,"enemies":"3 Shapes","floor":35,"turns":5},{"damage":13,"enemies":"Orb Walker","floor":39,"turns":3},{"damage":5,"enemies":"Flame Bruiser 2 Orb","floor":41,"turns":4},{"damage":9,"enemies":"Maw","floor":42,"turns":8},{"damage":20,"enemies":"3 Darklings","floor":45,"turns":5},{"damage":16,"enemies":"Flame Bruiser 2 Orb","floor":46,"turns":4},{"damage":0,"enemies":"Spire Growth","floor":48,"turns":3},{"damage":31,"enemies":"Time Eater","floor":50,"turns":7}],"event_choices":[{"event_name":"World of Goop","player_choice":"Gather Gold","floor":2.0,"damage_taken":0.0},{"event_name":"Liars Game","player_choice":"agreed","floor":4.0,"damage_taken":0.0},{"event_name":"Big Fish","player_choice":"Donut","floor":6.0,"damage_taken":0.0},{"event_name":"Fountain of Cleansing","player_choice":"Removed Curse","floor":10.0,"damage_taken":0.0},{"event_name":"Upgrade Shrine","player_choice":"Upgraded","floor":13.0,"damage_taken":0.0},{"event_name":"Dead Adventurer","player_choice":"Searched \u00272\u0027 times","floor":14.0,"damage_taken":0.0},{"event_name":"Cursed Tome","player_choice":"Obtained Book","floor":19.0,"damage_taken":0.0},{"event_name":"Golden Shrine","player_choice":"Pray","floor":21.0,"damage_taken":0.0},{"event_name":"Masked Bandits","player_choice":"Fought over 138 gold","floor":22.0,"damage_taken":0.0},{"event_name":"Winding Halls","player_choice":"Embrace Madness","floor":36,"damage_taken":0},{"event_name":"Transmorgrifier","player_choice":"Transform","floor":37,"damage_taken":0}],"boss_relics":[],"potions_floor_spawned":[5,12,18,24,28,35,42],"seed_played":"-940325628785321609","ascension_level":0,"is_trial":false}