{"gold_per_floor":[110,130,147,147,164,195,207,222,522,522,532,40,57,73,73,174,174,191,204,129,129,29,29,55,66,89,106,106,122,140,90,90,185,185,195,46,46,56,74,74,74],"floor_reached":41,"playtime":2312,"items_purged":["Strike_R","Strike_R","Strike_R","Strike_R"],"score":596,"play_id":"26d1d58c-8072-4407-b196-a331c4a70fdf","local_time":"20180703010718","is_ascension_mode":false,"campfire_choices":[{"data":"Rupture","floor":15,"key":"SMITH"},{"data":"Berserk","floor":23,"key":"SMITH"},{"data":"Armaments","floor":28,"key":"SMITH"},{"floor":32,"key":"REST"},{"data":"Exhume","floor":40,"key":"SMITH"}],"neow_cost":"","seed_source_timestamp":109103367795495,"circlet_count":0,"master_deck":["Strike_R","Defend_R","Defend_R","Defend_R","Defend_R","Bash","Heavy Blade","Inflame","Uppercut+1","Battle Trance","Bloodletting","Spot Weakness","Armaments+1","Jack Of All Trades","Berserk+1","Rupture+1","Limit Break","Rupture","Heavy Blade","Heavy Blade+1","Immolate","Exhume+1","Bandage Up"],"relics":["Burning Blood","Ginger","Old Coin","Kunai","Self Forming Clay","Velvet Choker","Nilry\u0027s Codex","Smiling Mask","Bag of Preparation","Sozu","Bird Faced Urn"],"potions_floor_usage":[11,16,16,41],"damage_taken":[{"damage":7,"enemies":"Small Slimes","floor":1,"turns":3},{"damage":1,"enemies":"Cultist","floor":2,"turns":3},{"damage":0,"enemies":"2 Louse","floor":3,"turns":2},{"damage":5,"enemies":"Red Slaver","floor":5,"turns":3},{"damage":25,"enemies":"Gremlin Nob","floor":6,"turns":4},{"damage":11,"enemies":"Blue Slaver","floor":7,"turns":3},{"damage":6,"enemies":"Exordium Wildlife","floor":8,"turns":2},{"damage":16,"enemies":"Red Slaver","floor":11,"turns":4},{"damage":9,"enemies":"Blue Slaver","floor":13,"turns":3},{"damage":7,"enemies":"3 Louse","floor":14,"turns":4},{"damage":12,"enemies":"The Guardian","floor":16,"turns":7},{"damage":6,"enemies":"Shell Parasite","floor":18,"turns":3},{"damage":22,"enemies":"Spheric Guardian","floor":19,"turns":4},{"damage":27,"enemies":"Book of Stabbing","floor":24,"turns":5},{"damage":10,"enemies":"Centurion and Healer","floor":25,"turns":5},{"damage":10,"enemies":"3 Cultists","floor":27,"turns":4},{"damage":19,"enemies":"Snake Plant","floor":29,"turns":3},{"damage":3,"enemies":"Snecko","floor":30,"turns":3},{"damage":22,"enemies":"Champ","floor":33,"turns":6},{"damage":15,"enemies":"3 Shapes","floor":35,"turns":5},{"damage":31,"floor":37,"turns":7},{"damage":42,"enemies":"3 Darklings","floor":38,"turns":7},{"damage":44,"enemies":"Sphere and 2 Shapes","floor":39,"turns":6},{"damage":51,"enemies":"Giant Head","floor":41,"turns":5}],"seed_played":"8281029315971340160","potions_obtained":[{"floor":2,"key":"SkillPotion"},{"floor":3,"key":"Fruit Juice"},{"floor":5,"key":"SpeedPotion"},{"floor":11,"key":"Regen Potion"},{"floor":13,"key":"Energy Potion"},{"floor":16,"key":"Block Potion"},{"floor":24,"key":"BloodPotion"},{"floor":30,"key":"Energy Potion"}],"is_trial":false,"path_per_floor":["M","M","M","?","M","E","M","M","T","?","M","$","M","M","R","B",null,"M","M","$","?","$","R","E","M","T","M","R","M","M","$","R","B",null,"M","$","?","M","M","R"],"character_chosen":"IRONCLAD","items_purchased":["Kunai","Self Forming Clay","Bandage Up"],"campfire_rested":1,"item_purchase_floors":[12,12,36],"current_hp_per_floor":[79,80,80,80,80,61,56,56,56,56,51,51,48,47,47,56,85,85,69,69,53,53,53,32,28,28,24,24,11,14,14,39,23,85,76,76,62,52,34,34,0],"gold":74,"neow_bonus":"","is_prod":false,"is_daily":false,"chose_seed":false,"campfire_upgraded":4,"win_rate":0,"timestamp":1530601638,"path_taken":["M","M","M","?","M","E","M","M","T","?","M","$","M","M","R","BOSS","M","M","$","?","$","R","E","M","T","M","R","M","M","$","R","BOSS","M","$","?","M","M","R","E"],"build_version":"2018-06-28","purchased_purges":4,"victory":false,"max_hp_per_floor":[80,80,80,80,80,80,80,80,80,80,85,85,85,85,85,85,85,85,85,85,85,85,85,85,85,85,85,85,85,85,85,85,85,85,85,85,88,88,88,88,88],"card_choices":[{"not_picked":["Twin Strike","Shrug It Off"],"picked":"Heavy Blade","floor":1},{"not_picked":["Evolve","Reckless Charge"],"picked":"Inflame","floor":2},{"not_picked":["True Grit","Warcry"],"picked":"Uppercut","floor":3},{"not_picked":["Flex","Havoc"],"picked":"Battle Trance","floor":5},{"not_picked":["Wild Strike","Flex"],"picked":"Bloodletting","floor":6},{"not_picked":["Headbutt","Clothesline"],"picked":"Spot Weakness","floor":7},{"not_picked":["Clothesline","Iron Wave"],"picked":"Armaments","floor":8},{"not_picked":["Armaments","Dropkick"],"picked":"Berserk","floor":11},{"not_picked":["Fire Breathing","Perfected Strike"],"picked":"Rupture","floor":13},{"not_picked":["Iron Wave","Sword Boomerang","Power Through"],"picked":"SKIP","floor":14},{"not_picked":["Brutality","Exhume"],"picked":"Limit Break","floor":16},{"not_picked":["Iron Wave","True Grit"],"picked":"Rupture","floor":18},{"not_picked":["Infernal Blade","True Grit"],"picked":"Heavy Blade","floor":19},{"not_picked":["Clash","Clothesline"],"picked":"Heavy Blade+1","floor":24},{"not_picked":["Evolve","Rampage"],"picked":"Immolate","floor":25},{"not_picked":["Sword Boomerang","Thunderclap","Pommel Strike"],"picked":"SKIP","floor":27},{"not_picked":["Iron Wave","Heavy Blade","Flame Barrier"],"picked":"SKIP","floor":29},{"not_picked":["Armaments","Heavy Blade","Warcry+1"],"picked":"SKIP","floor":30},{"not_picked":["Bludgeon","Immolate"],"picked":"Exhume","floor":33},{"not_picked":["Shrug It Off+1","Heavy Blade","Clothesline+1"],"picked":"SKIP","floor":35},{"not_picked":["Headbutt+1","Reckless Charge","Hemokinesis"],"picked":"SKIP","floor":38},{"not_picked":["Flex","Battle Trance","Spot Weakness+1"],"picked":"SKIP","floor":39}],"player_experience":125618,"relics_obtained":[{"floor":6,"key":"Ginger"},{"floor":9,"key":"Old Coin"},{"floor":21,"key":"Nilry\u0027s Codex"},{"floor":24,"key":"Smiling Mask"},{"floor":26,"key":"Bag of Preparation"},{"floor":37,"key":"Bird Faced Urn"}],"event_choices":[{"event_name":"Accursed Blacksmith","player_choice":"Forge","floor":4,"damage_taken":0},{"event_name":"Match and Keep!","player_choice":"1 cards matched","floor":10,"damage_taken":0},{"event_name":"Cursed Tome","player_choice":"Obtained Book","floor":21,"damage_taken":0},{"event_name":"MindBloom","player_choice":"Fight","floor":37,"damage_taken":0}],"boss_relics":[{"not_picked":["Snecko Eye","Black Blood"],"picked":"Velvet Choker"},{"not_picked":["Coffee Dripper","Empty Cage"],"picked":"Sozu"}],"items_purged_floors":[20,22,31,36],"is_endless":false,"potions_floor_spawned":[2,3,5,7,11,13,16,24,30,33,35,38],"killed_by":"Giant Head","ascension_level":0}