{"gold_per_floor":[110,110,110,43,67,67,111,135,135,135,160,160,183,206,206,206],"floor_reached":16,"playtime":666,"items_purged":[],"score":148,"play_id":"43fde865-3f0b-4ee3-93e2-3b791e1bc689","local_time":"20190316122129","is_ascension_mode":true,"campfire_choices":[{"floor":6,"key":"REST"},{"floor":12,"key":"REST"},{"floor":15,"key":"REST"}],"neow_cost":"CURSE","seed_source_timestamp":5961812506975,"circlet_count":0,"master_deck":["Strike_R","Strike_R","Strike_R","Strike_R","Strike_R","Defend_R","Defend_R","Defend_R","Defend_R","Bash","Pain","Limit Break","Flex","Injury","Fiend Fire","Swift Strike","Rupture","Flex","Hemokinesis","Corruption","Inflame","Cleave","Havoc"],"relics":["Burning Blood","Golden Idol","Mummified Hand","Ornamental Fan"],"potions_floor_usage":[7,8,11,14,16,16,16,16],"damage_taken":[{"damage":14,"enemies":"2 Louse","floor":1,"turns":3},{"damage":14,"enemies":"Cultist","floor":5,"turns":4},{"damage":51,"enemies":"Lagavulin","floor":7,"turns":8},{"damage":4,"enemies":"Jaw Worm","floor":8,"turns":2},{"damage":11,"enemies":"Gremlin Gang","floor":11,"turns":4},{"damage":27,"enemies":"Large Slime","floor":13,"turns":5},{"damage":14,"enemies":"Exordium Wildlife","floor":14,"turns":3},{"damage":53,"enemies":"The Guardian","floor":16,"turns":5}],"seed_played":"-709975063992924151","potions_obtained":[{"floor":1,"key":"Explosive Potion"},{"floor":7,"key":"SkillPotion"},{"floor":8,"key":"Fire Potion"},{"floor":10,"key":"EntropicBrew"},{"floor":10,"key":"Energy Potion"},{"floor":11,"key":"SkillPotion"},{"floor":13,"key":"Fire Potion"}],"is_trial":false,"path_per_floor":["M","?","?","$","M","R","E","M","T","?","M","R","M","M","R","B"],"character_chosen":"IRONCLAD","items_purchased":["Rupture"],"campfire_rested":3,"item_purchase_floors":[4],"current_hp_per_floor":[64,64,64,64,56,80,35,37,37,37,32,56,35,27,51,0],"gold":206,"neow_bonus":"THREE_RARE_CARDS","is_prod":false,"is_daily":false,"chose_seed":false,"campfire_upgraded":0,"win_rate":0,"timestamp":1552706489,"path_taken":["M","?","?","$","?","R","E","M","T","?","M","R","M","M","R","BOSS"],"build_version":"2019-01-23","purchased_purges":0,"victory":false,"max_hp_per_floor":[80,80,80,80,80,80,80,80,80,80,80,80,80,80,80,80],"card_choices":[{"not_picked":["Reaper","Immolate"],"picked":"Limit Break","floor":0},{"not_picked":["Warcry","Clothesline"],"picked":"Flex","floor":1},{"not_picked":["Corruption","Combust"],"picked":"Flex","floor":5},{"not_picked":["Headbutt","Warcry"],"picked":"Hemokinesis","floor":7},{"not_picked":["Rage","Sword Boomerang"],"picked":"Corruption","floor":8},{"not_picked":["Sword Boomerang","Clash"],"picked":"Inflame","floor":11},{"not_picked":["Dropkick","Wild Strike"],"picked":"Cleave","floor":13},{"not_picked":["Dropkick","Clothesline"],"picked":"Havoc","floor":14}],"player_experience":387907,"relics_obtained":[{"floor":7,"key":"Mummified Hand"},{"floor":9,"key":"Ornamental Fan"}],"event_choices":[{"damage_healed":0,"gold_gain":0,"player_choice":"Take Wound","damage_taken":0,"relics_obtained":["Golden Idol"],"max_hp_gain":0,"max_hp_loss":0,"event_name":"Golden Idol","floor":2,"gold_loss":0,"cards_obtained":["Injury"]},{"damage_healed":0,"gold_gain":0,"player_choice":"2 cards matched","damage_taken":0,"max_hp_gain":0,"max_hp_loss":0,"event_name":"Match and Keep!","floor":3,"gold_loss":0,"cards_obtained":["Fiend Fire","Swift Strike"]},{"damage_healed":0,"gold_gain":0,"player_choice":"Got Potions","damage_taken":0,"max_hp_gain":0,"max_hp_loss":0,"event_name":"Lab","floor":10,"gold_loss":0}],"is_beta":false,"boss_relics":[],"items_purged_floors":[],"is_endless":false,"potions_floor_spawned":[1,7,8,11,13],"killed_by":"The Guardian","ascension_level":9}