{"gold_per_floor":[118,393,404,404,419,419,494,526,551,561,590,590,590,125,125,125],"floor_reached":16,"playtime":588,"items_purged":["Pain"],"score":157,"play_id":"0f1a60f2-2eda-48ef-a88f-4e6441b8b7ea","local_time":"20181111230629","is_ascension_mode":true,"campfire_choices":[{"data":"Noxious Fumes","floor":6.0,"key":"SMITH"},{"data":"Envenom","floor":12,"key":"SMITH"},{"data":"Acrobatics","floor":15,"key":"SMITH"}],"neow_cost":"NONE","seed_source_timestamp":46989539954199,"circlet_count":0,"master_deck":["Defend_G","Defend_G","Defend_G","Defend_G","Defend_G","Strike_G","Strike_G","Strike_G","Strike_G","Strike_G","Survivor","Neutralize","Noxious Fumes+1","Regret","Dagger Throw","Cloak And Dagger","Envenom+1","Backflip","Acrobatics+1","Injury"],"special_seed":0,"relics":["Ring of the Snake","WarpedTongs","Boot","Pen Nib","Smiling Mask","Golden Idol","Anchor","Gremlin Horn"],"potions_floor_usage":[11,11],"damage_taken":[{"damage":0.0,"enemies":"Jaw Worm","floor":1.0,"turns":5.0},{"damage":8.0,"enemies":"Cultist","floor":3.0,"turns":4.0},{"damage":3.0,"enemies":"Small Slimes","floor":5.0,"turns":3.0},{"damage":19.0,"enemies":"3 Sentries","floor":8.0,"turns":9.0},{"damage":5.0,"enemies":"Red Slaver","floor":10.0,"turns":5.0},{"damage":11,"enemies":"Lagavulin","floor":11,"turns":6},{"damage":17,"enemies":"Slime Boss","floor":16,"turns":3}],"seed_played":"-488446026216107278","potions_obtained":[{"floor":3.0,"key":"Ancient Potion"},{"floor":5.0,"key":"Energy Potion"},{"floor":11,"key":"Dexterity Potion"}],"is_trial":false,"path_per_floor":["M","?","M","?","M","R","?","E","T","M","E","R","?","$","R","B"],"character_chosen":"THE_SILENT","items_purchased":["Anchor","Gremlin Horn"],"campfire_rested":0,"item_purchase_floors":[14,14],"current_hp_per_floor":[70,70,62,62,59,59,48,29,29,24,13,13,13,13,13,0],"gold":125,"neow_bonus":"TEN_PERCENT_HP_BONUS","is_prod":false,"is_daily":false,"chose_seed":false,"campfire_upgraded":3,"win_rate":0,"timestamp":1542006389,"path_taken":["M","?","?","?","?","R","?","E","T","M","E","R","?","$","R","BOSS"],"build_version":"2018-11-08","purchased_purges":1,"victory":false,"max_hp_per_floor":[77,77,77,77,77,77,77,77,77,77,77,77,77,77,77,77],"card_choices":[{"not_picked":["Poisoned Stab","Slice"],"picked":"Noxious Fumes","floor":1.0},{"not_picked":["Flying Knee","PiercingWail"],"picked":"Dagger Throw","floor":3.0},{"not_picked":["Dagger Spray","Dagger Throw"],"picked":"Cloak And Dagger","floor":5.0},{"not_picked":["Blur","Sucker Punch"],"picked":"Envenom","floor":8.0},{"not_picked":["Underhanded Strike","Poisoned Stab"],"picked":"Backflip","floor":10.0},{"not_picked":["Prepared","Predator"],"picked":"Acrobatics","floor":11}],"player_experience":553478,"relics_obtained":[{"floor":8.0,"key":"Boot"},{"floor":9.0,"key":"Pen Nib"},{"floor":11,"key":"Smiling Mask"}],"event_choices":[{"damage_healed":0.0,"max_hp_gain":0.0,"max_hp_loss":0.0,"gold_gain":275.0,"event_name":"Golden Shrine","player_choice":"Desecrate","floor":2.0,"gold_loss":0.0,"damage_taken":0.0,"cards_obtained":["Regret"]},{"damage_healed":0.0,"max_hp_gain":0.0,"max_hp_loss":0.0,"gold_gain":0.0,"event_name":"Accursed Blacksmith","player_choice":"Rummage","floor":4.0,"gold_loss":0.0,"damage_taken":0.0,"relics_obtained":["WarpedTongs"],"cards_obtained":["Pain"]},{"damage_healed":0.0,"max_hp_gain":0.0,"max_hp_loss":0.0,"gold_gain":75.0,"event_name":"World of Goop","player_choice":"Gather Gold","floor":7.0,"gold_loss":0.0,"damage_taken":11.0},{"damage_healed":0,"gold_gain":0,"player_choice":"Take Wound","damage_taken":0,"relics_obtained":["Golden Idol"],"max_hp_gain":0,"max_hp_loss":0,"event_name":"Golden Idol","floor":13,"gold_loss":0,"cards_obtained":["Injury"]}],"is_beta":false,"boss_relics":[],"items_purged_floors":[14],"is_endless":false,"potions_floor_spawned":[3,5,11],"killed_by":"Slime Boss","ascension_level":9}