{"gold_per_floor":[215,215,233,158,158,158,9,43,43,64,64,105,105,129,129,252,252,273,288,39,39,39,80,80,94,143,143,0,20,58,83,83,83],"floor_reached":33,"playtime":1420,"items_purged":["Strike_B","Strike_B"],"score":308,"play_id":"4eb0434e-06ca-4f64-8a37-26ec21720db0","local_time":"20190312174139","is_ascension_mode":true,"campfire_choices":[{"data":"Zap","floor":6,"key":"SMITH"},{"floor":11,"key":"REST"},{"floor":13,"key":"REST"},{"data":"Redo","floor":15,"key":"SMITH"},{"floor":24,"key":"REST"},{"data":"Leap","floor":27,"key":"SMITH"},{"floor":32,"key":"REST"}],"neow_cost":"NONE","seed_source_timestamp":32825618612274,"circlet_count":0,"master_deck":["Strike_B","Strike_B","Defend_B","Defend_B","Defend_B","Defend_B","Zap+1","Dualcast","Storm","Barrage","Redo+1","Leap+1","Sweeping Beam","Static Discharge+1","Lockon","Conserve Battery+1","Self Repair","Conserve Battery","Ball Lightning"],"relics":["Cracked Core","Golden Idol","PreservedInsect","StoneCalendar","Regal Pillow","Dream Catcher","Sozu","Anchor","Kunai","Oddly Smooth Stone","Pen Nib","Sundial"],"potions_floor_usage":[19,33],"damage_taken":[{"damage":2,"enemies":"2 Louse","floor":1,"turns":3},{"damage":8,"enemies":"Jaw Worm","floor":3,"turns":4},{"damage":38,"enemies":"Gremlin Nob","floor":8,"turns":5},{"damage":0,"enemies":"Cultist","floor":10,"turns":3},{"damage":21,"enemies":"3 Sentries","floor":12,"turns":6},{"damage":14,"enemies":"Exordium Thugs","floor":14,"turns":6},{"damage":48,"enemies":"The Guardian","floor":16,"turns":14},{"damage":20,"enemies":"Spheric Guardian","floor":18,"turns":4},{"damage":24,"enemies":"Shell Parasite","floor":19,"turns":6},{"damage":56,"enemies":"Book of Stabbing","floor":23,"turns":7},{"damage":3,"enemies":"Cultist and Chosen","floor":25,"turns":5},{"damage":27,"enemies":"3 Cultists","floor":29,"turns":5},{"damage":25,"enemies":"Gremlin Leader","floor":30,"turns":6},{"damage":11,"enemies":"Chosen and Byrds","floor":31,"turns":6},{"damage":54,"enemies":"Automaton","floor":33,"turns":10}],"seed_played":"-1677982614764036683","potions_obtained":[{"floor":1,"key":"Ancient Potion"},{"floor":8,"key":"LiquidBronze"},{"floor":10,"key":"Swift Potion"}],"is_trial":false,"path_per_floor":["?","?","?","?","M"],"character_chosen":"DEFECT","items_purchased":["PreservedInsect","Anchor","Pen Nib"],"campfire_rested":4,"item_purchase_floors":[7,20,28],"current_hp_per_floor":[73,73,65,65,65,65,65,27,27,27,62,41,69,55,55,7,69,49,25,25,48,79,23,61,58,58,58,58,31,13,9,47,0],"gold":83,"neow_bonus":"HUNDRED_GOLD","is_prod":false,"is_daily":false,"chose_seed":false,"campfire_upgraded":3,"win_rate":0,"timestamp":1552408899,"path_taken":["M","?","M","$","?","R","$","E","T","M","R","E","R","M","R","BOSS","M","M","$","?","?","E","R","M","T","R","$","M","E","?","R","BOSS"],"build_version":"2019-01-23","purchased_purges":2,"victory":false,"max_hp_per_floor":[75,75,75,75,69,69,69,69,69,69,69,69,69,69,69,69,69,69,69,69,69,79,79,79,79,79,79,79,79,79,79,79,79],"card_choices":[{"not_picked":["Conserve Battery","Coolheaded"],"picked":"Storm","floor":1},{"not_picked":["Force Field","Auto Shields"],"picked":"Barrage","floor":3},{"not_picked":["Compile Driver","Tempest","Steam"],"picked":"SKIP","floor":8},{"not_picked":["Go for the Eyes","Melter"],"picked":"Redo","floor":10},{"not_picked":["Self Repair","Steam"],"picked":"Leap","floor":12},{"not_picked":["Steam","Scrape","Streamline"],"picked":"SKIP","floor":14},{"not_picked":["Seek","Machine Learning"],"picked":"Multi-Cast","floor":16},{"not_picked":["Fusion","Stack"],"picked":"Sweeping Beam","floor":18},{"not_picked":["Stack+1","Compile Driver+1","Hologram"],"picked":"SKIP","floor":19},{"not_picked":["Gash","Glacier"],"picked":"Static Discharge+1","floor":23},{"not_picked":["Coolheaded+1","Barrage"],"picked":"Lockon","floor":24},{"not_picked":["Rebound","Sweeping Beam+1"],"picked":"Conserve Battery+1","floor":25},{"not_picked":["Recycle","Steam"],"picked":"Self Repair","floor":29},{"not_picked":["Meteor Strike","Go for the Eyes","Force Field"],"picked":"SKIP","floor":30},{"not_picked":["Melter","Streamline"],"picked":"Conserve Battery","floor":31},{"not_picked":["Hologram+1","Skim"],"picked":"Ball Lightning","floor":32}],"player_experience":234883,"relics_obtained":[{"floor":8,"key":"StoneCalendar"},{"floor":9,"key":"Regal Pillow"},{"floor":12,"key":"Dream Catcher"},{"floor":23,"key":"Kunai"},{"floor":26,"key":"Oddly Smooth Stone"},{"floor":30,"key":"Sundial"}],"event_choices":[{"damage_healed":0,"gold_gain":0,"player_choice":"Ignored","damage_taken":0,"max_hp_gain":0,"max_hp_loss":0,"event_name":"Golden Wing","floor":2,"gold_loss":0},{"damage_healed":0,"gold_gain":0,"player_choice":"Lose Max HP","damage_taken":0,"relics_obtained":["Golden Idol"],"max_hp_gain":0,"max_hp_loss":6,"event_name":"Golden Idol","floor":5,"gold_loss":0},{"damage_healed":23,"gold_gain":0,"player_choice":"Heal","damage_taken":0,"max_hp_gain":0,"max_hp_loss":0,"event_name":"The Library","floor":21,"gold_loss":0},{"cards_removed":["Multi-Cast"],"damage_healed":21,"gold_gain":0,"player_choice":"Offered Rare","damage_taken":0,"max_hp_gain":10,"max_hp_loss":0,"event_name":"Bonfire Elementals","floor":22,"gold_loss":0}],"is_beta":false,"boss_relics":[{"not_picked":["Tiny House","Calling Bell"],"picked":"Sozu"}],"items_purged_floors":[4,20],"is_endless":false,"potions_floor_spawned":[1,8,10,18,29,30,31],"killed_by":"Automaton","ascension_level":1}