{"gold_per_floor":[217,35,210,223,31,41,68,37,86,103,103,133,133,143,143,247,247,266,281,380,295,308,308,308],"floor_reached":24,"playtime":1074,"items_purged":[],"score":208,"play_id":"c727166d-96c9-4246-82b2-40c5a958e0f9","local_time":"20190309130336","is_ascension_mode":true,"campfire_choices":[{"floor":11,"key":"REST"},{"floor":15,"key":"REST"},{"floor":23,"key":"REST"}],"neow_cost":"NONE","seed_source_timestamp":340992590958666,"circlet_count":0,"master_deck":["Strike_B","Strike_B","Strike_B","Defend_B","Defend_B","Defend_B","Defend_B","Zap","Dualcast","Fusion","Storm","Doubt","Loop","Sweeping Beam","Redo","Auto Shields","Thunder Strike","Static Discharge+1","Consume"],"relics":["Cracked Core","Blood Vial","Runic Capacitor","Bag of Preparation","Art of War","Bronze Scales","Inserter","Molten Egg 2"],"potions_floor_usage":[12,16,19],"damage_taken":[{"damage":1,"enemies":"2 Louse","floor":1,"turns":2},{"damage":11,"enemies":"Jaw Worm","floor":4,"turns":5},{"damage":7,"enemies":"Small Slimes","floor":6,"turns":3},{"damage":24,"enemies":"Exordium Thugs","floor":8,"turns":5},{"damage":4,"enemies":"Blue Slaver","floor":10,"turns":3},{"damage":26,"enemies":"Lagavulin","floor":12,"turns":6},{"damage":1,"enemies":"2 Fungi Beasts","floor":14,"turns":4},{"damage":58,"enemies":"Hexaghost","floor":16,"turns":11},{"damage":16,"enemies":"Spheric Guardian","floor":18,"turns":4},{"damage":20,"enemies":"Shell Parasite","floor":19,"turns":5},{"damage":31,"enemies":"Chosen and Byrds","floor":22,"turns":5},{"damage":44,"enemies":"Gremlin Leader","floor":24,"turns":4}],"seed_played":"8147873133405478184","potions_obtained":[{"floor":1,"key":"Energy Potion"},{"floor":8,"key":"FearPotion"},{"floor":10,"key":"AttackPotion"},{"floor":12,"key":"Fruit Juice"},{"floor":16,"key":"Ancient Potion"}],"is_trial":false,"path_per_floor":["?","T","?","M","?","?"],"character_chosen":"DEFECT","items_purchased":["Storm","Blood Vial","Runic Capacitor"],"campfire_rested":3,"item_purchase_floors":[2,2,5],"current_hp_per_floor":[74,74,74,64,64,59,59,37,37,35,57,33,33,34,56,5,80,64,46,46,46,17,41,0],"gold":308,"neow_bonus":"HUNDRED_GOLD","is_prod":false,"is_daily":false,"chose_seed":false,"campfire_upgraded":0,"win_rate":0,"timestamp":1552133016,"path_taken":["M","$","?","M","$","M","?","M","T","M","R","E","?","?","R","BOSS","M","M","?","?","M","R","E"],"build_version":"2019-01-23","purchased_purges":0,"victory":false,"max_hp_per_floor":[75,75,75,75,75,75,75,75,75,75,75,75,75,75,75,80,80,80,80,80,80,80,80,80],"card_choices":[{"not_picked":["Skim","Chill"],"picked":"Fusion","floor":1},{"not_picked":["Rebound","Steam","Hologram"],"picked":"SKIP","floor":4},{"not_picked":["Steam","Hello World"],"picked":"Loop","floor":6},{"not_picked":["Rebound","Recycle"],"picked":"Sweeping Beam","floor":8},{"not_picked":["Beam Cell","Gash"],"picked":"Redo","floor":10},{"not_picked":["Stack","Conserve Battery"],"picked":"Auto Shields","floor":12},{"not_picked":["Sweeping Beam","Compile Driver","Genetic Algorithm"],"picked":"SKIP","floor":14},{"not_picked":["Creative AI","Buffer"],"picked":"Thunder Strike","floor":16},{"not_picked":["Go for the Eyes+1","Coolheaded+1"],"picked":"Static Discharge+1","floor":18},{"not_picked":["Streamline","Go for the Eyes","Beam Cell+1"],"picked":"SKIP","floor":19},{"not_picked":["Rebound+1","Hologram"],"picked":"Consume","floor":22}],"player_experience":183402,"relics_obtained":[{"floor":7,"key":"Bag of Preparation"},{"floor":9,"key":"Art of War"},{"floor":12,"key":"Bronze Scales"}],"event_choices":[{"damage_healed":0,"gold_gain":175,"player_choice":"AGREE","damage_taken":0,"max_hp_gain":0,"max_hp_loss":0,"event_name":"Liars Game","floor":3,"gold_loss":0,"cards_obtained":["Doubt"]},{"cards_removed":["Strike_B"],"damage_healed":0,"gold_gain":0,"player_choice":"Forget","damage_taken":0,"max_hp_gain":0,"max_hp_loss":0,"event_name":"Living Wall","floor":13,"gold_loss":0},{"damage_healed":0,"gold_gain":99,"player_choice":"Stole From Cult","damage_taken":0,"max_hp_gain":0,"max_hp_loss":0,"event_name":"Nest","floor":20,"gold_loss":0},{"damage_healed":0,"gold_gain":0,"player_choice":"Obtained Relic","damage_taken":0,"relics_obtained":["Molten Egg 2"],"max_hp_gain":0,"max_hp_loss":0,"event_name":"Addict","floor":21,"gold_loss":85}],"is_beta":false,"boss_relics":[{"not_picked":["Runic Pyramid","Pandora\u0027s Box"],"picked":"Inserter"}],"items_purged_floors":[],"is_endless":false,"potions_floor_spawned":[1,8,10,12,16,18],"killed_by":"Gremlin Leader","ascension_level":1}