{"gold_per_floor":[110,130,130,140,215,215,243,243,243,12,25,25,55,69,69,164,164,176,190,200,217,95,95],"floor_reached":23,"playtime":1257,"items_purged":[],"score":223,"play_id":"07354702-2c34-4fc1-866c-ebfc43406383","local_time":"20180717131530","is_ascension_mode":true,"campfire_choices":[{"data":"A Thousand Cuts","floor":6,"key":"SMITH"},{"data":"Neutralize","floor":8,"key":"SMITH"},{"data":"Footwork","floor":12,"key":"SMITH"},{"data":"Finisher","floor":15,"key":"SMITH"}],"neow_cost":"","seed_source_timestamp":0,"circlet_count":0,"master_deck":["Defend_G","Defend_G","Defend_G","Defend_G","Defend_G","Strike_G","Strike_G","Strike_G","Strike_G","Strike_G","Survivor","Neutralize+1","Backflip","A Thousand Cuts+1","Sucker Punch","Doppelganger","Footwork+1","Finisher+1","Blade Dance","Choke","Night Terror","Expertise","Terror","Deflect+1","Setup","Bandage Up","Dash"],"special_seed":17729,"relics":["Ring of the Snake","Mercury Hourglass","Bronze Scales","Blood Vial","Lantern","Eternal Feather"],"potions_floor_usage":[13,23],"damage_taken":[{"damage":4,"enemies":"Jaw Worm","floor":1,"turns":6},{"damage":0,"enemies":"2 Louse","floor":2,"turns":3},{"damage":0,"enemies":"Cultist","floor":4,"turns":4},{"damage":17,"enemies":"3 Sentries","floor":7,"turns":6},{"damage":5,"enemies":"Gremlin Gang","floor":11,"turns":3},{"damage":14,"enemies":"Gremlin Nob","floor":13,"turns":4},{"damage":3,"enemies":"Blue Slaver","floor":14,"turns":2},{"damage":20,"enemies":"The Guardian","floor":16,"turns":13},{"damage":2,"enemies":"Chosen","floor":18,"turns":5},{"damage":3,"enemies":"Spheric Guardian","floor":19,"turns":3},{"damage":10,"enemies":"Snecko","floor":20,"turns":4},{"damage":27,"enemies":"Chosen and Byrds","floor":21,"turns":7},{"damage":47,"enemies":"Gremlin Leader","floor":23,"turns":8}],"seed_played":"-6709258171721631228","potions_obtained":[{"floor":11,"key":"Weak Potion"},{"floor":13,"key":"FearPotion"},{"floor":14,"key":"Explosive Potion"},{"floor":20,"key":"Energy Potion"}],"is_trial":false,"path_per_floor":["M","M","?","M","?","R","E","R","T","$","M","R","E","M","R","B",null,"M","M","M","M","$"],"character_chosen":"THE_SILENT","items_purchased":["Blood Vial","Footwork","Bandage Up","Dash"],"campfire_rested":0,"item_purchase_floors":[10,10,22,22],"current_hp_per_floor":[66,66,71,71,60,60,43,43,43,43,40,40,28,27,27,9,75,73,72,64,39,39,0],"gold":95,"neow_bonus":"","is_prod":false,"is_daily":false,"chose_seed":false,"campfire_upgraded":4,"win_rate":0,"timestamp":1531854930,"path_taken":["M","M","?","M","?","R","E","R","T","$","M","R","E","M","R","BOSS","M","M","M","M","$","E"],"build_version":"2018-07-12","purchased_purges":0,"victory":false,"max_hp_per_floor":[70,70,75,75,75,75,75,75,75,75,75,75,75,75,75,75,75,75,75,75,75,75,75],"card_choices":[{"not_picked":["Slice","Deflect"],"picked":"Backflip","floor":1},{"not_picked":["Eviscerate","Deflect"],"picked":"A Thousand Cuts","floor":2},{"not_picked":["Prepared","Bane"],"picked":"Sucker Punch","floor":4},{"not_picked":["Underhanded Strike","Flying Knee"],"picked":"Doppelganger","floor":7},{"not_picked":["PiercingWail","Dagger Spray"],"picked":"Finisher","floor":11},{"not_picked":["Sucker Punch","Dodge and Roll"],"picked":"Blade Dance","floor":13},{"not_picked":["Deflect","Deadly Poison"],"picked":"Choke","floor":14},{"not_picked":["Tools of the Trade","Grand Finale"],"picked":"Night Terror","floor":16},{"not_picked":["Masterful Stab","Acrobatics"],"picked":"Expertise","floor":18},{"not_picked":["Outmaneuver","Flying Knee"],"picked":"Terror","floor":19},{"not_picked":["Skewer+1","Caltrops+1"],"picked":"Deflect+1","floor":20},{"not_picked":["Distraction","PiercingWail"],"picked":"Setup","floor":21}],"player_experience":222649,"relics_obtained":[{"floor":7,"key":"Mercury Hourglass"},{"floor":9,"key":"Bronze Scales"},{"floor":13,"key":"Lantern"}],"event_choices":[{"event_name":"Big Fish","player_choice":"Donut","floor":3,"damage_taken":0},{"event_name":"World of Goop","player_choice":"Gather Gold","floor":5,"damage_taken":0}],"boss_relics":[{"not_picked":["Calling Bell","Orrery"],"picked":"Eternal Feather"}],"items_purged_floors":[],"is_endless":false,"potions_floor_spawned":[11,13,14,20],"killed_by":"Gremlin Leader","ascension_level":2}