{"gold_per_floor":[110,129,129,129,143,177,177,194,194,204,215,215,233,233,233,335,335,346,346,21,21,21,21,38,38,38,38,72,72,90,108,108,108],"floor_reached":33,"playtime":2844,"items_purged":["Pain"],"score":267,"play_id":"30c9b018-5896-4e77-8a69-a92add97b1fd","local_time":"20190128134525","is_ascension_mode":false,"campfire_choices":[{"floor":7,"key":"REST"},{"floor":12,"key":"REST"},{"data":"Neutralize","floor":15,"key":"SMITH"},{"floor":23,"key":"REST"},{"data":"Quick Slash","floor":27,"key":"SMITH"},{"floor":32,"key":"REST"}],"neow_cost":"NONE","seed_source_timestamp":253690642632158,"circlet_count":0,"master_deck":["Defend_G+1","Defend_G+1","Defend_G+1","Defend_G+1","Defend_G+1","Strike_G+1","Strike_G+1","Strike_G+1","Strike_G+1","Strike_G+1","Survivor","Neutralize+1","Flying Knee","Blade Dance","Dash","Deflect+1","Deadly Poison+1","Blade Dance+1","Backstab","Quick Slash+1","Glass Knife","Blade Dance+1","Metamorphosis+1","Backflip+1","Dagger Throw","Poisoned Stab","Infinite Blades+1","Slice","Slice"],"relics":["Ring of the Snake","Toxic Egg 2","Frozen Egg 2","Mummified Hand","WarpedTongs","WristBlade","MutagenicStrength","Bottled Lightning","Unceasing Top"],"potions_floor_usage":[6],"damage_taken":[{"damage":2,"enemies":"2 Louse","floor":1,"turns":2},{"damage":12,"enemies":"Small Slimes","floor":2,"turns":2},{"damage":1,"enemies":"Cultist","floor":5,"turns":4},{"damage":35,"enemies":"3 Sentries","floor":6,"turns":9},{"damage":1,"enemies":"Large Slime","floor":8,"turns":11},{"damage":9,"enemies":"Exordium Thugs","floor":10,"turns":5},{"damage":1,"enemies":"2 Fungi Beasts","floor":11,"turns":3},{"damage":0,"enemies":"Exordium Wildlife","floor":13,"turns":3},{"damage":27,"enemies":"Hexaghost","floor":16,"turns":10},{"damage":28,"enemies":"2 Thieves","floor":18,"turns":3},{"damage":0,"enemies":"Spheric Guardian","floor":24,"turns":2},{"damage":37,"enemies":"Book of Stabbing","floor":28,"turns":4},{"damage":0,"enemies":"3 Cultists","floor":30,"turns":3},{"damage":21,"enemies":"Snake Plant","floor":31,"turns":3},{"damage":71,"enemies":"Automaton","floor":33,"turns":6}],"seed_played":"8939830299618815725","potions_obtained":[{"floor":5,"key":"AttackPotion"},{"floor":11,"key":"EssenceOfSteel"},{"floor":24,"key":"Explosive Potion"},{"floor":28,"key":"Dexterity Potion"}],"is_trial":false,"path_per_floor":["?","?","M","?","?","?","$","M","?","?"],"character_chosen":"THE_SILENT","items_purchased":["Metamorphosis+1","Backflip+1","Dagger Throw"],"campfire_rested":4,"item_purchase_floors":[20,20,20],"current_hp_per_floor":[75,63,63,63,62,27,50,49,49,40,39,62,62,62,62,35,77,49,49,49,49,49,72,72,72,72,72,35,35,35,14,37,0],"gold":108,"neow_bonus":"TEN_PERCENT_HP_BONUS","is_prod":false,"is_daily":false,"chose_seed":false,"campfire_upgraded":2,"win_rate":0.0,"timestamp":1548679525,"path_taken":["M","M","?","?","M","E","R","M","T","M","?","R","M","?","R","BOSS","M","?","$","?","?","R","?","?","T","R","E","?","M","M","R","BOSS"],"build_version":"2019-01-23","purchased_purges":1,"victory":false,"max_hp_per_floor":[77,77,77,77,77,77,77,77,77,77,77,77,77,77,77,77,77,77,77,77,77,77,77,77,77,77,77,77,77,77,77,77,77],"card_choices":[{"not_picked":["PiercingWail","Deflect"],"picked":"Flying Knee","floor":1},{"not_picked":["Predator","Choke"],"picked":"Blade Dance","floor":2},{"not_picked":["Backflip+1","Footwork"],"picked":"Dash","floor":5},{"not_picked":["Flechettes","All Out Attack"],"picked":"Deflect+1","floor":6},{"not_picked":["Blur+1","Unload"],"picked":"Deadly Poison+1","floor":8},{"not_picked":["Acrobatics+1","Deadly Poison+1"],"picked":"Blade Dance+1","floor":10},{"not_picked":["Underhanded Strike","Dodge and Roll+1"],"picked":"Backstab","floor":11},{"not_picked":["Heel Hook","Underhanded Strike"],"picked":"Quick Slash","floor":13},{"not_picked":["Tools of the Trade+1","Wraith Form v2+1"],"picked":"Glass Knife","floor":16},{"not_picked":["Dagger Throw+1","PiercingWail+1"],"picked":"Blade Dance+1","floor":18},{"not_picked":["Prepared+1","Deadly Poison+1"],"picked":"Poisoned Stab","floor":24},{"not_picked":["Flying Knee","Escape Plan+1"],"picked":"Infinite Blades+1","floor":28},{"not_picked":["Poisoned Stab","Footwork+1"],"picked":"Slice","floor":30},{"not_picked":["Leg Sweep+1","Backflip+1"],"picked":"Slice","floor":31}],"player_experience":3784,"relics_obtained":[{"floor":6,"key":"Frozen Egg 2"},{"floor":9,"key":"Mummified Hand"},{"floor":26,"key":"Bottled Lightning"},{"floor":28,"key":"Unceasing Top"}],"event_choices":[{"damage_healed":0,"gold_gain":0,"player_choice":"Box","damage_taken":0,"relics_obtained":["Toxic Egg 2"],"max_hp_gain":0,"max_hp_loss":0,"event_name":"Big Fish","floor":3,"gold_loss":0,"cards_obtained":["Regret"]},{"cards_removed":["Regret"],"damage_healed":0,"gold_gain":0,"player_choice":"Removed Curses","damage_taken":0,"max_hp_gain":0,"max_hp_loss":0,"event_name":"Fountain of Cleansing","floor":4,"gold_loss":0},{"damage_healed":0,"gold_gain":0,"player_choice":"Rummage","damage_taken":0,"relics_obtained":["WarpedTongs"],"max_hp_gain":0,"max_hp_loss":0,"event_name":"Accursed Blacksmith","floor":14,"gold_loss":0,"cards_obtained":["Pain"]},{"damage_healed":0,"gold_gain":0,"player_choice":"Ignored","damage_taken":0,"max_hp_gain":0,"max_hp_loss":0,"event_name":"Ghosts","floor":19,"gold_loss":0},{"damage_healed":0,"gold_gain":0,"player_choice":"Inject Mutagens","damage_taken":0,"relics_obtained":["MutagenicStrength"],"max_hp_gain":0,"max_hp_loss":0,"event_name":"Drug Dealer","floor":21,"gold_loss":0},{"damage_healed":0,"gold_gain":0,"player_choice":"Simplicity","damage_taken":0,"max_hp_gain":0,"max_hp_loss":0,"event_name":"Back to Basics","floor":25,"gold_loss":0,"cards_upgraded":["Defend_G","Defend_G","Defend_G","Defend_G","Defend_G","Strike_G","Strike_G","Strike_G","Strike_G","Strike_G"]},{"damage_healed":0,"gold_gain":0,"player_choice":"Ignored","damage_taken":0,"max_hp_gain":0,"max_hp_loss":0,"event_name":"Vampires","floor":29,"gold_loss":0}],"is_beta":false,"boss_relics":[{"not_picked":["Cursed Key","Black Star"],"picked":"WristBlade"}],"items_purged_floors":[20],"is_endless":false,"potions_floor_spawned":[5,11,24,28,31],"killed_by":"Automaton","ascension_level":0}