{"gold_per_floor":[113,113,133,143,157,157,190,200,200,228,250,262,284,325,337,423,435,435,435,435,435,26,26,26,26,26,26,26,26,26,26,26,26],"floor_reached":33,"playtime":1858,"items_purged":["Strike_R"],"score":508,"play_id":"9f8f50d2-6e65-49e1-87a6-4778e8e9d42a","local_time":"20190214002158","is_ascension_mode":true,"campfire_choices":[{"data":"Inflame","floor":6.0,"key":"SMITH"},{"data":"True Grit","floor":12.0,"key":"SMITH"},{"data":"Flame Barrier","floor":15,"key":"SMITH"},{"floor":29,"key":"REST"},{"floor":32,"key":"REST"}],"neow_cost":"NONE","seed_source_timestamp":948193986488677,"circlet_count":0,"master_deck":["AscendersBane","Strike_R","Defend_R+1","Defend_R+1","Defend_R","Bash","Inflame+1","Headbutt","Sword Boomerang","Reaper","Flame Barrier+1","True Grit+1","Clothesline","Wild Strike","Juggernaut","Armaments","Flame Barrier","Whirlwind","Metallicize","Sentinel+1","Hemokinesis","Pummel","True Grit","Exhume"],"special_seed":0,"relics":["Burning Blood","War Paint","Boot","MawBank","Odd Mushroom","Ectoplasm","GremlinMask","Sling","Bottled Tornado","Bird Faced Urn","Potion Belt"],"potions_floor_usage":[18,21,27,28,33],"damage_taken":[{"damage":7.0,"enemies":"2 Louse","floor":1.0,"turns":4.0},{"damage":6.0,"enemies":"Cultist","floor":3.0,"turns":4.0},{"damage":0.0,"enemies":"Small Slimes","floor":4.0,"turns":3.0},{"damage":7.0,"enemies":"Looter","floor":5.0,"turns":4.0},{"damage":25.0,"enemies":"3 Sentries","floor":7.0,"turns":6.0},{"damage":21.0,"enemies":"Gremlin Gang","floor":8.0,"turns":4.0},{"damage":32.0,"enemies":"Lagavulin","floor":10.0,"turns":5.0},{"damage":10.0,"enemies":"Lots of Slimes","floor":11.0,"turns":5.0},{"damage":3.0,"enemies":"Large Slime","floor":13.0,"turns":6.0},{"damage":24,"enemies":"The Mushroom Lair","floor":14,"turns":7},{"damage":48,"enemies":"Hexaghost","floor":16,"turns":13},{"damage":15,"enemies":"Spheric Guardian","floor":18,"turns":4},{"damage":9,"enemies":"Chosen","floor":20,"turns":5},{"damage":14,"enemies":"Centurion and Healer","floor":21,"turns":6},{"damage":62,"enemies":"Slavers","floor":23,"turns":5},{"damage":28,"enemies":"Cultist and Chosen","floor":25,"turns":9},{"damage":4,"enemies":"3 Cultists","floor":27,"turns":5},{"damage":72,"enemies":"Gremlin Leader","floor":28,"turns":8},{"damage":90,"enemies":"Automaton","floor":33,"turns":10}],"seed_played":"8468897285372831033","potions_obtained":[{"floor":5.0,"key":"Energy Potion"},{"floor":7.0,"key":"Swift Potion"},{"floor":10.0,"key":"SkillPotion"},{"floor":11.0,"key":"Swift Potion"},{"floor":14,"key":"SpeedPotion"},{"floor":16,"key":"AttackPotion"},{"floor":23,"key":"FairyPotion"},{"floor":25,"key":"SkillPotion"},{"floor":27,"key":"PowerPotion"},{"floor":28,"key":"Explosive Potion"}],"is_trial":false,"path_per_floor":["M","?","M","M","M","R","E","M","T","E","M","R","M","?","R","B",null,"M","?","M","M","$","E","?","M","T","M","E","R","?","$","R","B"],"character_chosen":"IRONCLAD","items_purchased":["Whirlwind","Metallicize","Sling"],"campfire_rested":2,"item_purchase_floors":[22,22,22],"current_hp_per_floor":[67,67,67,73,72,72,53,49,49,33,54,54,71,67,67,32,64,55,55,57,54,54,25,25,17,17,53,13,35,35,35,57,0],"gold":26,"neow_bonus":"REMOVE_CARD","is_prod":false,"is_daily":false,"chose_seed":false,"campfire_upgraded":3,"win_rate":0,"timestamp":1550128918,"path_taken":["M","?","?","M","M","R","E","M","T","E","M","R","M","?","R","BOSS","M","?","?","?","$","E","?","?","T","M","E","R","?","?","R","BOSS"],"build_version":"2019-01-23","purchased_purges":1,"victory":false,"max_hp_per_floor":[75,75,75,75,75,75,75,75,75,75,75,75,75,75,75,75,75,75,75,75,75,75,75,75,75,75,75,75,75,75,75,75,75],"card_choices":[{"not_picked":["Anger","Wild Strike"],"picked":"Inflame","floor":1.0},{"not_picked":["Warcry","Sever Soul","Perfected Strike"],"picked":"SKIP","floor":3.0},{"not_picked":["Anger","Searing Blow"],"picked":"Headbutt","floor":4.0},{"not_picked":["Headbutt","Flex"],"picked":"Sword Boomerang","floor":5.0},{"not_picked":["Pommel Strike","Warcry"],"picked":"Reaper","floor":7.0},{"not_picked":["Anger","Feel No Pain"],"picked":"Flame Barrier","floor":8.0},{"not_picked":["Fiend Fire","Fire Breathing"],"picked":"True Grit","floor":10.0},{"not_picked":["Headbutt","Fire Breathing","Blood for Blood"],"picked":"SKIP","floor":11.0},{"not_picked":["Sword Boomerang","Double Tap"],"picked":"Clothesline","floor":13.0},{"not_picked":["Infernal Blade","Blood for Blood"],"picked":"Wild Strike","floor":14},{"not_picked":["Berserk","Reaper"],"picked":"Juggernaut","floor":16},{"not_picked":["Twin Strike","Clash"],"picked":"Armaments","floor":18},{"not_picked":["Ghostly Armor","Corruption"],"picked":"Flame Barrier","floor":20},{"not_picked":["Iron Wave","Seeing Red","Twin Strike"],"picked":"SKIP","floor":21},{"not_picked":["Dual Wield","Clothesline"],"picked":"Sentinel+1","floor":23},{"not_picked":["Thunderclap","Headbutt"],"picked":"Pummel","floor":25},{"not_picked":["Thunderclap+1","Heavy Blade"],"picked":"True Grit","floor":27},{"not_picked":["Burning Pact","Feel No Pain"],"picked":"Exhume","floor":28}],"player_experience":719194,"relics_obtained":[{"floor":7.0,"key":"War Paint"},{"floor":9.0,"key":"Boot"},{"floor":10.0,"key":"MawBank"},{"floor":14,"key":"Odd Mushroom"},{"floor":23,"key":"Bottled Tornado"},{"floor":26,"key":"Bird Faced Urn"},{"floor":28,"key":"Potion Belt"}],"event_choices":[{"cards_removed":["Defend_R"],"damage_healed":0.0,"max_hp_gain":0.0,"max_hp_loss":0.0,"gold_gain":0.0,"event_name":"Bonfire Elementals","player_choice":"Offered Basic","floor":2.0,"gold_loss":0.0,"damage_taken":0.0},{"damage_healed":0,"gold_gain":0,"player_choice":"Fought Mushrooms","damage_taken":0,"max_hp_gain":0,"max_hp_loss":0,"event_name":"Mushrooms","floor":14,"gold_loss":0},{"damage_healed":0,"gold_gain":0,"player_choice":"Trade","damage_taken":0,"relics_obtained":["GremlinMask"],"max_hp_gain":0,"max_hp_loss":0,"event_name":"FaceTrader","floor":19,"gold_loss":0},{"damage_healed":0,"gold_gain":0,"cards_transformed":["Strike_R"],"player_choice":"Transformed","damage_taken":0,"max_hp_gain":0,"max_hp_loss":0,"event_name":"Transmorgrifier","floor":24,"gold_loss":0,"cards_obtained":["Hemokinesis"]},{"cards_removed":["Strike_R"],"damage_healed":0,"gold_gain":0,"player_choice":"Elegance","damage_taken":0,"max_hp_gain":0,"max_hp_loss":0,"event_name":"Back to Basics","floor":30,"gold_loss":0}],"is_beta":false,"boss_relics":[{"not_picked":["Runic Pyramid","Cursed Key"],"picked":"Ectoplasm"}],"items_purged_floors":[22],"is_endless":false,"potions_floor_spawned":[5,7,10,11,14,16,23,25,27,28],"killed_by":"Automaton","ascension_level":14}