{"gold_per_floor":[115,126,126,126,145,145,173,183,183,202,230,242,272,272,272,369,369,384,191,36,53,65,99,114,146,146,146,46,46,46,65,65,168,168,188,241,241,85,85,116,116,116,143,161,486,586,619,636,636,636,636,636,50,76,76],"floor_reached":55,"playtime":2599,"items_purged":["Strike_R","Strike_R"],"score":1383,"play_id":"b405ac7f-844c-4b2a-ab40-951edfda5bec","local_time":"20181119233432","is_ascension_mode":true,"campfire_choices":[{"data":"Carnage","floor":6.0,"key":"SMITH"},{"data":"Disarm","floor":15.0,"key":"SMITH"},{"floor":27.0,"key":"REST"},{"floor":30.0,"key":"RECALL"},{"data":"Demon Form","floor":32.0,"key":"SMITH"},{"data":"Whirlwind","floor":41.0,"key":"SMITH"},{"floor":49.0,"key":"REST"},{"data":"Enlightenment","floor":52.0,"key":"SMITH"}],"neow_cost":"NONE","seed_source_timestamp":0,"circlet_count":0,"master_deck":["AscendersBane","Defend_R","Defend_R","Defend_R","Defend_R+1","Bash","Carnage+1","Whirlwind+1","Sword Boomerang","Intimidate","Uppercut+1","Disarm+1","Demon Form+1","Thunderclap+1","Metallicize","True Grit+1","Twin Strike+1","Feed","Thunderclap","Impervious","Metallicize","Enlightenment+1","Offering","Metallicize","Dual Wield+1"],"special_seed":0,"relics":["Burning Blood","PreservedInsect","Odd Mushroom","Mercury Hourglass","Busted Crown","Anchor","War Paint","Gremlin Horn","Shuriken","Bag of Marbles","Empty Cage","Whetstone","Pear","Vajra","Old Coin","Torii","Red Skull","Bird Faced Urn","Lee\u0027s Waffle","Art of War"],"potions_floor_usage":[55],"damage_taken":[{"damage":6.0,"enemies":"Jaw Worm","floor":1.0,"turns":6.0},{"damage":0.0,"enemies":"Small Slimes","floor":2.0,"turns":3.0},{"damage":1.0,"enemies":"2 Louse","floor":5.0,"turns":2.0},{"damage":20.0,"enemies":"Gremlin Nob","floor":7.0,"turns":4.0},{"damage":4.0,"enemies":"2 Fungi Beasts","floor":8.0,"turns":3.0},{"damage":16.0,"enemies":"Lots of Slimes","floor":10.0,"turns":3.0},{"damage":12.0,"enemies":"The Mushroom Lair","floor":11.0,"turns":2.0},{"damage":1.0,"enemies":"Looter","floor":12.0,"turns":2.0},{"damage":33.0,"enemies":"3 Sentries","floor":13.0,"turns":9.0},{"damage":28.0,"enemies":"The Guardian","floor":16.0,"turns":13.0},{"damage":31.0,"enemies":"2 Thieves","floor":18.0,"turns":4.0},{"damage":9.0,"enemies":"Shell Parasite","floor":21.0,"turns":5.0},{"damage":0.0,"enemies":"Cultist and Chosen","floor":22.0,"turns":6.0},{"damage":34.0,"enemies":"Slavers","floor":23.0,"turns":4.0},{"damage":13.0,"enemies":"Shelled Parasite and Fungi","floor":24.0,"turns":6.0},{"damage":20.0,"enemies":"Book of Stabbing","floor":25.0,"turns":4.0},{"damage":7.0,"enemies":"Centurion and Healer","floor":31.0,"turns":6.0},{"damage":17.0,"enemies":"Champ","floor":33.0,"turns":7.0},{"damage":19.0,"enemies":"3 Darklings","floor":35.0,"turns":6.0},{"damage":0.0,"enemies":"Reptomancer","floor":40.0,"turns":3.0},{"damage":0.0,"enemies":"Orb Walker","floor":44.0,"turns":3.0},{"damage":6.0,"enemies":"Giant Head","floor":45.0,"turns":6.0},{"damage":6.0,"enemies":"Mind Bloom Boss Battle","floor":46.0,"turns":6.0},{"damage":29.0,"enemies":"Reptomancer","floor":47.0,"turns":7.0},{"damage":20.0,"enemies":"Maw","floor":48.0,"turns":5.0},{"damage":53.0,"enemies":"Time Eater","floor":50.0,"turns":9.0},{"damage":63.0,"enemies":"Shield and Spear","floor":54.0,"turns":5.0},{"damage":67,"enemies":"The Heart","floor":55,"turns":6}],"seed_played":"6858949783926569311","potions_obtained":[{"floor":1.0,"key":"SteroidPotion"},{"floor":7.0,"key":"GamblersBrew"},{"floor":11.0,"key":"AttackPotion"},{"floor":12.0,"key":"Regen Potion"},{"floor":13.0,"key":"Dexterity Potion"},{"floor":14.0,"key":"Regen Potion"},{"floor":22.0,"key":"Dexterity Potion"},{"floor":23.0,"key":"SpeedPotion"},{"floor":33.0,"key":"SkillPotion"},{"floor":44.0,"key":"GamblersBrew"},{"floor":47.0,"key":"Ancient Potion"}],"is_trial":false,"path_per_floor":["M","M","?","?","M","R","E","M","T","M","?","M","E","?","R","B",null,"M","$","$","M","M","M","E","M","E","T","R","$","?","R","M","R","B",null,"M","T","$","$","?","E","R","?","T","M","E","?","E","M","R","B",null,"R","$","E","B"],"character_chosen":"IRONCLAD","items_purchased":["Thunderclap","Metallicize","Anchor","Impervious","Metallicize","Bird Faced Urn","Metallicize","Lee\u0027s Waffle"],"campfire_rested":2,"item_purchase_floors":[19,19,20,38,38,53,53,53],"current_hp_per_floor":[72,78,83,76,81,81,67,69,69,59,53,58,31,31,31,9,66,41,41,41,38,84,56,49,35,35,60,60,60,60,59,59,48,76,63,63,63,63,63,79,79,79,79,85,85,88,65,51,80,33,82,82,105,59,0],"gold":76,"neow_bonus":"REMOVE_CARD","is_prod":false,"is_daily":false,"chose_seed":false,"campfire_upgraded":5,"win_rate":0,"timestamp":1542695672,"path_taken":["M","M","?","?","M","R","E","M","T","M","?","M","E","?","R","BOSS","M","?","$","M","M","E","M","E","T","R","$","?","R","?","R","BOSS","M","?","?","$","?","E","R","?","T","M","E","?","E","M","R","BOSS","R","$","E","BOSS"],"build_version":"2018-11-15","purchased_purges":2,"victory":false,"max_hp_per_floor":[80,80,85,85,85,85,85,85,85,85,85,85,85,85,85,85,85,85,85,85,85,85,85,85,85,85,85,85,85,85,85,85,85,85,85,85,85,85,85,95,95,95,95,95,95,98,98,98,98,98,98,98,105,108,108],"card_choices":[{"not_picked":["Clash","Armaments"],"picked":"Carnage","floor":1.0},{"not_picked":["Power Through","Flex"],"picked":"Whirlwind","floor":2.0},{"not_picked":["Pummel","Clash"],"picked":"Sword Boomerang","floor":5.0},{"not_picked":["Searing Blow","Pommel Strike"],"picked":"Intimidate","floor":7.0},{"not_picked":["Body Slam","Pommel Strike"],"picked":"Flex","floor":8.0},{"not_picked":["Pommel Strike","Infernal Blade"],"picked":"Uppercut","floor":10.0},{"not_picked":["Pommel Strike","Anger"],"picked":"Disarm","floor":12.0},{"not_picked":["Sword Boomerang","Sentinel","Power Through"],"picked":"SKIP","floor":13.0},{"not_picked":["Berserk","Dark Embrace"],"picked":"Demon Form","floor":16.0},{"not_picked":["Wild Strike"],"picked":"SKIP","floor":18.0},{"not_picked":["Warcry"],"picked":"SKIP","floor":21.0},{"not_picked":[],"picked":"True Grit","floor":22.0},{"not_picked":[],"picked":"Twin Strike+1","floor":23.0},{"not_picked":["Anger+1"],"picked":"SKIP","floor":24.0},{"not_picked":["Clash"],"picked":"SKIP","floor":25.0},{"not_picked":["Sentinel"],"picked":"SKIP","floor":31.0},{"not_picked":[],"picked":"Feed","floor":33.0},{"not_picked":["Thunderclap"],"picked":"SKIP","floor":35.0},{"not_picked":[],"picked":"Thunderclap","floor":35.0},{"not_picked":[],"picked":"Enlightenment","floor":39.0},{"not_picked":[],"picked":"Offering","floor":40.0},{"not_picked":["Havoc"],"picked":"SKIP","floor":44.0},{"not_picked":["True Grit"],"picked":"SKIP","floor":45.0},{"not_picked":["Thunderclap+1"],"picked":"SKIP","floor":47.0},{"not_picked":["Sword Boomerang"],"picked":"SKIP","floor":48.0},{"not_picked":[],"picked":"Dual Wield+1","floor":54.0}],"player_experience":630902,"relics_obtained":[{"floor":7.0,"key":"PreservedInsect"},{"floor":11.0,"key":"Odd Mushroom"},{"floor":13.0,"key":"Mercury Hourglass"},{"floor":23.0,"key":"War Paint"},{"floor":25.0,"key":"Gremlin Horn"},{"floor":26.0,"key":"Shuriken"},{"floor":36.0,"key":"Whetstone"},{"floor":40.0,"key":"Pear"},{"floor":43.0,"key":"Vajra"},{"floor":45.0,"key":"Old Coin"},{"floor":46.0,"key":"Torii"},{"floor":47.0,"key":"Red Skull"},{"floor":54.0,"key":"Art of War"}],"event_choices":[{"damage_healed":0.0,"max_hp_gain":5.0,"max_hp_loss":0.0,"gold_gain":0.0,"event_name":"Big Fish","player_choice":"Donut","floor":3.0,"gold_loss":0.0,"damage_taken":0.0},{"cards_removed":["Strike_R"],"damage_healed":0.0,"max_hp_gain":0.0,"max_hp_loss":0.0,"gold_gain":0.0,"event_name":"Golden Wing","player_choice":"Card Removal","floor":4.0,"gold_loss":0.0,"damage_taken":7.0},{"damage_healed":0.0,"max_hp_gain":0.0,"max_hp_loss":0.0,"gold_gain":0.0,"event_name":"Mushrooms","player_choice":"Fought Mushrooms","floor":11.0,"gold_loss":0.0,"damage_taken":0.0},{"damage_healed":0.0,"max_hp_gain":0.0,"max_hp_loss":0.0,"gold_gain":0.0,"event_name":"Lab","player_choice":"Got Potions","floor":14.0,"gold_loss":0.0,"damage_taken":0.0},{"damage_healed":0.0,"max_hp_gain":0.0,"max_hp_loss":0.0,"gold_gain":0.0,"event_name":"WeMeetAgain","player_choice":"Gave Potion","floor":29.0,"gold_loss":0.0,"damage_taken":0.0,"relics_obtained":["Bag of Marbles"]},{"damage_healed":0.0,"max_hp_gain":0.0,"max_hp_loss":0.0,"gold_gain":0.0,"event_name":"SensoryStone","player_choice":"Memory 1","floor":39.0,"gold_loss":0.0,"damage_taken":0.0},{"damage_healed":0.0,"max_hp_gain":0.0,"max_hp_loss":0.0,"gold_gain":0.0,"event_name":"Tomb of Lord Red Mask","player_choice":"Ignored","floor":42.0,"gold_loss":0.0,"damage_taken":0.0},{"damage_healed":0.0,"max_hp_gain":0.0,"max_hp_loss":0.0,"gold_gain":0.0,"event_name":"MindBloom","player_choice":"Fight","floor":46.0,"gold_loss":0.0,"damage_taken":0.0}],"is_beta":false,"boss_relics":[{"not_picked":["Orrery","Cursed Key"],"picked":"Busted Crown"},{"not_picked":["Tiny House","Runic Cube"],"picked":"Empty Cage"}],"items_purged_floors":[19,28],"is_endless":false,"potions_floor_spawned":[1,7,11,12,13,18,22,23,33,44,46,47],"killed_by":"The Heart","ascension_level":12}