{"gold_per_floor":[111,111,135,151,9,49,49,49,49,13,13,37,37,52,52,178,178,192,192,192,205,217,217,227,197,278,303,322,322,11,23,23,121,121,138,151,151,166,0,0,13,28,28,28,28,28,28,41,41,41],"floor_reached":51,"playtime":2437,"items_purged":[],"score":880,"play_id":"83ea77ff-a32a-4696-917a-1fa7821da4a1","local_time":"20190316200254","is_ascension_mode":true,"campfire_choices":[{"floor":7,"key":"REST"},{"floor":13,"key":"REST"},{"data":"Corruption","floor":15,"key":"SMITH"},{"floor":23,"key":"REST"},{"floor":29,"key":"REST"},{"floor":32,"key":"REST"},{"floor":40,"key":"REST"},{"data":"Juggernaut","floor":47,"key":"SMITH"},{"floor":49,"key":"REST"}],"neow_cost":"NONE","seed_source_timestamp":155093106479016,"circlet_count":0,"master_deck":["Strike_R","Strike_R","Strike_R","Defend_R","Defend_R","Defend_R","Defend_R","Bash","Immolate","Sword Boomerang","Sword Boomerang","Limit Break","Corruption+1","Disarm+1","Dark Embrace","Second Wind","Feel No Pain","Shrug It Off","Sever Soul","Juggernaut+1","True Grit","Hemokinesis","Spot Weakness","Flame Barrier","Second Wind+1","Double Tap","Disarm","Warcry+1","Juggernaut","Flame Barrier","Exhume","Entrench+1","Infernal Blade","Flame Barrier+1","Heavy Blade"],"relics":["Burning Blood","Bloody Idol","Turnip","Dead Branch","Philosopher\u0027s Stone","Mercury Hourglass","Dream Catcher","War Paint","Busted Crown","Red Mask","Pantograph","Toxic Egg 2"],"potions_floor_usage":[12,12,16,16,18,18,24,27,50],"damage_taken":[{"damage":5,"enemies":"Small Slimes","floor":1,"turns":3},{"damage":7,"enemies":"2 Louse","floor":3,"turns":3},{"damage":2,"enemies":"Jaw Worm","floor":4,"turns":3},{"damage":50,"enemies":"3 Sentries","floor":6,"turns":5},{"damage":18,"enemies":"Gremlin Gang","floor":12,"turns":6},{"damage":5,"enemies":"Looter","floor":14,"turns":5},{"damage":15,"enemies":"Hexaghost","floor":16,"turns":10},{"damage":36,"enemies":"Shell Parasite","floor":18,"turns":4},{"damage":0,"enemies":"3 Byrds","floor":21,"turns":3},{"damage":30,"enemies":"3 Cultists","floor":22,"turns":5},{"damage":29,"enemies":"Centurion and Healer","floor":24,"turns":5},{"damage":9,"enemies":"Gremlin Leader","floor":27,"turns":5},{"damage":9,"enemies":"Cultist and Chosen","floor":28,"turns":6},{"damage":25,"enemies":"Snake Plant","floor":31,"turns":5},{"damage":5,"enemies":"Champ","floor":33,"turns":9},{"damage":17,"enemies":"3 Darklings","floor":35,"turns":3},{"damage":4,"enemies":"3 Shapes","floor":36,"turns":3},{"damage":46,"enemies":"Jaw Worm Horde","floor":38,"turns":4},{"damage":11,"enemies":"4 Shapes","floor":41,"turns":6},{"damage":7,"enemies":"Maw","floor":42,"turns":5},{"damage":42,"enemies":"Spire Growth","floor":48,"turns":6},{"damage":38,"enemies":"Time Eater","floor":50,"turns":8}],"seed_played":"3833950436800379392","potions_obtained":[{"floor":4,"key":"PowerPotion"},{"floor":6,"key":"Ancient Potion"},{"floor":11,"key":"Block Potion"},{"floor":11,"key":"EntropicBrew"},{"floor":16,"key":"Energy Potion"},{"floor":18,"key":"Ancient Potion"},{"floor":25,"key":"FairyPotion"},{"floor":25,"key":"PowerPotion"},{"floor":28,"key":"BloodPotion"}],"is_trial":false,"path_per_floor":["?","?","?","M","?","?","M","?","M","?","?","?","?","T"],"character_chosen":"IRONCLAD","items_purchased":["Corruption","Disarm","Feel No Pain","Juggernaut","War Paint"],"campfire_rested":7,"item_purchase_floors":[5,5,10,30,30],"current_hp_per_floor":[80,74,73,74,74,30,52,52,52,52,52,40,62,63,63,54,69,39,39,39,50,31,53,35,35,40,42,44,66,66,52,74,74,74,68,74,74,39,39,61,61,65,65,65,65,65,65,34,55,45],"gold":41,"neow_bonus":"ONE_RANDOM_RARE_CARD","is_prod":false,"is_daily":false,"chose_seed":false,"campfire_upgraded":2,"win_rate":0,"timestamp":1552762974,"path_taken":["M","?","M","M","$","E","R","?","T","$","?","M","R","?","R","BOSS","M","?","?","?","M","R","M","?","T","E","M","R","$","?","R","BOSS","M","M","?","M","?","R","M","M","T","?","?","?","R","M","R","BOSS"],"build_version":"2019-01-23","purchased_purges":0,"victory":true,"max_hp_per_floor":[80,74,74,74,74,74,74,74,74,74,74,74,74,74,74,74,74,74,74,74,74,74,74,74,74,74,74,74,74,74,74,74,74,74,74,74,74,74,74,74,74,74,74,70,70,70,70,70,70,70],"card_choices":[{"not_picked":["Wild Strike","Cleave"],"picked":"Sword Boomerang","floor":1},{"not_picked":["Anger","Carnage"],"picked":"Sword Boomerang","floor":3},{"not_picked":["Headbutt","Shrug It Off"],"picked":"Limit Break","floor":4},{"not_picked":["Twin Strike","Pummel"],"picked":"Dark Embrace","floor":6},{"not_picked":["Pommel Strike","Seeing Red"],"picked":"Shrug It Off","floor":12},{"not_picked":["Entrench","Armaments"],"picked":"Sever Soul","floor":14},{"not_picked":["Double Tap","Impervious"],"picked":"Juggernaut","floor":16},{"not_picked":["Headbutt","Cleave"],"picked":"True Grit","floor":18},{"not_picked":["Twin Strike+1","Cleave+1"],"picked":"Spot Weakness","floor":21},{"not_picked":["Burning Pact","Warcry"],"picked":"Flame Barrier","floor":22},{"not_picked":["Iron Wave","Inflame"],"picked":"Second Wind","floor":24},{"not_picked":["Body Slam+1","Armaments"],"picked":"Double Tap","floor":27},{"not_picked":["Warcry","Inflame"],"picked":"Disarm","floor":28},{"not_picked":["Wild Strike","Whirlwind+1"],"picked":"Warcry+1","floor":29},{"not_picked":["Headbutt","Seeing Red","Pommel Strike+1"],"picked":"SKIP","floor":31},{"not_picked":["Disarm","Burning Pact+1"],"picked":"Flame Barrier","floor":32},{"not_picked":["Offering","Fiend Fire"],"picked":"Exhume","floor":33},{"not_picked":[],"picked":"Entrench+1","floor":35},{"not_picked":[],"picked":"Flame Barrier","floor":36},{"not_picked":[],"picked":"Infernal Blade","floor":38},{"not_picked":[],"picked":"Flame Barrier+1","floor":41},{"not_picked":["Inflame+1"],"picked":"SKIP","floor":42},{"not_picked":[],"picked":"Heavy Blade","floor":48}],"player_experience":352561,"relics_obtained":[{"floor":6,"key":"Turnip"},{"floor":9,"key":"Dead Branch"},{"floor":26,"key":"Mercury Hourglass"},{"floor":27,"key":"Dream Catcher"},{"floor":43,"key":"Pantograph"},{"floor":46,"key":"Toxic Egg 2"}],"event_choices":[{"damage_healed":0,"gold_gain":0,"player_choice":"Lose Max HP","damage_taken":0,"relics_obtained":["Golden Idol"],"max_hp_gain":0,"max_hp_loss":6,"event_name":"Golden Idol","floor":2,"gold_loss":0},{"damage_healed":0,"gold_gain":0,"cards_transformed":["Strike_R"],"player_choice":"Change","damage_taken":0,"max_hp_gain":0,"max_hp_loss":0,"event_name":"Living Wall","floor":8,"gold_loss":0,"cards_obtained":["Second Wind"]},{"damage_healed":0,"gold_gain":0,"player_choice":"Got Potions","damage_taken":0,"max_hp_gain":0,"max_hp_loss":0,"event_name":"Lab","floor":11,"gold_loss":0},{"damage_healed":0,"gold_gain":0,"player_choice":"Gave Idol","damage_taken":0,"relics_obtained":["Bloody Idol"],"max_hp_gain":0,"max_hp_loss":0,"event_name":"Forgotten Altar","floor":19,"relics_lost":["Golden Idol"],"gold_loss":0},{"damage_healed":0,"gold_gain":0,"cards_transformed":["Strike_R"],"player_choice":"Transformed","damage_taken":0,"max_hp_gain":0,"max_hp_loss":0,"event_name":"Transmorgrifier","floor":20,"gold_loss":0,"cards_obtained":["Hemokinesis"]},{"damage_healed":0,"gold_gain":0,"player_choice":"Bought 2 Potions","damage_taken":0,"max_hp_gain":0,"max_hp_loss":0,"event_name":"The Woman in Blue","floor":25,"gold_loss":0},{"cards_removed":["Flame Barrier"],"damage_healed":0,"gold_gain":0,"player_choice":"Removed Skill","damage_taken":0,"max_hp_gain":0,"max_hp_loss":0,"event_name":"Falling","floor":37,"gold_loss":0},{"damage_healed":0,"gold_gain":0,"player_choice":"Paid","damage_taken":0,"relics_obtained":["Red Mask"],"max_hp_gain":0,"max_hp_loss":0,"event_name":"Tomb of Lord Red Mask","floor":39,"gold_loss":166},{"damage_healed":0,"gold_gain":0,"player_choice":"Max HP","damage_taken":0,"max_hp_gain":0,"max_hp_loss":4,"event_name":"Winding Halls","floor":44,"gold_loss":0},{"damage_healed":0,"gold_gain":0,"player_choice":"Ignored","damage_taken":0,"max_hp_gain":0,"max_hp_loss":0,"event_name":"Mysterious Sphere","floor":45,"gold_loss":0}],"is_beta":false,"boss_relics":[{"not_picked":["Calling Bell","White Beast Statue"],"picked":"Philosopher\u0027s Stone"},{"not_picked":["Sozu","Snecko Eye"],"picked":"Busted Crown"}],"items_purged_floors":[],"is_endless":false,"potions_floor_spawned":[4,6,16,18,28,33,36,38,41],"ascension_level":5}