{"gold_per_floor":[118,118,138,138,138,138,173,173,173,194,209,35,54,68,68,194,194,215,215,228,64,64],"floor_reached":22,"playtime":697,"items_purged":[],"score":279,"play_id":"c8a6d18e-3faf-4558-86b9-b4480aeb1ab8","local_time":"20180830012414","is_ascension_mode":true,"campfire_choices":[{"data":"Dualcast","floor":6,"key":"SMITH"},{"floor":8,"key":"REST"},{"data":"Loop","floor":15,"key":"SMITH"}],"neow_cost":"NONE","seed_source_timestamp":916133339213117,"circlet_count":0,"master_deck":["Strike_B+1","Strike_B","Strike_B+1","Defend_B","Defend_B","Defend_B","Defend_B","Zap","Dualcast+1","AscendersBane","Ball Lightning","Doom and Gloom","Biased Cognition","Leap","Self Repair","Redo","Sweeping Beam","Coolheaded","Conserve Battery","Loop+1","Creative AI","Conserve Battery","Coolheaded","Capacitor","Impatience"],"relics":["Cracked Core","Golden Idol","Anchor","Question Card","Lantern","Busted Crown","Oddly Smooth Stone"],"potions_floor_usage":[7,16,18],"damage_taken":[{"damage":2,"enemies":"Jaw Worm","floor":1,"turns":3},{"damage":0,"enemies":"2 Louse","floor":3,"turns":2},{"damage":24,"enemies":"Gremlin Nob","floor":7,"turns":4},{"damage":6,"enemies":"Cultist","floor":10,"turns":3},{"damage":0,"enemies":"3 Louse","floor":11,"turns":2},{"damage":2,"enemies":"Large Slime","floor":13,"turns":4},{"damage":0,"enemies":"Blue Slaver","floor":14,"turns":2},{"damage":22,"enemies":"Slime Boss","floor":16,"turns":10},{"damage":0,"enemies":"Chosen","floor":18,"turns":5},{"damage":32,"enemies":"2 Thieves","floor":20,"turns":4},{"damage":44,"enemies":"3 Cultists","floor":22,"turns":4}],"seed_played":"-2498203538656330050","potions_obtained":[{"floor":3,"key":"SkillPotion"},{"floor":10,"key":"Strength Potion"},{"floor":11,"key":"Dexterity Potion"},{"floor":16,"key":"Block Potion"}],"is_trial":false,"path_per_floor":["M","?","M","?","?","R","E","R","T","M","M","$","M","M","R","B",null,"M","?","M","$"],"character_chosen":"DEFECT","items_purchased":["Coolheaded","Lantern","Capacitor","Impatience"],"campfire_rested":1,"item_purchase_floors":[12,12,21,21],"current_hp_per_floor":[66,48,48,48,33,33,9,31,31,32,32,32,37,37,37,22,62,69,69,44,44,0],"gold":64,"neow_bonus":"THREE_CARDS","is_prod":false,"is_daily":false,"chose_seed":false,"campfire_upgraded":2,"win_rate":0,"timestamp":1535613854,"path_taken":["M","?","M","?","?","R","E","R","T","?","M","?","M","M","R","BOSS","M","?","?","$","M"],"build_version":"2018-08-23v2","purchased_purges":0,"victory":false,"max_hp_per_floor":[75,75,75,75,75,75,75,75,75,75,75,75,75,75,75,75,75,75,75,75,75,75],"card_choices":[{"not_picked":["Coolheaded","Doom and Gloom"],"picked":"Ball Lightning","floor":0},{"not_picked":["Barrage","Gash"],"picked":"Doom and Gloom","floor":1},{"not_picked":["Steam","Barrage"],"picked":"Biased Cognition","floor":3},{"not_picked":["Static Discharge","Stack"],"picked":"Self Repair","floor":7},{"not_picked":["Barrage","Doom and Gloom","Melter"],"picked":"Redo","floor":10},{"not_picked":["Melter","Undo","Turbo"],"picked":"Sweeping Beam","floor":11},{"not_picked":["Rebound","Stack","Self Repair"],"picked":"Conserve Battery","floor":13},{"not_picked":["Reboot","Ball Lightning","Compile Driver"],"picked":"Loop","floor":14},{"not_picked":["Seek","Amplify","Machine Learning"],"picked":"Creative AI","floor":16},{"not_picked":["White Noise"],"picked":"Conserve Battery","floor":18},{"not_picked":["Steam"],"picked":"Coolheaded","floor":20}],"player_experience":437867,"relics_obtained":[{"floor":7,"key":"Anchor"},{"floor":9,"key":"Question Card"}],"event_choices":[{"event_name":"Golden Idol","player_choice":"Take Damage","floor":2,"damage_taken":0},{"event_name":"Transmorgrifier","player_choice":"Transform","floor":4,"damage_taken":0},{"event_name":"Shining Light","player_choice":"Entered Light","floor":5,"damage_taken":0},{"event_name":"The Mausoleum","player_choice":"Yes","floor":19,"damage_taken":0}],"is_beta":false,"boss_relics":[{"not_picked":["FrozenCore","Velvet Choker"],"picked":"Busted Crown"}],"items_purged_floors":[],"is_endless":false,"potions_floor_spawned":[3,10,11,16],"killed_by":"3 Cultists","ascension_level":10}