{"gold_per_floor":[110,124,124,124,140,140,155,171,223,249,267,295,295,245,245,345,345,319,319,319,334,334],"floor_reached":22,"playtime":987,"items_purged":[],"score":196,"play_id":"37b21755-1f66-40d3-8cd6-96f43c264c10","local_time":"20180707015333","is_ascension_mode":false,"campfire_choices":[{"data":"Cloak And Dagger","floor":6,"key":"SMITH"},{"data":"Riddle With Holes","floor":13,"key":"SMITH"},{"floor":15,"key":"REST"}],"neow_cost":"","seed_source_timestamp":458464753120720,"circlet_count":0,"master_deck":["Defend_G","Defend_G","Defend_G","Defend_G","Strike_G","Strike_G","Strike_G","Strike_G","Survivor","Neutralize","Cloak And Dagger+1","Riddle With Holes+1","Catalyst","Burst","Footwork","Quick Slash","Infinite Blades","Prepared","Blur","Night Terror","Slice","Setup"],"special_seed":17719,"relics":["Ring of the Snake","Shuriken","Omamori","Oddly Smooth Stone","The Specimen","Black Star","SsserpentHead"],"potions_floor_usage":[8,10,12],"damage_taken":[{"damage":0,"enemies":"Jaw Worm","floor":1,"turns":5},{"damage":0,"enemies":"Small Slimes","floor":2,"turns":3},{"damage":10,"enemies":"2 Louse","floor":5,"turns":3},{"damage":0,"enemies":"Blue Slaver","floor":7,"turns":3},{"damage":0,"enemies":"2 Fungi Beasts","floor":8,"turns":4},{"damage":9,"enemies":"3 Sentries","floor":10,"turns":7},{"damage":1,"enemies":"Looter","floor":11,"turns":3},{"damage":12,"enemies":"Gremlin Nob","floor":12,"turns":4},{"damage":24,"enemies":"Slime Boss","floor":16,"turns":10},{"damage":15,"enemies":"2 Thieves","floor":18,"turns":5},{"damage":28,"enemies":"Spheric Guardian","floor":21,"turns":6},{"damage":28,"enemies":"Snake Plant","floor":22,"turns":4}],"seed_played":"-5610983590349585426","potions_obtained":[{"floor":5,"key":"GhostInAJar"},{"floor":8,"key":"Fire Potion"},{"floor":10,"key":"Explosive Potion"},{"floor":16,"key":"SpeedPotion"},{"floor":18,"key":"AttackPotion"}],"is_trial":false,"path_per_floor":["M","M","?","?","M","R","M","M","T","E","M","E","R","?","R","B",null,"M","?","?","M"],"character_chosen":"THE_SILENT","items_purchased":[],"campfire_rested":1,"item_purchase_floors":[],"current_hp_per_floor":[70,70,70,58,48,48,48,48,48,39,38,26,26,26,47,23,70,55,55,55,27,0],"gold":334,"neow_bonus":"","is_prod":false,"is_daily":false,"chose_seed":false,"campfire_upgraded":2,"win_rate":0.0,"timestamp":1530950013,"path_taken":["M","M","?","?","M","R","M","M","T","E","M","E","R","?","R","BOSS","M","?","?","M","M"],"build_version":"2018-07-05","purchased_purges":0,"victory":false,"max_hp_per_floor":[70,70,70,70,70,70,70,70,70,70,70,70,70,70,70,70,70,70,70,70,70,70],"card_choices":[{"not_picked":["Eviscerate","Dodge and Roll"],"picked":"Cloak And Dagger","floor":1},{"not_picked":["Underhanded Strike","Acrobatics"],"picked":"Riddle With Holes","floor":2},{"not_picked":["Choke","Acrobatics"],"picked":"Burst","floor":5},{"not_picked":["Concentrate","Well Laid Plans"],"picked":"Footwork","floor":7},{"not_picked":["Acrobatics","Dodge and Roll"],"picked":"Quick Slash","floor":8},{"not_picked":["Outmaneuver","Dagger Spray"],"picked":"Infinite Blades","floor":10},{"not_picked":["Calculated Gamble","Flechettes"],"picked":"Prepared","floor":11},{"not_picked":["Cloak And Dagger","Calculated Gamble"],"picked":"Blur","floor":12},{"not_picked":["Grand Finale","A Thousand Cuts"],"picked":"Night Terror","floor":16},{"not_picked":["Prepared","Catalyst"],"picked":"Slice","floor":18},{"not_picked":["Bane","Caltrops+1"],"picked":"Setup","floor":21}],"player_experience":157045,"relics_obtained":[{"floor":9,"key":"Omamori"},{"floor":10,"key":"Oddly Smooth Stone"},{"floor":12,"key":"The Specimen"}],"event_choices":[{"event_name":"Living Wall","player_choice":"Change","floor":3,"damage_taken":0},{"event_name":"Scrap Ooze","player_choice":"success","floor":4,"damage_taken":12},{"event_name":"The Cleric","player_choice":"Card Removal","floor":14,"damage_taken":0},{"event_name":"FaceTrader","player_choice":"Trade","floor":19,"damage_taken":0},{"event_name":"The Joust","player_choice":"Bet on Owner","floor":20,"damage_taken":0}],"boss_relics":[{"not_picked":["Runic Pyramid","White Beast Statue"],"picked":"Black Star"}],"items_purged_floors":[],"is_endless":false,"potions_floor_spawned":[5,8,10,16,18],"killed_by":"Snake Plant","ascension_level":0}