{"gold_per_floor":[119,119,137,196,196,196,12,74,74,84,84,114,125,156,156,253,253,263,277,156,156,4,39,39,39,88,88,101,111,131,56,56,159,159,170,170,97,97,108,108,118,118],"floor_reached":42,"playtime":2404,"items_purged":["Strike_B"],"score":424,"play_id":"b6ac1f1f-5465-4454-ba96-cfc4f0c97a89","local_time":"20190308112212","is_ascension_mode":false,"campfire_choices":[{"floor":6,"key":"REST"},{"data":"Ball Lightning","floor":11,"key":"SMITH"},{"floor":15,"key":"REST"},{"floor":25,"key":"REST"},{"floor":27,"key":"REST"},{"floor":32,"key":"REST"},{"floor":40,"key":"REST"}],"neow_cost":"NONE","seed_source_timestamp":982270578924072,"circlet_count":0,"master_deck":["Defend_B+1","Defend_B+1","Zap+1","Dualcast","Melter","Go for the Eyes","Defragment","Ball Lightning+1","Ball Lightning","Thunder Strike","Go for the Eyes","Undo","All For One","Reprogram","Turbo+1","Leap","Leap+1","Double Energy+1","Stack+1","Echo Form","Cold Snap+1","BootSequence+1","Loop+1","Melter+1","Madness","Madness","Defragment","Streamline","Sunder+1"],"relics":["Cracked Core","NeowsBlessing","Ice Cream","Orichalcum","Blood Vial","Dodecahedron","War Paint","Sundial","Nuclear Battery","Vajra","Darkstone Periapt","Anchor","Astrolabe"],"potions_floor_usage":[16,23,33,33,33,42],"damage_taken":[{"damage":0,"enemies":"Small Slimes","floor":1,"turns":1},{"damage":0,"enemies":"Jaw Worm","floor":3,"turns":1},{"damage":0,"enemies":"3 Sentries","floor":8,"turns":1},{"damage":0,"enemies":"Cultist","floor":10,"turns":2},{"damage":13,"enemies":"Gremlin Nob","floor":12,"turns":3},{"damage":5,"enemies":"Lots of Slimes","floor":13,"turns":3},{"damage":13,"enemies":"3 Sentries","floor":14,"turns":5},{"damage":42,"enemies":"Hexaghost","floor":16,"turns":9},{"damage":11,"enemies":"3 Byrds","floor":18,"turns":4},{"damage":3,"enemies":"Shell Parasite","floor":19,"turns":4},{"damage":58,"enemies":"Slavers","floor":23,"turns":6},{"damage":10,"enemies":"Cultist and Chosen","floor":28,"turns":5},{"damage":9,"enemies":"Snake Plant","floor":29,"turns":4},{"damage":7,"enemies":"Shelled Parasite and Fungi","floor":30,"turns":4},{"damage":33,"enemies":"Collector","floor":33,"turns":10},{"damage":44,"enemies":"3 Shapes","floor":35,"turns":5},{"damage":15,"enemies":"Orb Walker","floor":39,"turns":4},{"damage":32,"enemies":"4 Shapes","floor":41,"turns":4},{"damage":3,"enemies":"3 Darklings","floor":42,"turns":2}],"seed_played":"5973904215041447353","potions_obtained":[{"floor":1,"key":"Strength Potion"},{"floor":12,"key":"Swift Potion"},{"floor":13,"key":"AttackPotion"},{"floor":16,"key":"Strength Potion"},{"floor":29,"key":"Regen Potion"},{"floor":33,"key":"Energy Potion"},{"floor":35,"key":"PowerPotion"}],"is_trial":false,"path_per_floor":["M","?","M","?","?","R","$","?","T","M","R","E","M","E","R","B",null,"M","M","$","?","$","E","$","R","T","R","M","M","M","?","R","B",null,"M","?","$","?","M","R","M","M"],"character_chosen":"DEFECT","items_purchased":["Defragment","Orichalcum","Leap","Vajra","Defragment"],"campfire_rested":6,"item_purchase_floors":[7,7,20,22,37],"current_hp_per_floor":[75,63,63,63,63,75,75,75,75,75,75,62,59,48,70,30,75,64,63,63,63,63,7,7,29,29,51,43,36,31,31,53,37,75,31,22,22,22,9,31,1,0],"gold":118,"neow_bonus":"THREE_ENEMY_KILL","is_prod":false,"is_daily":false,"chose_seed":false,"campfire_upgraded":1,"win_rate":0,"timestamp":1552054932,"path_taken":["M","?","M","?","?","R","$","?","T","M","R","E","M","E","R","BOSS","M","M","$","?","$","E","$","R","T","R","?","?","M","?","R","BOSS","M","?","$","?","?","R","M","M"],"build_version":"2019-01-23","purchased_purges":1,"victory":false,"max_hp_per_floor":[75,75,75,75,75,75,75,75,75,75,75,75,75,75,75,75,75,75,75,75,75,75,75,75,75,75,75,75,75,75,75,75,75,75,75,75,75,75,75,75,75,75],"card_choices":[{"not_picked":["Redo","Gash"],"picked":"Melter","floor":1},{"not_picked":["Redo","Loop"],"picked":"Go for the Eyes","floor":3},{"not_picked":["Storm","Redo"],"picked":"Ball Lightning","floor":8},{"not_picked":["Sweeping Beam","Rebound"],"picked":"Ball Lightning","floor":10},{"not_picked":["Heatsinks","Coolheaded"],"picked":"Thunder Strike","floor":12},{"not_picked":["Steam Power","Compile Driver"],"picked":"Go for the Eyes","floor":13},{"not_picked":["Redo","Go for the Eyes"],"picked":"Undo","floor":14},{"not_picked":["Creative AI","Rainbow"],"picked":"All For One","floor":16},{"not_picked":["Rebound","Streamline"],"picked":"Reprogram","floor":18},{"not_picked":["Go for the Eyes","Ball Lightning+1"],"picked":"Turbo+1","floor":19},{"not_picked":["Turbo","Beam Cell"],"picked":"Leap","floor":23},{"not_picked":["Gash","Chaos"],"picked":"Leap+1","floor":28},{"not_picked":["Aggregate","Doom and Gloom+1"],"picked":"Double Energy+1","floor":29},{"not_picked":["Steam+1","Cold Snap"],"picked":"Stack+1","floor":30},{"not_picked":["Biased Cognition","Creative AI"],"picked":"Echo Form","floor":33},{"not_picked":["Ball Lightning","Beam Cell"],"picked":"Melter+1","floor":35},{"not_picked":["Blizzard+1","Sweeping Beam+1"],"picked":"Streamline","floor":39},{"not_picked":["Glacier+1","Streamline"],"picked":"Sunder+1","floor":41}],"player_experience":46759,"relics_obtained":[{"floor":8,"key":"Blood Vial"},{"floor":9,"key":"Dodecahedron"},{"floor":12,"key":"War Paint"},{"floor":14,"key":"Sundial"},{"floor":23,"key":"Darkstone Periapt"},{"floor":26,"key":"Anchor"}],"event_choices":[{"damage_healed":0,"gold_gain":0,"player_choice":"Success","damage_taken":12,"relics_obtained":["Ice Cream"],"max_hp_gain":0,"max_hp_loss":0,"event_name":"Scrap Ooze","floor":2,"gold_loss":0},{"damage_healed":0,"gold_gain":59,"player_choice":"Gained Gold","damage_taken":0,"max_hp_gain":0,"max_hp_loss":0,"event_name":"Golden Wing","floor":4,"gold_loss":0},{"damage_healed":0,"gold_gain":0,"player_choice":"Grow","damage_taken":0,"max_hp_gain":0,"max_hp_loss":0,"event_name":"Living Wall","floor":5,"gold_loss":0,"cards_upgraded":["Zap"]},{"damage_healed":0,"gold_gain":0,"player_choice":"Searched \u00271\u0027 times","damage_taken":0,"max_hp_gain":0,"max_hp_loss":0,"event_name":"Dead Adventurer","floor":8,"gold_loss":0},{"cards_removed":["Strike_B"],"damage_healed":0,"gold_gain":0,"player_choice":"Purged","damage_taken":0,"max_hp_gain":0,"max_hp_loss":0,"event_name":"Purifier","floor":21,"gold_loss":0},{"cards_removed":["Defend_B"],"damage_healed":0,"gold_gain":0,"player_choice":"Gave Gold","damage_taken":0,"max_hp_gain":0,"max_hp_loss":0,"event_name":"Beggar","floor":31,"gold_loss":75},{"damage_healed":0,"gold_gain":0,"player_choice":"Embrace Madness","damage_taken":9,"max_hp_gain":0,"max_hp_loss":0,"event_name":"Winding Halls","floor":36,"gold_loss":0,"cards_obtained":["Madness","Madness"]},{"cards_removed":["Leap"],"damage_healed":0,"gold_gain":0,"player_choice":"Removed Skill","damage_taken":0,"max_hp_gain":0,"max_hp_loss":0,"event_name":"Falling","floor":38,"gold_loss":0}],"is_beta":false,"boss_relics":[{"not_picked":["FrozenCore","White Beast Statue"],"picked":"Nuclear Battery"},{"not_picked":["Sozu","Orrery"],"picked":"Astrolabe"}],"items_purged_floors":[20],"is_endless":false,"potions_floor_spawned":[1,12,13,16,19,29,33,35],"killed_by":"3 Darklings","ascension_level":0}