{"gold_per_floor":[111,124,124,144,158,158,186,186,186,204,219,219,24,24,24,128,128,113,113,28,41,53,53,65,65,65,92,106,106,106,39,39,39],"floor_reached":33,"playtime":1266,"items_purged":[],"score":385,"play_id":"b575d198-574c-4c0d-991a-621df5c375be","local_time":"20181108130420","is_ascension_mode":true,"campfire_choices":[{"data":"Trip","floor":6.0,"key":"SMITH"},{"data":"Crippling Poison","floor":8.0,"key":"SMITH"},{"floor":12.0,"key":"REST"},{"data":"Bouncing Flask","floor":15.0,"key":"SMITH"},{"floor":23,"key":"REST"},{"data":"Footwork","floor":30,"key":"SMITH"},{"data":"Footwork","floor":32,"key":"SMITH"}],"neow_cost":"NONE","seed_source_timestamp":3076969879645902,"circlet_count":0,"master_deck":["Defend_G","Defend_G","Defend_G","Defend_G","Defend_G","Strike_G","Strike_G","Strike_G","Strike_G","Strike_G","Survivor","Neutralize","Trip+1","Slice","Poisoned Stab","Bouncing Flask+1","Quick Slash","Crippling Poison+1","Bullet Time","PiercingWail","Backflip","Bullet Time","Backflip","Footwork+1","Poisoned Stab","Deadly Poison","Escape Plan+1","Bane+1","Writhe","Doubt","Prepared+1","Footwork+1"],"special_seed":0,"relics":["Ring of the Snake","Lantern","Dream Catcher","ClockworkSouvenir","Cursed Key","Darkstone Periapt","Singing Bowl","Pear","Orichalcum","MutagenicStrength"],"potions_floor_usage":[24,24],"damage_taken":[{"damage":3.0,"enemies":"Jaw Worm","floor":1.0,"turns":4.0},{"damage":4.0,"enemies":"2 Louse","floor":2.0,"turns":4.0},{"damage":3.0,"enemies":"Small Slimes","floor":4.0,"turns":3.0},{"damage":8.0,"enemies":"Exordium Wildlife","floor":5.0,"turns":4.0},{"damage":12.0,"enemies":"Gremlin Nob","floor":7.0,"turns":3.0},{"damage":14.0,"enemies":"Large Slime","floor":10.0,"turns":5.0},{"damage":1.0,"enemies":"2 Fungi Beasts","floor":11.0,"turns":4.0},{"damage":12.0,"enemies":"The Guardian","floor":16.0,"turns":9.0},{"damage":5.0,"enemies":"2 Thieves","floor":18.0,"turns":4.0},{"damage":31.0,"enemies":"Chosen","floor":21.0,"turns":5.0},{"damage":18,"enemies":"Snake Plant","floor":22,"turns":4},{"damage":27,"enemies":"Cultist and Chosen","floor":24,"turns":9},{"damage":14,"enemies":"Slavers","floor":27,"turns":6},{"damage":10,"enemies":"3 Cultists","floor":28,"turns":5},{"damage":93,"enemies":"Collector","floor":33,"turns":7}],"seed_played":"3844959248514991191","potions_obtained":[{"floor":4.0,"key":"Regen Potion"},{"floor":5.0,"key":"FairyPotion"},{"floor":7.0,"key":"EssenceOfSteel"},{"floor":21.0,"key":"Explosive Potion"},{"floor":22,"key":"Regen Potion"},{"floor":27,"key":"Strength Potion"}],"is_trial":false,"path_per_floor":["M","M","?","M","M","R","E","R","T","M","M","R","$","?","R","B",null,"M","?","?","M","M","R","M","?","T","E","M","?","R","$","R","B"],"character_chosen":"THE_SILENT","items_purchased":["ClockworkSouvenir","Footwork"],"campfire_rested":2,"item_purchase_floors":[13,31],"current_hp_per_floor":[60,56,56,53,45,45,33,33,33,19,18,39,39,39,39,27,59,54,54,54,23,5,26,53,59,75,61,53,53,53,53,53,0],"gold":39,"neow_bonus":"RANDOM_COLORLESS","is_prod":false,"is_daily":false,"chose_seed":false,"campfire_upgraded":5,"win_rate":0,"timestamp":1541707460,"path_taken":["M","M","?","M","M","R","E","R","T","M","M","R","$","?","R","BOSS","M","?","?","M","M","R","M","?","T","E","M","?","R","$","R","BOSS"],"build_version":"2018-11-01","purchased_purges":0,"victory":false,"max_hp_per_floor":[70,70,70,70,70,70,70,70,70,70,70,70,70,70,70,70,70,70,70,70,70,70,70,70,76,92,92,94,94,94,94,94,94],"card_choices":[{"not_picked":["Acrobatics","Endless Agony"],"picked":"Slice","floor":1.0},{"not_picked":["Dagger Throw","Flechettes"],"picked":"Poisoned Stab","floor":2.0},{"not_picked":["Outmaneuver","Blade Dance"],"picked":"Bouncing Flask","floor":4.0},{"not_picked":["Finisher","Tactician"],"picked":"Quick Slash","floor":5.0},{"not_picked":["Poisoned Stab","Eviscerate"],"picked":"Crippling Poison","floor":7.0},{"not_picked":["Deadly Poison","Dodge and Roll"],"picked":"Bullet Time","floor":10.0},{"not_picked":["Blade Dance","Flying Knee"],"picked":"PiercingWail","floor":11.0},{"not_picked":["Accuracy","Escape Plan"],"picked":"Backflip","floor":12.0},{"not_picked":["Burst","Night Terror"],"picked":"Bullet Time","floor":16.0},{"not_picked":["Caltrops+1","All Out Attack+1"],"picked":"Backflip","floor":18.0},{"not_picked":["Dagger Spray","Cloak And Dagger"],"picked":"Poisoned Stab","floor":21.0},{"not_picked":["Outmaneuver","Dodge and Roll"],"picked":"Deadly Poison","floor":22},{"not_picked":["All Out Attack","Distraction"],"picked":"Escape Plan+1","floor":23},{"not_picked":["Dodge and Roll+1","Prepared"],"picked":"Bane+1","floor":24},{"not_picked":["Dagger Spray+1","Blade Dance+1"],"picked":"Prepared+1","floor":27},{"not_picked":["Accuracy","Dagger Spray","Prepared"],"picked":"Singing Bowl","floor":28}],"player_experience":565404,"relics_obtained":[{"floor":7.0,"key":"Lantern"},{"floor":9.0,"key":"Dream Catcher"},{"floor":26,"key":"Pear"},{"floor":27,"key":"Orichalcum"}],"event_choices":[{"damage_healed":0.0,"max_hp_gain":0.0,"max_hp_loss":0.0,"gold_gain":0.0,"event_name":"Liars Game","player_choice":"Ignored","floor":3.0,"gold_loss":0.0,"damage_taken":0.0},{"damage_healed":0.0,"max_hp_gain":0.0,"max_hp_loss":0.0,"gold_gain":0.0,"event_name":"The Cleric","player_choice":"Leave","floor":14.0,"gold_loss":0.0,"damage_taken":0.0},{"damage_healed":0.0,"max_hp_gain":0.0,"max_hp_loss":0.0,"gold_gain":0.0,"event_name":"The Library","player_choice":"Read","floor":19.0,"gold_loss":0.0,"damage_taken":0.0,"cards_obtained":["Footwork"]},{"damage_healed":0.0,"max_hp_gain":0.0,"max_hp_loss":0.0,"gold_gain":0.0,"event_name":"Addict","player_choice":"Obtained Relic","floor":20.0,"gold_loss":85.0,"damage_taken":0.0,"relics_obtained":["Darkstone Periapt"]},{"damage_healed":0,"gold_gain":0,"player_choice":"Opened","damage_taken":0,"relics_obtained":["Singing Bowl"],"max_hp_gain":0,"max_hp_loss":0,"event_name":"The Mausoleum","floor":25,"gold_loss":0,"cards_obtained":["Writhe"]},{"damage_healed":0,"gold_gain":0,"player_choice":"Inject Mutagens","damage_taken":0,"relics_obtained":["MutagenicStrength"],"max_hp_gain":0,"max_hp_loss":0,"event_name":"Drug Dealer","floor":29,"gold_loss":0}],"is_beta":false,"boss_relics":[{"not_picked":["Coffee Dripper","Orrery"],"picked":"Cursed Key"}],"items_purged_floors":[],"is_endless":false,"potions_floor_spawned":[4,5,7,11,21,22,27],"killed_by":"Collector","ascension_level":7}