{"gold_per_floor":[116,116,191,191,205,233,245,263,263,233],"floor_reached":10,"playtime":227,"items_purged":[],"score":144,"play_id":"616d46e0-2a70-43f6-986d-5ed4750b3878","local_time":"20190316170414","is_ascension_mode":true,"campfire_choices":[],"neow_cost":"NONE","seed_source_timestamp":23364859406770,"circlet_count":0,"master_deck":["AscendersBane","Strike_R","Strike_R+1","Strike_R","Strike_R","Strike_R","Defend_R+1","Defend_R","Defend_R","Defend_R","Bash","Battle Trance","Dual Wield","Flame Barrier","Combust","Second Wind"],"relics":["Burning Blood","NeowsBlessing","Vajra","Ornamental Fan","Bag of Preparation"],"potions_floor_usage":[10],"damage_taken":[{"damage":0,"enemies":"Jaw Worm","floor":1,"turns":1},{"damage":0,"enemies":"2 Louse","floor":5,"turns":1},{"damage":0,"enemies":"Lagavulin","floor":6,"turns":1},{"damage":6,"enemies":"Small Slimes","floor":7,"turns":3},{"damage":41,"enemies":"Gremlin Gang","floor":8,"turns":5},{"damage":24,"enemies":"Exordium Thugs","floor":10,"turns":2}],"seed_played":"9105279587412380695","potions_obtained":[{"floor":1,"key":"FearPotion"},{"floor":5,"key":"FearPotion"},{"floor":8,"key":"PowerPotion"}],"is_trial":false,"path_per_floor":["M","?","?","?","M","E","M","M","T","M"],"character_chosen":"IRONCLAD","items_purchased":[],"campfire_rested":0,"item_purchase_floors":[],"current_hp_per_floor":[78,62,51,44,50,56,56,21,21,0],"gold":233,"neow_bonus":"THREE_ENEMY_KILL","is_prod":false,"is_daily":false,"chose_seed":false,"campfire_upgraded":0,"win_rate":0,"timestamp":1552723454,"path_taken":["M","?","?","?","M","E","?","M","T","M"],"build_version":"2019-01-23","purchased_purges":0,"victory":false,"max_hp_per_floor":[80,80,80,80,80,80,80,80,80,80],"card_choices":[{"not_picked":["Clash","Fire Breathing"],"picked":"Battle Trance","floor":1},{"not_picked":["Metallicize","Iron Wave"],"picked":"Dual Wield","floor":5},{"not_picked":["Twin Strike","Carnage"],"picked":"Flame Barrier","floor":6},{"not_picked":["Anger","Warcry"],"picked":"Combust","floor":7},{"not_picked":["Heavy Blade","Body Slam"],"picked":"Second Wind","floor":8}],"player_experience":396996,"relics_obtained":[{"floor":6,"key":"Ornamental Fan"},{"floor":9,"key":"Bag of Preparation"}],"event_choices":[{"damage_healed":0,"gold_gain":0,"player_choice":"Entered Light","damage_taken":16,"max_hp_gain":0,"max_hp_loss":0,"event_name":"Shining Light","floor":2,"gold_loss":0,"cards_upgraded":["Strike_R","Defend_R"]},{"damage_healed":0,"gold_gain":75,"player_choice":"Gather Gold","damage_taken":11,"max_hp_gain":0,"max_hp_loss":0,"event_name":"World of Goop","floor":3,"gold_loss":0},{"damage_healed":0,"gold_gain":0,"player_choice":"Success","damage_taken":7,"relics_obtained":["Vajra"],"max_hp_gain":0,"max_hp_loss":0,"event_name":"Scrap Ooze","floor":4,"gold_loss":0}],"is_beta":false,"boss_relics":[],"items_purged_floors":[],"is_endless":false,"potions_floor_spawned":[1,5,8],"killed_by":"Exordium Thugs","ascension_level":11}