{"gold_per_floor":[112,129,129,129,5,31,31,31,31,31,106,125,138,149,149,220,220,236,196,216,216,229,229,246,72,123,149,149],"floor_reached":28,"playtime":1523,"items_purged":["Strike_G"],"score":405,"play_id":"e741b5fe-838b-45a6-b398-f99551628092","local_time":"20190217011005","is_ascension_mode":true,"campfire_choices":[{"floor":7.0,"key":"REST"},{"floor":10.0,"key":"REST"},{"floor":15.0,"key":"REST"},{"data":"Cloak And Dagger","floor":23,"key":"SMITH"}],"neow_cost":"NONE","seed_source_timestamp":1210551615753069,"circlet_count":0,"master_deck":["AscendersBane","Defend_G","Defend_G+1","Defend_G","Defend_G","Strike_G","Strike_G","Strike_G","Strike_G","Survivor","Neutralize+1","Footwork","Footwork","Cloak And Dagger","Crippling Poison+1","Blur","Cloak And Dagger+1","Blade Dance","Phantasmal Killer","Slice","Blade Dance","Blade Dance"],"special_seed":0,"relics":["Ring of the Snake","Shuriken","Gambling Chip","Letter Opener","Black Star","Omamori","Snake Skull","Bottled Flame","Bottled Lightning"],"potions_floor_usage":[24,28],"damage_taken":[{"damage":0.0,"enemies":"Cultist","floor":1.0,"turns":4.0},{"damage":2.0,"enemies":"2 Louse","floor":2.0,"turns":4.0},{"damage":45.0,"enemies":"Gremlin Nob","floor":6.0,"turns":7.0},{"damage":0.0,"enemies":"Jaw Worm","floor":12.0,"turns":5.0},{"damage":4.0,"enemies":"2 Fungi Beasts","floor":13.0,"turns":4.0},{"damage":0.0,"enemies":"Large Slime","floor":14.0,"turns":8.0},{"damage":8.0,"enemies":"The Guardian","floor":16.0,"turns":16.0},{"damage":3.0,"enemies":"3 Byrds","floor":18.0,"turns":7.0},{"damage":5.0,"enemies":"Shell Parasite","floor":20.0,"turns":11.0},{"damage":9,"enemies":"Centurion and Healer","floor":22,"turns":14},{"damage":38,"enemies":"Cultist and Chosen","floor":24,"turns":10},{"damage":30,"enemies":"Book of Stabbing","floor":27,"turns":7},{"damage":11,"enemies":"Colosseum Slavers","floor":28,"turns":2}],"seed_played":"-60620910008974566","potions_obtained":[{"floor":1.0,"key":"GamblersBrew"},{"floor":6.0,"key":"Energy Potion"},{"floor":20.0,"key":"Swift Potion"},{"floor":22,"key":"FairyPotion"},{"floor":27,"key":"Poison Potion"}],"is_trial":false,"path_per_floor":["M","M","?","?","$","E","R","?","T","R","?","M","M","M","R","B",null,"M","?","M","?","M","R","M","$","T","E","?"],"character_chosen":"THE_SILENT","items_purchased":["Cloak And Dagger","Omamori","Blade Dance"],"campfire_rested":3,"item_purchase_floors":[5,25,25],"current_hp_per_floor":[59,57,62,55,55,10,31,19,19,40,29,29,25,25,46,38,63,60,60,55,55,46,46,8,8,8,7,0],"gold":149,"neow_bonus":"UPGRADE_CARD","is_prod":false,"is_daily":false,"chose_seed":false,"campfire_upgraded":1,"win_rate":0,"timestamp":1550391005,"path_taken":["M","M","?","?","$","E","R","?","T","R","?","M","M","M","R","BOSS","M","?","?","?","M","R","M","$","T","E","?"],"build_version":"2019-01-23","purchased_purges":1,"victory":false,"max_hp_per_floor":[66,66,71,71,71,71,71,71,71,71,71,71,71,71,71,71,71,71,71,71,71,71,71,71,71,71,71,71],"card_choices":[{"not_picked":["Underhanded Strike","Dagger Spray"],"picked":"Footwork","floor":1.0},{"not_picked":["Concentrate","Underhanded Strike"],"picked":"Footwork","floor":2.0},{"not_picked":["Expertise","Poisoned Stab"],"picked":"Crippling Poison","floor":6.0},{"not_picked":["Backflip","Dagger Spray"],"picked":"Blur","floor":12.0},{"not_picked":["Escape Plan","Prepared"],"picked":"Cloak And Dagger","floor":13.0},{"not_picked":["Quick Slash","Setup"],"picked":"Blade Dance","floor":14.0},{"not_picked":["A Thousand Cuts","Glass Knife"],"picked":"Phantasmal Killer","floor":16.0},{"not_picked":["Dash","Acrobatics","Catalyst"],"picked":"SKIP","floor":18.0},{"not_picked":["Leg Sweep","Masterful Stab"],"picked":"Slice","floor":20.0},{"not_picked":["Dash","Deflect+1"],"picked":"Blade Dance","floor":22},{"not_picked":["PiercingWail","Underhanded Strike","Prepared"],"picked":"SKIP","floor":24},{"not_picked":["Bouncing Flask","Dash","Heel Hook"],"picked":"SKIP","floor":27}],"player_experience":731741,"relics_obtained":[{"floor":6.0,"key":"Shuriken"},{"floor":9.0,"key":"Letter Opener"},{"floor":26,"key":"Snake Skull"},{"floor":27,"key":"Bottled Flame"},{"floor":27,"key":"Bottled Lightning"}],"event_choices":[{"damage_healed":0.0,"max_hp_gain":5.0,"max_hp_loss":0.0,"gold_gain":0.0,"event_name":"Big Fish","player_choice":"Donut","floor":3.0,"gold_loss":0.0,"damage_taken":0.0},{"cards_removed":["Defend_G"],"damage_healed":0.0,"max_hp_gain":0.0,"max_hp_loss":0.0,"gold_gain":0.0,"event_name":"Golden Wing","player_choice":"Card Removal","floor":4.0,"gold_loss":0.0,"damage_taken":7.0},{"damage_healed":0.0,"max_hp_gain":0.0,"max_hp_loss":0.0,"gold_gain":0.0,"event_name":"Scrap Ooze","player_choice":"Success","floor":8.0,"gold_loss":0.0,"damage_taken":12.0,"relics_obtained":["Gambling Chip"]},{"damage_healed":0.0,"max_hp_gain":0.0,"max_hp_loss":0.0,"gold_gain":75.0,"event_name":"World of Goop","player_choice":"Gather Gold","floor":11.0,"gold_loss":0.0,"damage_taken":11.0},{"damage_healed":0.0,"max_hp_gain":0.0,"max_hp_loss":0.0,"gold_gain":0.0,"event_name":"Designer","player_choice":"Upgraded Two","floor":19.0,"gold_loss":40.0,"damage_taken":0.0,"cards_upgraded":["Defend_G","Crippling Poison"]},{"damage_healed":0.0,"max_hp_gain":0.0,"max_hp_loss":0.0,"gold_gain":0.0,"event_name":"Ghosts","player_choice":"Ignored","floor":21.0,"gold_loss":0.0,"damage_taken":0.0},{"damage_healed":0,"gold_gain":0,"player_choice":"Fight","damage_taken":0,"max_hp_gain":0,"max_hp_loss":0,"event_name":"Colosseum","floor":28,"gold_loss":0}],"is_beta":false,"boss_relics":[{"not_picked":["Ectoplasm","Eternal Feather"],"picked":"Black Star"}],"items_purged_floors":[5],"is_endless":false,"potions_floor_spawned":[1,6,14,20,22,27],"killed_by":"Colosseum Slavers","ascension_level":14}