{"gold_per_floor":[110,90,90,90,105,149,149,149,149,67,242,261,302,318,318,318],"floor_reached":16,"playtime":1047,"items_purged":[],"score":133,"play_id":"713b6bd2-f7df-462d-85af-cf4e8d52707f","local_time":"20190204180652","is_ascension_mode":false,"campfire_choices":[{"data":"Armaments","floor":8,"key":"SMITH"},{"floor":15,"key":"REST"}],"neow_cost":"NONE","seed_source_timestamp":27954228411657,"circlet_count":0,"master_deck":["Strike_R","Strike_R","Strike_R","Strike_R","Strike_R","Defend_R","Defend_R","Defend_R","Defend_R","Bash","Armaments+1","Power Through","Doubt","Shrug It Off","Juggernaut","Shrug It Off"],"relics":["Burning Blood","NeowsBlessing","Dream Catcher","Golden Idol","Blood Vial","Meat on the Bone","Ancient Tea Set"],"potions_floor_usage":[16,16],"damage_taken":[{"damage":0,"enemies":"2 Louse","floor":1,"turns":1},{"damage":0,"enemies":"Small Slimes","floor":5,"turns":1},{"damage":0,"enemies":"3 Sentries","floor":6,"turns":2},{"damage":5,"enemies":"Jaw Worm","floor":12,"turns":5},{"damage":31,"enemies":"Lagavulin","floor":13,"turns":15},{"damage":0,"enemies":"2 Fungi Beasts","floor":14,"turns":4},{"damage":82,"enemies":"Slime Boss","floor":16,"turns":16}],"seed_played":"-5328608427472217644","potions_obtained":[{"floor":13,"key":"Weak Potion"},{"floor":14,"key":"Weak Potion"}],"is_trial":false,"path_per_floor":["?","?","?","?","?","M"],"character_chosen":"IRONCLAD","items_purchased":["Power Through"],"campfire_rested":1,"item_purchase_floors":[10],"current_hp_per_floor":[80,80,73,73,79,80,73,73,73,73,73,76,53,61,80,0],"gold":318,"neow_bonus":"THREE_ENEMY_KILL","is_prod":false,"is_daily":false,"chose_seed":false,"campfire_upgraded":1,"win_rate":0,"timestamp":1549300012,"path_taken":["M","?","?","?","M","E","?","R","T","$","?","?","E","M","R","BOSS"],"build_version":"2019-01-23","purchased_purges":0,"victory":false,"max_hp_per_floor":[80,80,80,80,80,80,80,80,80,80,80,80,80,80,80,80],"card_choices":[{"not_picked":["Warcry","Headbutt"],"picked":"Armaments","floor":1},{"not_picked":["Thunderclap","Evolve","Corruption"],"picked":"SKIP","floor":5},{"not_picked":["Pommel Strike","Evolve","Twin Strike"],"picked":"SKIP","floor":6},{"not_picked":["Dropkick","Havoc"],"picked":"Shrug It Off","floor":12},{"not_picked":["Anger","Flex"],"picked":"Juggernaut","floor":13},{"not_picked":["Twin Strike","Anger"],"picked":"Shrug It Off","floor":14}],"player_experience":92189,"relics_obtained":[{"floor":6,"key":"Blood Vial"},{"floor":9,"key":"Meat on the Bone"},{"floor":13,"key":"Ancient Tea Set"}],"event_choices":[{"damage_healed":0,"gold_gain":0,"player_choice":"Left Gold","damage_taken":0,"max_hp_gain":0,"max_hp_loss":0,"event_name":"World of Goop","floor":2,"gold_loss":20},{"damage_healed":0,"gold_gain":0,"player_choice":"Success","damage_taken":7,"relics_obtained":["Dream Catcher"],"max_hp_gain":0,"max_hp_loss":0,"event_name":"Scrap Ooze","floor":3,"gold_loss":0},{"damage_healed":0,"gold_gain":0,"player_choice":"Take Wound","damage_taken":0,"relics_obtained":["Golden Idol"],"max_hp_gain":0,"max_hp_loss":0,"event_name":"Golden Idol","floor":4,"gold_loss":0,"cards_obtained":["Injury"]},{"cards_removed":["Injury"],"damage_healed":0,"gold_gain":0,"player_choice":"Card Removal","damage_taken":7,"max_hp_gain":0,"max_hp_loss":0,"event_name":"Golden Wing","floor":7,"gold_loss":0},{"damage_healed":0,"gold_gain":175,"player_choice":"AGREE","damage_taken":0,"max_hp_gain":0,"max_hp_loss":0,"event_name":"Liars Game","floor":11,"gold_loss":0,"cards_obtained":["Doubt"]}],"is_beta":false,"boss_relics":[],"items_purged_floors":[],"is_endless":false,"potions_floor_spawned":[13,14],"killed_by":"Slime Boss","ascension_level":0}