{"gold_per_floor":[116,126,45,62,35,60,72,72,122,16,16,30,43,62,62,164,164],"floor_reached":17,"playtime":595,"items_purged":[],"score":175,"play_id":"1c2ac473-9ecd-4b55-b466-adcf95675e85","local_time":"20190313183435","is_ascension_mode":true,"campfire_choices":[{"floor":8,"key":"REST"},{"floor":15,"key":"REST"}],"neow_cost":"NONE","seed_source_timestamp":123237128358279,"circlet_count":0,"master_deck":["Defend_G","Defend_G","Defend_G","Defend_G","Defend_G","Strike_G","Strike_G","Strike_G","Strike_G","Strike_G","Survivor","Neutralize+1","Deadly Poison","Prepared","PiercingWail","Sucker Punch","Dagger Spray","Deadly Poison","Bane","Poisoned Stab","Dagger Spray","Bane","Adrenaline","Tools of the Trade","Deadly Poison","Footwork","PiercingWail","Deflect"],"relics":["Ring of the Snake","Blue Candle","Bronze Scales","Oddly Smooth Stone","Orrery"],"potions_floor_usage":[7],"damage_taken":[{"damage":1,"enemies":"Small Slimes","floor":1,"turns":4},{"damage":0,"enemies":"Cultist","floor":2,"turns":4},{"damage":6,"enemies":"2 Louse","floor":4,"turns":3},{"damage":18,"enemies":"Lagavulin","floor":6,"turns":8},{"damage":19,"enemies":"Exordium Wildlife","floor":7,"turns":5},{"damage":0,"enemies":"3 Louse","floor":12,"turns":2},{"damage":9,"enemies":"Exordium Thugs","floor":13,"turns":3},{"damage":15,"enemies":"Exordium Wildlife","floor":14,"turns":5},{"damage":27,"enemies":"The Guardian","floor":16,"turns":9}],"seed_played":"-9130751600151559862","potions_obtained":[{"floor":2,"key":"GhostInAJar"},{"floor":6,"key":"Strength Potion"},{"floor":7,"key":"Dexterity Potion"},{"floor":16,"key":"Fire Potion"}],"is_trial":false,"path_per_floor":["?","M","?","$","?","M"],"character_chosen":"THE_SILENT","items_purchased":["Deadly Poison","Bane"],"campfire_rested":2,"item_purchase_floors":[10,10],"current_hp_per_floor":[69,69,69,63,63,45,26,47,47,47,47,47,38,23,44,17,70],"gold":164,"neow_bonus":"UPGRADE_CARD","is_prod":false,"is_daily":false,"chose_seed":false,"campfire_upgraded":0,"win_rate":0,"timestamp":1552498475,"path_taken":["M","M","?","?","?","E","M","R","T","?","?","M","?","M","R","BOSS"],"build_version":"2019-01-23","purchased_purges":0,"victory":false,"max_hp_per_floor":[70,70,70,70,70,70,70,70,70,70,70,70,70,70,70,70,70],"card_choices":[{"not_picked":["Prepared","Underhanded Strike"],"picked":"Deadly Poison","floor":1},{"not_picked":["Wraith Form v2","Distraction"],"picked":"Prepared","floor":2},{"not_picked":["Caltrops","Prepared"],"picked":"PiercingWail","floor":4},{"not_picked":["Infinite Blades","Flying Knee"],"picked":"Sucker Punch","floor":6},{"not_picked":["Blade Dance","Dodge and Roll"],"picked":"Dagger Spray","floor":7},{"not_picked":["PiercingWail","Reflex"],"picked":"Dagger Spray","floor":12},{"not_picked":["Terror","Calculated Gamble"],"picked":"Bane","floor":13},{"not_picked":["Flying Knee","PiercingWail"],"picked":"Adrenaline","floor":14},{"not_picked":["Phantasmal Killer","Malaise"],"picked":"Tools of the Trade","floor":16},{"not_picked":["Sucker Punch","Underhanded Strike"],"picked":"Deadly Poison","floor":17},{"not_picked":["Sucker Punch","Cloak And Dagger"],"picked":"Footwork","floor":17},{"not_picked":["Caltrops","Outmaneuver"],"picked":"PiercingWail","floor":17},{"not_picked":["Outmaneuver","Dagger Throw"],"picked":"Deflect","floor":17}],"player_experience":264072,"relics_obtained":[{"floor":6,"key":"Bronze Scales"},{"floor":9,"key":"Oddly Smooth Stone"}],"event_choices":[{"damage_healed":0,"gold_gain":0,"player_choice":"Paid Gold","damage_taken":0,"relics_obtained":["Blue Candle"],"max_hp_gain":0,"max_hp_loss":0,"event_name":"WeMeetAgain","floor":3,"gold_loss":81},{"damage_healed":0,"gold_gain":0,"player_choice":"Left Gold","damage_taken":0,"max_hp_gain":0,"max_hp_loss":0,"event_name":"World of Goop","floor":5,"gold_loss":27},{"damage_healed":0,"gold_gain":0,"player_choice":"1 cards matched","damage_taken":0,"max_hp_gain":0,"max_hp_loss":0,"event_name":"Match and Keep!","floor":11,"gold_loss":0,"cards_obtained":["Poisoned Stab"]}],"is_beta":false,"boss_relics":[{"not_picked":["Sozu","Snecko Eye"],"picked":"Orrery"}],"items_purged_floors":[],"is_endless":false,"potions_floor_spawned":[2,6,7,16],"ascension_level":2}