{"gold_per_floor":[118,4,14,14,34,34,5,5,5,35,35,84,166,166,166,261,261,276,276,276,286,286,286,313,21,21,21,21,21,31,31,31,134,134,145,0,71,82,106,106,206,206,230,27,27,27],"floor_reached":47,"playtime":2032,"items_purged":[],"score":898,"play_id":"6d28652b-baf7-4770-96a4-64ee017b61c4","local_time":"20190201143448","daily_mods":["Vintage","ControlledChaos","Allstar","Heirloom","Time Dilation","Flight","Cursed Run"],"is_ascension_mode":false,"campfire_choices":[{"floor":6,"key":"REST"},{"data":"Whirlwind","floor":8,"key":"SMITH"},{"data":"Perfected Strike","floor":15,"key":"SMITH"},{"data":"Bludgeon","floor":23,"key":"SMITH"},{"data":"Demon Form","floor":32,"key":"SMITH"},{"data":"1","floor":40,"key":"LIFT"}],"neow_cost":"","seed_source_timestamp":338946919183003,"circlet_count":0,"master_deck":["Demon Form+1","Wraith Form v2","Echo Form","Strike_R","Strike_R","Strike_R","Strike_R","Strike_R","Defend_R","Defend_R","Defend_R","Defend_R","Bash","Bandage Up","Transmutation","The Bomb","Jack Of All Trades","Sadistic Nature","Anger","Perfected Strike+1","Cleave","Pain","Injury","Pain","Injury","Writhe","Bludgeon+1","Clash+1","Regret","Anger+1","Normality","Normality","Shame","Immolate+1","Shame","Shame","Anger+1","Writhe","Doubt","Regret"],"relics":["Cursed Key","Darkstone Periapt","Du-Vu Doll","Frozen Eye","Ginger","The Courier","Gremlin Horn","WarpedTongs","Centennial Puzzle","Bird Faced Urn","Self Forming Clay","Tiny Chest","Letter Opener","Anchor","Eternal Feather","Molten Egg 2","Mercury Hourglass","StoneCalendar","Mango","Medical Kit","Dream Catcher","Pear","Pantograph","Juzu Bracelet","Question Card","Busted Crown","Girya","Red Mask","Ornamental Fan","Bottled Flame","Ancient Tea Set","Torii","Vajra","Bottled Tornado"],"potions_floor_usage":[16,41,46,46],"damage_taken":[{"damage":14,"enemies":"Jaw Worm","floor":1,"turns":2},{"damage":9,"enemies":"Cultist","floor":3,"turns":4},{"damage":0,"enemies":"Small Slimes","floor":5,"turns":2},{"damage":8,"enemies":"3 Louse","floor":12,"turns":2},{"damage":53,"enemies":"The Guardian","floor":16,"turns":6},{"damage":0,"enemies":"2 Thieves","floor":18,"turns":2},{"damage":11,"enemies":"Spheric Guardian","floor":21,"turns":3},{"damage":7,"enemies":"Book of Stabbing","floor":24,"turns":3},{"damage":13,"enemies":"Shelled Parasite and Fungi","floor":30,"turns":3},{"damage":44,"enemies":"Collector","floor":33,"turns":5},{"damage":23,"enemies":"3 Darklings","floor":35,"turns":4},{"damage":3,"enemies":"Orb Walker","floor":38,"turns":2},{"damage":99,"enemies":"Mind Bloom Boss Battle","floor":41,"turns":6},{"damage":104,"enemies":"Time Eater","floor":46,"turns":10}],"seed_played":"-1296576156389626588","potions_obtained":[{"floor":5,"key":"Regen Potion"},{"floor":12,"key":"BloodPotion"},{"floor":21,"key":"PowerPotion"},{"floor":24,"key":"Ancient Potion"}],"is_trial":true,"path_per_floor":["?","$","?","?","M","T","T","?","?","M","?","$","?","T","$","M","T","?","T","T","?","?","?"],"character_chosen":"IRONCLAD","items_purchased":["Anger","Perfected Strike","Cleave","Whirlwind","Medical Kit","Dream Catcher","Bottled Tornado"],"campfire_rested":1,"item_purchase_floors":[2,2,2,7,25,25,44],"current_hp_per_floor":[66,66,57,63,63,86,86,86,92,92,92,88,94,100,100,78,110,110,110,110,99,99,110,121,121,137,137,143,143,136,142,152,118,158,144,144,150,151,157,170,92,141,147,147,147,86],"gold":27,"neow_bonus":"","is_prod":false,"is_daily":false,"chose_seed":false,"campfire_upgraded":4,"win_rate":0,"timestamp":1549028088,"path_taken":["M","$","M","?","M","R","?","R","T","?","?","?","?","?","R","BOSS","M","?","?","?","?","R","E","?","T","?","?","?","?","?","R","BOSS","M","?","?","M","?","R","?","?","T","$","?","BOSS"],"build_version":"2019-01-23","purchased_purges":0,"victory":true,"max_hp_per_floor":[80,80,80,86,86,86,86,86,92,92,92,92,98,104,104,110,110,110,110,110,110,110,110,124,124,140,140,146,146,146,152,152,158,158,158,158,164,164,170,170,170,176,182,182,182,188],"card_choices":[{"not_picked":["Juggernaut","Limit Break"],"picked":"Bludgeon","floor":16},{"not_picked":["Whirlwind+1","Sever Soul+1"],"picked":"Clash+1","floor":24},{"not_picked":["Double Tap","Juggernaut","Brutality"],"picked":"Immolate+1","floor":33},{"not_picked":["Headbutt+1"],"picked":"Anger+1","floor":41}],"player_experience":69931,"relics_obtained":[{"floor":1,"key":"The Courier"},{"floor":3,"key":"Gremlin Horn"},{"floor":5,"key":"Centennial Puzzle"},{"floor":9,"key":"Bird Faced Urn"},{"floor":12,"key":"Tiny Chest"},{"floor":13,"key":"Letter Opener"},{"floor":14,"key":"Anchor"},{"floor":18,"key":"Molten Egg 2"},{"floor":21,"key":"StoneCalendar"},{"floor":24,"key":"Mango"},{"floor":26,"key":"Pear"},{"floor":28,"key":"Pantograph"},{"floor":30,"key":"Juzu Bracelet"},{"floor":31,"key":"Question Card"},{"floor":35,"key":"Girya"},{"floor":37,"key":"Ornamental Fan"},{"floor":38,"key":"Bottled Flame"},{"floor":39,"key":"Ancient Tea Set"},{"floor":41,"key":"Torii"},{"floor":43,"key":"Vajra"}],"event_choices":[{"damage_healed":0,"gold_gain":0,"player_choice":"Rummage","damage_taken":0,"relics_obtained":["WarpedTongs"],"max_hp_gain":0,"max_hp_loss":0,"event_name":"Accursed Blacksmith","floor":4,"gold_loss":0,"cards_obtained":["Pain"]},{"damage_healed":0,"gold_gain":30,"player_choice":"Searched \u00273\u0027 times","damage_taken":0,"relics_obtained":["Self Forming Clay"],"max_hp_gain":0,"max_hp_loss":0,"event_name":"Dead Adventurer","floor":10,"gold_loss":0},{"damage_healed":0,"gold_gain":0,"player_choice":"Leave","damage_taken":0,"max_hp_gain":0,"max_hp_loss":0,"event_name":"The Cleric","floor":11,"gold_loss":0},{"damage_healed":0,"gold_gain":0,"player_choice":"Ignored","damage_taken":0,"max_hp_gain":0,"max_hp_loss":0,"event_name":"Ghosts","floor":19,"gold_loss":0},{"cards_removed":["Whirlwind"],"damage_healed":0,"gold_gain":0,"player_choice":"Gave Card","damage_taken":0,"relics_obtained":["Mercury Hourglass"],"max_hp_gain":0,"max_hp_loss":0,"event_name":"WeMeetAgain","floor":20,"gold_loss":0},{"damage_healed":0,"gold_gain":0,"player_choice":"Ignored","damage_taken":0,"max_hp_gain":0,"max_hp_loss":0,"event_name":"Vampires","floor":22,"gold_loss":0},{"damage_healed":0,"gold_gain":0,"player_choice":"Read","damage_taken":0,"max_hp_gain":0,"max_hp_loss":0,"event_name":"The Library","floor":27,"gold_loss":0,"cards_obtained":["Anger"]},{"damage_healed":0,"gold_gain":0,"player_choice":"Paid","damage_taken":0,"relics_obtained":["Red Mask"],"max_hp_gain":0,"max_hp_loss":0,"event_name":"Tomb of Lord Red Mask","floor":36,"gold_loss":145},{"damage_healed":0,"gold_gain":0,"player_choice":"Fight","damage_taken":0,"max_hp_gain":0,"max_hp_loss":0,"event_name":"MindBloom","floor":41,"gold_loss":0},{"damage_healed":43,"gold_gain":0,"player_choice":"Writhe","damage_taken":0,"max_hp_gain":0,"max_hp_loss":0,"event_name":"Winding Halls","floor":42,"gold_loss":0,"cards_obtained":["Writhe"]},{"damage_healed":0,"gold_gain":0,"player_choice":"Took Portal","damage_taken":0,"max_hp_gain":0,"max_hp_loss":0,"event_name":"SecretPortal","floor":45,"gold_loss":0}],"is_beta":false,"boss_relics":[{"not_picked":["Black Star","Runic Pyramid"],"picked":"Eternal Feather"},{"not_picked":["Coffee Dripper","Mark of Pain"],"picked":"Busted Crown"}],"items_purged_floors":[],"is_endless":false,"potions_floor_spawned":[5,12,21,24],"ascension_level":0}