{"gold_per_floor":[115,133,151,151,164,190,190,224,301,5,105,105,27,45,45,147,147,158,3,17,17,32,63,81,180,180,191,191,208,208,236,236,332,332,348,366,43,61,77,108,122,122,122,122,122,76,111,128,128,128],"floor_reached":51,"playtime":2061,"items_purged":["Strike_R","Defend_R"],"score":1174,"play_id":"19f0ab64-7bf1-4211-861a-d1f8b9c2c412","local_time":"20181119012422","is_ascension_mode":true,"campfire_choices":[{"floor":7.0,"key":"REST"},{"floor":12.0,"key":"REST"},{"floor":15.0,"key":"REST"},{"floor":30.0,"key":"REST"},{"floor":32.0,"key":"REST"},{"data":"Body Slam","floor":42,"key":"SMITH"},{"data":"Pummel","floor":44,"key":"SMITH"},{"data":"Exhume","floor":45,"key":"SMITH"},{"data":"Bash","floor":49,"key":"SMITH"}],"neow_cost":"NONE","seed_source_timestamp":651914059740296,"circlet_count":0,"master_deck":["AscendersBane","Strike_R","Strike_R","Strike_R","Defend_R","Defend_R","Bash+1","Thunderclap","True Grit+1","Shrug It Off","Flex","Clothesline","Pommel Strike","Shrug It Off+1","Body Slam+1","Metallicize+1","Anger","Reaper","Twin Strike+1","Whirlwind+1","Battle Trance+1","Corruption+1","Shrug It Off","Flame Barrier","Sentinel","Battle Trance+1","Dark Embrace+1","Body Slam+1","Heavy Blade+1","Shockwave","Heavy Blade+1","Pummel+1","Exhume+1","Shrug It Off"],"special_seed":0,"relics":["Burning Blood","Art of War","WingedGreaves","Frozen Egg 2","Brimstone","Philosopher\u0027s Stone","Regal Pillow","Singing Bowl","Red Skull","Sozu","War Paint","Juzu Bracelet","Self Forming Clay","Pocketwatch"],"potions_floor_usage":[50],"damage_taken":[{"damage":7.0,"enemies":"Small Slimes","floor":1.0,"turns":5.0},{"damage":1.0,"enemies":"Cultist","floor":2.0,"turns":4.0},{"damage":9.0,"enemies":"Jaw Worm","floor":3.0,"turns":5.0},{"damage":19.0,"enemies":"Lots of Slimes","floor":5.0,"turns":6.0},{"damage":58.0,"enemies":"3 Sentries","floor":6.0,"turns":14.0},{"damage":30.0,"enemies":"Gremlin Nob","floor":8.0,"turns":4.0},{"damage":0.0,"enemies":"3 Louse","floor":14.0,"turns":2.0},{"damage":22.0,"enemies":"The Guardian","floor":16.0,"turns":9.0},{"damage":25.0,"enemies":"2 Thieves","floor":18.0,"turns":4.0},{"damage":6.0,"enemies":"Chosen","floor":20.0,"turns":4.0},{"damage":0.0,"enemies":"3 Cultists","floor":22.0,"turns":3.0},{"damage":17.0,"enemies":"Book of Stabbing","floor":23.0,"turns":4.0},{"damage":38.0,"enemies":"Cultist and Chosen","floor":24.0,"turns":6.0},{"damage":16.0,"enemies":"Sentry and Sphere","floor":27.0,"turns":4.0},{"damage":30.0,"enemies":"Snake Plant","floor":29.0,"turns":3.0},{"damage":52.0,"enemies":"Gremlin Leader","floor":31.0,"turns":6.0},{"damage":39.0,"enemies":"Collector","floor":33.0,"turns":7.0},{"damage":0.0,"enemies":"3 Shapes","floor":35.0,"turns":7.0},{"damage":10.0,"enemies":"Orb Walker","floor":36.0,"turns":3.0},{"damage":0.0,"enemies":"Maw","floor":38.0,"turns":4.0},{"damage":10.0,"enemies":"3 Darklings","floor":39.0,"turns":3.0},{"damage":37.0,"enemies":"Nemesis","floor":40.0,"turns":4.0},{"damage":25,"enemies":"Spire Growth","floor":41,"turns":4},{"damage":11,"enemies":"Reptomancer","floor":47,"turns":2},{"damage":0,"enemies":"Sphere and 2 Shapes","floor":48,"turns":5},{"damage":29,"enemies":"Donu and Deca","floor":50,"turns":4}],"seed_played":"6707644639017908172","potions_obtained":[{"floor":3.0,"key":"Energy Potion"},{"floor":6.0,"key":"Poison Potion"},{"floor":14.0,"key":"BloodPotion"},{"floor":18.0,"key":"Weak Potion"},{"floor":24.0,"key":"GamblersBrew"},{"floor":31.0,"key":"Energy Potion"}],"is_trial":false,"path_per_floor":["M","M","M","?","M","E","R","E","T","$","?","R","$","M","R","B",null,"M","$","M","?","M","E","M","?","T","M","?","M","R","E","R","B",null,"M","M","$","M","M","E","E","M","R","T","R","R","$","E","M","R","B",null],"character_chosen":"IRONCLAD","items_purchased":["Brimstone","Shrug It Off","Body Slam","Metallicize+1","Whirlwind","War Paint","Shockwave","Shrug It Off"],"campfire_rested":5,"item_purchase_floors":[10,10,10,13,19,37,37,46],"current_hp_per_floor":[71,76,73,73,60,8,32,8,8,8,8,32,32,38,62,46,72,63,63,78,78,80,69,48,48,48,40,40,16,55,17,56,49,74,80,82,82,82,78,50,44,44,44,44,44,44,77,88,88,65],"gold":128,"neow_bonus":"REMOVE_CARD","is_prod":false,"is_daily":false,"chose_seed":false,"campfire_upgraded":4,"win_rate":0,"timestamp":1542615862,"path_taken":["M","M","M","?","M","E","R","E","T","?","?","R","$","?","R","BOSS","M","$","M","?","M","E","M","?","T","M","?","M","R","E","R","BOSS","M","M","$","M","M","E","M","R","T","R","R","$","E","M","R","BOSS"],"build_version":"2018-11-15","purchased_purges":2,"victory":true,"max_hp_per_floor":[80,80,80,80,80,80,80,80,80,80,80,80,80,80,80,80,80,80,80,80,80,80,80,80,80,80,82,82,82,82,82,82,82,82,82,82,82,82,82,84,84,84,84,84,84,84,86,88,88,88],"card_choices":[{"not_picked":["Sword Boomerang","Flex"],"picked":"Thunderclap","floor":1.0},{"not_picked":["Fire Breathing","Sword Boomerang"],"picked":"True Grit","floor":2.0},{"not_picked":["Infernal Blade","Twin Strike"],"picked":"Shrug It Off","floor":3.0},{"not_picked":["Perfected Strike","Anger"],"picked":"Flex","floor":5.0},{"not_picked":["Iron Wave","Headbutt"],"picked":"Clothesline","floor":6.0},{"not_picked":["Brutality","Rupture"],"picked":"Pommel Strike","floor":8.0},{"not_picked":["Havoc","Uppercut"],"picked":"Anger","floor":14.0},{"not_picked":["Dark Embrace+1","Immolate"],"picked":"Reaper","floor":16.0},{"not_picked":["True Grit","Heavy Blade"],"picked":"Twin Strike+1","floor":18.0},{"not_picked":["Dropkick","Clothesline+1"],"picked":"Battle Trance+1","floor":20.0},{"not_picked":["Twin Strike","Battle Trance"],"picked":"Corruption+1","floor":22.0},{"not_picked":["Warcry","Seeing Red"],"picked":"Shrug It Off","floor":23.0},{"not_picked":["Flex","Havoc"],"picked":"Flame Barrier","floor":24.0},{"not_picked":["Twin Strike","Clash+1","Blood for Blood"],"picked":"Singing Bowl","floor":27.0},{"not_picked":["Thunderclap+1","Havoc"],"picked":"Sentinel","floor":29.0},{"not_picked":["Sentinel","Dual Wield"],"picked":"Battle Trance+1","floor":31.0},{"not_picked":["Demon Form+1","Brutality+1"],"picked":"Dark Embrace+1","floor":33.0},{"not_picked":["Burning Pact","Twin Strike+1"],"picked":"Body Slam+1","floor":35.0},{"not_picked":["Body Slam","Warcry+1"],"picked":"Heavy Blade+1","floor":36.0},{"not_picked":["Armaments","Warcry"],"picked":"Heavy Blade+1","floor":38.0},{"not_picked":["Uppercut","Blood for Blood"],"picked":"Pummel","floor":39.0},{"not_picked":["Cleave","Entrench+1","Perfected Strike"],"picked":"Singing Bowl","floor":40},{"not_picked":["Sword Boomerang","Wild Strike+1"],"picked":"Exhume","floor":41},{"not_picked":["True Grit+1","Havoc","Pommel Strike+1"],"picked":"Singing Bowl","floor":47},{"not_picked":["Perfected Strike+1","Heavy Blade","Intimidate+1"],"picked":"Singing Bowl","floor":48}],"player_experience":626152,"relics_obtained":[{"floor":6.0,"key":"Art of War"},{"floor":8.0,"key":"WingedGreaves"},{"floor":9.0,"key":"Frozen Egg 2"},{"floor":23.0,"key":"Regal Pillow"},{"floor":26.0,"key":"Singing Bowl"},{"floor":31.0,"key":"Red Skull"},{"floor":40,"key":"Juzu Bracelet"},{"floor":43,"key":"Self Forming Clay"},{"floor":47,"key":"Pocketwatch"}],"event_choices":[{"damage_healed":0.0,"max_hp_gain":0.0,"max_hp_loss":0.0,"gold_gain":0.0,"event_name":"The Woman in Blue","player_choice":"Bought 0 Potions","floor":4.0,"gold_loss":0.0,"damage_taken":0.0},{"damage_healed":0.0,"max_hp_gain":0.0,"max_hp_loss":0.0,"gold_gain":100.0,"event_name":"Golden Shrine","player_choice":"Pray","floor":11.0,"gold_loss":0.0,"damage_taken":0.0},{"cards_removed":["Defend_R"],"damage_healed":0.0,"max_hp_gain":0.0,"max_hp_loss":0.0,"gold_gain":0.0,"event_name":"Back to Basics","player_choice":"Elegance","floor":21.0,"gold_loss":0.0,"damage_taken":0.0},{"damage_healed":0.0,"max_hp_gain":0.0,"max_hp_loss":0.0,"gold_gain":99.0,"event_name":"Nest","player_choice":"Stole From Cult","floor":25.0,"gold_loss":0.0,"damage_taken":0.0},{"damage_healed":0.0,"max_hp_gain":0.0,"max_hp_loss":0.0,"gold_gain":0.0,"event_name":"Accursed Blacksmith","player_choice":"Forge","floor":28.0,"gold_loss":0.0,"damage_taken":0.0,"cards_upgraded":["Whirlwind"]}],"is_beta":false,"boss_relics":[{"not_picked":["Runic Cube","Black Star"],"picked":"Philosopher\u0027s Stone"},{"not_picked":["Fusion Hammer","Calling Bell"],"picked":"Sozu"}],"items_purged_floors":[19,37],"is_endless":false,"potions_floor_spawned":[3,6,14,18,20,24,31,39,41,47],"ascension_level":11}