{"gold_per_floor":[114,125,125,29,44,44,75,90,165,181,194,194,24,55,55,158,158,170,186,196,17,33,33,33,51,133,133,153,207,207,241,241,340,340,356,356,79,79,96,124,136,148,160,192,215,259,285,314,326,338],"floor_reached":51,"playtime":3278,"items_purged":["Strike_G"],"score":1088,"play_id":"7ade1c79-ac0d-442d-985f-78669819cf09","local_time":"20181111172539","is_ascension_mode":true,"campfire_choices":[{"data":"Footwork","floor":6.0,"key":"SMITH"},{"floor":12.0,"key":"REST"},{"data":"Noxious Fumes","floor":15.0,"key":"SMITH"},{"floor":23.0,"key":"REST"},{"floor":27.0,"key":"REST"},{"floor":30.0,"key":"REST"},{"floor":32.0,"key":"REST"},{"floor":41.0,"key":"REST"},{"floor":49,"key":"REST"}],"neow_cost":"NONE","seed_source_timestamp":17167233345252,"circlet_count":0,"master_deck":["Defend_G","Defend_G","Defend_G","Defend_G","Defend_G","Strike_G","Strike_G","Strike_G","Strike_G","Survivor","Neutralize","Panacea","Cloak And Dagger","Footwork+1","Cloak And Dagger","Noxious Fumes+1","Well Laid Plans+1","Backflip","Crippling Poison","Dagger Spray","Leg Sweep","Footwork+1","Sucker Punch","Cloak And Dagger","Bullet Time","Finisher+1","Mayhem+1","Cloak And Dagger","Shame","Terror","Adrenaline","Cloak And Dagger+1","Parasite","Backflip+1"],"special_seed":0,"relics":["Ring of the Serpent","Frozen Egg 2","Tiny Chest","Potion Belt","Busted Crown","Anchor","Sundial","Happy Flower","Dead Branch","OrangePellets","MawBank","Ice Cream","Peace Pipe","Snake Skull"],"potions_floor_usage":[50],"damage_taken":[{"damage":0.0,"enemies":"Small Slimes","floor":1.0,"turns":3.0},{"damage":0.0,"enemies":"Cultist","floor":2.0,"turns":4.0},{"damage":2.0,"enemies":"Jaw Worm","floor":5.0,"turns":6.0},{"damage":15.0,"enemies":"Gremlin Nob","floor":7.0,"turns":5.0},{"damage":12.0,"enemies":"Exordium Wildlife","floor":8.0,"turns":5.0},{"damage":8.0,"enemies":"3 Louse","floor":10.0,"turns":4.0},{"damage":3.0,"enemies":"Blue Slaver","floor":11.0,"turns":5.0},{"damage":18.0,"enemies":"3 Sentries","floor":14.0,"turns":9.0},{"damage":4.0,"enemies":"Hexaghost","floor":16.0,"turns":12.0},{"damage":0.0,"enemies":"Chosen","floor":18.0,"turns":6.0},{"damage":2.0,"enemies":"Spheric Guardian","floor":19.0,"turns":7.0},{"damage":21.0,"enemies":"Snecko","floor":20.0,"turns":8.0},{"damage":21.0,"enemies":"Shelled Parasite and Fungi","floor":22.0,"turns":9.0},{"damage":47.0,"enemies":"3 Cultists","floor":25.0,"turns":7.0},{"damage":10.0,"enemies":"Snake Plant","floor":28.0,"turns":6.0},{"damage":22.0,"enemies":"Book of Stabbing","floor":31.0,"turns":8.0},{"damage":13.0,"enemies":"Collector","floor":33.0,"turns":9.0},{"damage":28.0,"enemies":"3 Shapes","floor":35.0,"turns":3.0},{"damage":0.0,"enemies":"Orb Walker","floor":39.0,"turns":4.0},{"damage":27.0,"enemies":"Reptomancer","floor":40.0,"turns":5.0},{"damage":0.0,"enemies":"Spire Growth","floor":44.0,"turns":7.0},{"damage":17.0,"enemies":"Writhing Mass","floor":45.0,"turns":6.0},{"damage":0.0,"enemies":"Nemesis","floor":46.0,"turns":7.0},{"damage":0,"enemies":"Transient","floor":47,"turns":5},{"damage":12,"enemies":"Sphere and 2 Shapes","floor":48,"turns":6},{"damage":14,"enemies":"Donu and Deca","floor":50,"turns":10}],"seed_played":"-390739608976018367","potions_obtained":[{"floor":1.0,"key":"Energy Potion"},{"floor":3.0,"key":"GhostInAJar"},{"floor":3.0,"key":"Energy Potion"},{"floor":3.0,"key":"FairyPotion"},{"floor":14.0,"key":"SkillPotion"},{"floor":16.0,"key":"SkillPotion"},{"floor":20.0,"key":"Energy Potion"},{"floor":31.0,"key":"Regen Potion"},{"floor":33.0,"key":"SteroidPotion"},{"floor":40.0,"key":"EssenceOfSteel"},{"floor":45.0,"key":"SkillPotion"},{"floor":47,"key":"SkillPotion"}],"is_trial":false,"path_per_floor":["M","M","?","$","M","R","E","M","T","M","M","R","$","E","R","B",null,"M","M","M","$","M","R","?","M","T","R","M","T","R","E","R","B",null,"M","?","$","?","M","E","R","T","T","M","M","E","M","M","R","B",null],"character_chosen":"THE_SILENT","items_purchased":["Footwork","Cloak And Dagger","Leg Sweep","Footwork+1","Sucker Punch","Mayhem+1","OrangePellets"],"campfire_rested":7,"item_purchase_floors":[4,4,13,13,13,21,37],"current_hp_per_floor":[63,63,63,63,61,61,46,34,34,26,23,44,44,26,26,22,58,58,56,35,35,14,35,35,7,7,28,18,18,39,17,38,40,63,35,35,35,61,61,34,52,52,52,52,35,35,35,23,41,27],"gold":350,"neow_bonus":"RANDOM_COLORLESS","is_prod":false,"is_daily":false,"chose_seed":false,"campfire_upgraded":2,"win_rate":0,"timestamp":1541982339,"path_taken":["M","M","?","$","M","R","E","M","T","M","M","R","?","E","R","BOSS","M","M","M","$","M","R","?","M","T","R","M","?","R","E","R","BOSS","M","?","$","?","M","E","R","?","T","?","M","E","M","M","R","BOSS"],"build_version":"2018-11-08","purchased_purges":1,"victory":true,"max_hp_per_floor":[70,70,70,70,70,70,70,70,70,70,70,70,70,70,70,70,70,70,70,70,70,70,70,70,70,70,70,70,70,70,70,70,70,70,70,70,70,61,61,61,61,61,61,61,61,61,61,61,61,61],"card_choices":[{"not_picked":["Slice","PiercingWail"],"picked":"Deadly Poison","floor":1.0},{"not_picked":["Sucker Punch","Dagger Throw"],"picked":"Cloak And Dagger","floor":2.0},{"not_picked":["Blur","Slice"],"picked":"Noxious Fumes","floor":5.0},{"not_picked":["Blade Dance","Phantasmal Killer"],"picked":"Well Laid Plans","floor":7.0},{"not_picked":["Poisoned Stab","Well Laid Plans+1"],"picked":"Backflip","floor":8.0},{"not_picked":["Riddle With Holes","Deflect"],"picked":"Crippling Poison","floor":10.0},{"not_picked":["Endless Agony","Underhanded Strike"],"picked":"Dagger Spray","floor":11.0},{"not_picked":["Flying Knee","Crippling Poison"],"picked":"Cloak And Dagger","floor":14.0},{"not_picked":["Venomology","Doppelganger"],"picked":"Bullet Time","floor":16.0},{"not_picked":["Deadly Poison"],"picked":"SKIP","floor":18.0},{"not_picked":[],"picked":"Finisher+1","floor":19.0},{"not_picked":["Finisher+1"],"picked":"SKIP","floor":20.0},{"not_picked":[],"picked":"Cloak And Dagger","floor":22.0},{"not_picked":["Sucker Punch"],"picked":"SKIP","floor":25.0},{"not_picked":[],"picked":"Terror","floor":28.0},{"not_picked":["Flying Knee+1"],"picked":"SKIP","floor":31.0},{"not_picked":[],"picked":"Adrenaline","floor":33.0},{"not_picked":[],"picked":"Cloak And Dagger+1","floor":35.0},{"not_picked":["Sucker Punch"],"picked":"SKIP","floor":39.0},{"not_picked":["Finisher+1"],"picked":"SKIP","floor":40.0},{"not_picked":["Flying Knee+1"],"picked":"SKIP","floor":44.0},{"not_picked":[],"picked":"Backflip+1","floor":45.0},{"not_picked":["Deadly Poison+1"],"picked":"SKIP","floor":46.0},{"not_picked":["Bane"],"picked":"SKIP","floor":47},{"not_picked":["Underhanded Strike"],"picked":"SKIP","floor":48}],"player_experience":586387,"relics_obtained":[{"floor":7.0,"key":"Frozen Egg 2"},{"floor":9.0,"key":"Tiny Chest"},{"floor":14.0,"key":"Potion Belt"},{"floor":26.0,"key":"Sundial"},{"floor":29.0,"key":"Happy Flower"},{"floor":31.0,"key":"Dead Branch"},{"floor":40.0,"key":"MawBank"},{"floor":42.0,"key":"Ice Cream"},{"floor":43.0,"key":"Peace Pipe"},{"floor":46.0,"key":"Snake Skull"}],"event_choices":[{"damage_healed":0.0,"max_hp_gain":0.0,"max_hp_loss":0.0,"gold_gain":0.0,"event_name":"Lab","player_choice":"Got Potions","floor":3.0,"gold_loss":0.0,"damage_taken":0.0},{"damage_healed":0.0,"max_hp_gain":0.0,"max_hp_loss":0.0,"gold_gain":0.0,"event_name":"Addict","player_choice":"Stole Relic","floor":24.0,"gold_loss":0.0,"damage_taken":0.0,"relics_obtained":["Anchor"],"cards_obtained":["Shame"]},{"cards_removed":["Deadly Poison"],"damage_healed":0.0,"max_hp_gain":0.0,"max_hp_loss":0.0,"gold_gain":0.0,"event_name":"Falling","player_choice":"Removed Skill","floor":36.0,"gold_loss":0.0,"damage_taken":0.0},{"damage_healed":61.0,"max_hp_gain":0.0,"max_hp_loss":9.0,"gold_gain":0.0,"event_name":"The Moai Head","player_choice":"Heal","floor":38.0,"gold_loss":0.0,"damage_taken":0.0}],"is_beta":false,"boss_relics":[{"not_picked":["Lizard Tail","Velvet Choker"],"picked":"Busted Crown"},{"not_picked":["Runic Pyramid","Snecko Eye"],"picked":"Ring of the Serpent"}],"items_purged_floors":[37],"is_endless":false,"potions_floor_spawned":[1,5,14,16,20,31,33,40,45,47],"ascension_level":9}