{"gold_per_floor":[112,74,93,107,107,107,134,148,218,235,235,252,281,294,294,398,398,411,431,431,447,467,500,511,7,7,7,7,7,20,119,119,216,216,229,247,247,247],"floor_reached":38,"playtime":2268,"items_purged":["Strike_G"],"score":431,"play_id":"d2bf487d-0d86-48a8-ba1b-edd1e4e13147","local_time":"20181203234652","is_ascension_mode":true,"campfire_choices":[{"data":"Footwork","floor":6.0,"key":"SMITH"},{"floor":11.0,"key":"REST"},{"data":"A Thousand Cuts","floor":15.0,"key":"SMITH"},{"data":"Apotheosis","floor":27.0,"key":"SMITH"},{"floor":32,"key":"RECALL"}],"neow_cost":"NONE","seed_source_timestamp":0,"circlet_count":0,"master_deck":["Defend_G","Defend_G","Defend_G+1","Defend_G+1","Strike_G","Strike_G","Strike_G","Strike_G","Survivor","Neutralize","Footwork+1","Infinite Blades","Caltrops","Distraction","Noxious Fumes","Dodge and Roll","Poisoned Stab","A Thousand Cuts+1","Infinite Blades","PiercingWail","Backflip","After Image","Well Laid Plans","Deadly Poison+1","Cloak And Dagger+1","Caltrops+1","Accuracy","Cloak And Dagger","Apotheosis+1","A Thousand Cuts","Acrobatics+1","Accuracy"],"special_seed":0,"relics":["Ring of the Snake","Bird Faced Urn","Pantograph","Potion Belt","Coffee Dripper","PreservedInsect","Smiling Mask","War Paint","Nilry\u0027s Codex","WristBlade","Meat on the Bone"],"potions_floor_usage":[36,38],"damage_taken":[{"damage":0.0,"enemies":"Small Slimes","floor":1.0,"turns":4.0},{"damage":6.0,"enemies":"Cultist","floor":3.0,"turns":4.0},{"damage":12.0,"enemies":"2 Louse","floor":4.0,"turns":4.0},{"damage":19.0,"enemies":"Lagavulin","floor":7.0,"turns":9.0},{"damage":9.0,"enemies":"Gremlin Gang","floor":8.0,"turns":3.0},{"damage":10.0,"enemies":"Large Slime","floor":10.0,"turns":7.0},{"damage":2.0,"enemies":"3 Louse","floor":12.0,"turns":3.0},{"damage":19.0,"enemies":"Gremlin Nob","floor":13.0,"turns":4.0},{"damage":5.0,"enemies":"Red Slaver","floor":14.0,"turns":5.0},{"damage":26.0,"enemies":"Slime Boss","floor":16.0,"turns":9.0},{"damage":1.0,"enemies":"Spheric Guardian","floor":18.0,"turns":6.0},{"damage":0.0,"enemies":"Shell Parasite","floor":19.0,"turns":6.0},{"damage":11.0,"enemies":"Sentry and Sphere","floor":21.0,"turns":6.0},{"damage":45.0,"enemies":"Chosen and Byrds","floor":22.0,"turns":7.0},{"damage":10.0,"enemies":"Book of Stabbing","floor":23.0,"turns":5.0},{"damage":17.0,"enemies":"Cultist and Chosen","floor":24.0,"turns":7.0},{"damage":7.0,"enemies":"Sentry and Sphere","floor":30.0,"turns":6.0},{"damage":18,"enemies":"Collector","floor":33,"turns":8},{"damage":41,"enemies":"3 Darklings","floor":35,"turns":4},{"damage":11,"enemies":"Orb Walker","floor":36,"turns":4},{"damage":57,"enemies":"Sphere and 2 Shapes","floor":38,"turns":3}],"seed_played":"3088504884453389041","potions_obtained":[{"floor":4.0,"key":"Ancient Potion"},{"floor":8.0,"key":"SkillPotion"},{"floor":10.0,"key":"SteroidPotion"},{"floor":16.0,"key":"Dexterity Potion"},{"floor":18.0,"key":"SkillPotion"},{"floor":19.0,"key":"SteroidPotion"},{"floor":24.0,"key":"PowerPotion"},{"floor":35,"key":"PowerPotion"}],"is_trial":false,"path_per_floor":["M","$","M","M","?","R","E","M","T","M","R","M","E","M","R","B",null,"M","M","?","M","M","E","M","$","T","R","$","?","M","M","?","R","B",null,"M","M","?","M"],"character_chosen":"THE_SILENT","items_purchased":["Caltrops","War Paint","Accuracy","Cloak And Dagger","Apotheosis"],"campfire_rested":1,"item_purchase_floors":[2,25,25,25,25],"current_hp_per_floor":[70,70,64,52,52,52,33,30,30,28,49,53,42,45,45,48,70,70,70,70,69,32,38,39,39,39,39,39,23,34,34,34,63,70,31,40,40,0],"gold":247,"neow_bonus":"THREE_CARDS","is_prod":false,"is_daily":false,"chose_seed":false,"campfire_upgraded":3,"win_rate":0,"timestamp":1543906012,"path_taken":["M","$","M","M","?","R","E","M","T","M","R","?","E","M","R","BOSS","M","M","?","M","?","E","M","$","T","R","$","?","M","?","R","BOSS","M","M","?","?"],"build_version":"2018-11-15","purchased_purges":1,"victory":false,"max_hp_per_floor":[70,70,70,70,70,70,70,70,70,70,70,70,70,70,70,70,70,70,70,70,70,70,70,70,70,70,70,70,70,70,70,70,70,70,70,70,70,70],"card_choices":[{"not_picked":["Deadly Poison","Flechettes"],"picked":"Footwork","floor":0.0},{"not_picked":["Acrobatics","Escape Plan"],"picked":"Infinite Blades","floor":1.0},{"not_picked":["Backflip","Flying Knee"],"picked":"Distraction","floor":3.0},{"not_picked":["Prepared","PiercingWail"],"picked":"Noxious Fumes","floor":4.0},{"not_picked":["Endless Agony","Deflect"],"picked":"Dodge and Roll","floor":7.0},{"not_picked":["Cloak And Dagger","Flechettes"],"picked":"Poisoned Stab","floor":8.0},{"not_picked":["Prepared","Cloak And Dagger"],"picked":"A Thousand Cuts","floor":10.0},{"not_picked":["Choke","Outmaneuver"],"picked":"Infinite Blades","floor":12.0},{"not_picked":["Deflect","Bane"],"picked":"PiercingWail","floor":13.0},{"not_picked":["Dagger Spray","Dodge and Roll"],"picked":"Backflip","floor":14.0},{"not_picked":["Night Terror","Corpse Explosion"],"picked":"After Image","floor":16.0},{"not_picked":["Deflect","Acrobatics+1"],"picked":"Well Laid Plans","floor":18.0},{"not_picked":["Escape Plan","Acrobatics"],"picked":"Deadly Poison+1","floor":19.0},{"not_picked":["Choke","Eviscerate"],"picked":"Cloak And Dagger+1","floor":21.0},{"not_picked":["Outmaneuver","Finisher+1"],"picked":"Caltrops+1","floor":22.0},{"not_picked":["Riddle With Holes","Slice","Prepared+1"],"picked":"SKIP","floor":23.0},{"not_picked":["Bane","Dodge and Roll+1","Underhanded Strike"],"picked":"SKIP","floor":24.0},{"not_picked":["Skewer","Flying Knee+1","Backstab"],"picked":"SKIP","floor":30},{"not_picked":["Venomology","Die Die Die"],"picked":"A Thousand Cuts","floor":33},{"not_picked":["Quick Slash+1","PiercingWail"],"picked":"Acrobatics+1","floor":35},{"not_picked":["Quick Slash+1","Finisher+1"],"picked":"Accuracy","floor":36}],"player_experience":665512,"relics_obtained":[{"floor":7.0,"key":"Bird Faced Urn"},{"floor":9.0,"key":"Pantograph"},{"floor":13.0,"key":"Potion Belt"},{"floor":23.0,"key":"Smiling Mask"},{"floor":29.0,"key":"Nilry\u0027s Codex"},{"floor":37,"key":"Meat on the Bone"}],"event_choices":[{"cards_removed":["Defend_G"],"damage_healed":0.0,"max_hp_gain":0.0,"max_hp_loss":0.0,"gold_gain":0.0,"event_name":"Bonfire Elementals","player_choice":"Offered Basic","floor":5.0,"gold_loss":0.0,"damage_taken":0.0},{"damage_healed":0.0,"max_hp_gain":0.0,"max_hp_loss":0.0,"gold_gain":0.0,"event_name":"WeMeetAgain","player_choice":"Gave Potion","floor":20.0,"gold_loss":0.0,"damage_taken":0.0,"relics_obtained":["PreservedInsect"]},{"damage_healed":0.0,"max_hp_gain":0.0,"max_hp_loss":0.0,"gold_gain":0.0,"event_name":"Cursed Tome","player_choice":"Obtained Book","floor":29.0,"gold_loss":0.0,"damage_taken":16.0},{"damage_healed":0,"gold_gain":99,"player_choice":"Stole From Cult","damage_taken":0,"max_hp_gain":0,"max_hp_loss":0,"event_name":"Nest","floor":31,"gold_loss":0},{"damage_healed":0,"gold_gain":0,"player_choice":"Relic","damage_taken":0,"max_hp_gain":0,"max_hp_loss":0,"event_name":"Wheel of Change","floor":37,"gold_loss":0}],"is_beta":false,"boss_relics":[{"not_picked":["Ectoplasm","HoveringKite"],"picked":"Coffee Dripper"},{"not_picked":["Philosopher\u0027s Stone","Empty Cage"],"picked":"WristBlade"}],"items_purged_floors":[25],"is_endless":false,"potions_floor_spawned":[4,8,10,16,18,19,24,35],"killed_by":"Sphere and 2 Shapes","ascension_level":1}