{"gold_per_floor":[116,130,149,4,15,15,35,55,104,104,104,104,130,144,144,242,242,260,277,297,308,28,28,55,66,90,90,123,47,47,47,47,144,144,158,229,33,44,0,31,31,131,131,131,151,162,181,181,181,181],"floor_reached":51,"playtime":2061,"items_purged":["Strike_B","Strike_B"],"score":958,"play_id":"4655f2a3-f8fc-47ef-b094-a87bf9848d20","local_time":"20190318132245","is_ascension_mode":true,"campfire_choices":[{"floor":6,"key":"REST"},{"data":"White Noise","floor":10,"key":"SMITH"},{"data":"Genetic Algorithm","floor":12,"key":"SMITH"},{"data":"Static Discharge","floor":15,"key":"SMITH"},{"floor":23,"key":"REST"},{"data":"Echo Form","floor":27,"key":"SMITH"},{"data":"Defragment","floor":30,"key":"SMITH"},{"data":"Buffer","floor":32,"key":"SMITH"},{"data":"Biased Cognition","floor":44,"key":"SMITH"},{"data":"Defragment","floor":49,"key":"SMITH"}],"neow_cost":"NONE","seed_source_timestamp":304267603057686,"circlet_count":0,"master_deck":["Strike_B","Defend_B","Defend_B","Defend_B","Defend_B","Dualcast","Coolheaded+1","Steam","White Noise+1","Static Discharge+1","Electrodynamics","Genetic Algorithm+1","BootSequence+1","Buffer+1","BootSequence","Ball Lightning","Biased Cognition+1","Ball Lightning","Defragment+1","Leap","Echo Form+1","Barrage+1","Self Repair","Static Discharge","White Noise+1","Hyperbeam","Ball Lightning+1","Defragment+1","Chaos+1","Defragment","Ball Lightning","Fusion+1","Leap+1","Defragment","Chaos+1"],"relics":["Cracked Core","PreservedInsect","Oddly Smooth Stone","Bottled Tornado","Black Star","Blood Vial","Toxic Egg 2","Dream Catcher","War Paint","Smiling Mask","Pocketwatch","Eternal Feather","Kunai","Red Mask","Strawberry","The Courier","Calipers","Cables"],"potions_floor_usage":[20,24,50,50],"damage_taken":[{"damage":1,"enemies":"Cultist","floor":1,"turns":3},{"damage":1,"enemies":"2 Louse","floor":2,"turns":3},{"damage":15,"enemies":"Jaw Worm","floor":3,"turns":4},{"damage":11,"enemies":"Blue Slaver","floor":5,"turns":5},{"damage":0,"enemies":"3 Louse","floor":7,"turns":2},{"damage":6,"enemies":"Large Slime","floor":8,"turns":3},{"damage":7,"enemies":"3 Sentries","floor":13,"turns":3},{"damage":2,"enemies":"Looter","floor":14,"turns":4},{"damage":11,"enemies":"Hexaghost","floor":16,"turns":9},{"damage":14,"enemies":"Spheric Guardian","floor":18,"turns":4},{"damage":0,"enemies":"3 Byrds","floor":19,"turns":3},{"damage":6,"enemies":"Snake Plant","floor":20,"turns":4},{"damage":3,"enemies":"Sentry and Sphere","floor":21,"turns":4},{"damage":16,"enemies":"Slavers","floor":24,"turns":3},{"damage":4,"enemies":"Centurion and Healer","floor":25,"turns":4},{"damage":0,"enemies":"Gremlin Leader","floor":28,"turns":4},{"damage":36,"enemies":"Collector","floor":33,"turns":8},{"damage":0,"enemies":"3 Darklings","floor":35,"turns":2},{"damage":19,"enemies":"Orb Walker","floor":38,"turns":4},{"damage":25,"enemies":"Reptomancer","floor":40,"turns":5},{"damage":0,"enemies":"Mind Bloom Boss Battle","floor":42,"turns":7},{"damage":31,"enemies":"Spire Growth","floor":45,"turns":5},{"damage":0,"enemies":"Sphere and 2 Shapes","floor":46,"turns":4},{"damage":4,"enemies":"Transient","floor":47,"turns":5},{"damage":82,"enemies":"Donu and Deca","floor":50,"turns":6}],"seed_played":"-2950156236544561858","potions_obtained":[{"floor":3,"key":"LiquidBronze"},{"floor":13,"key":"SteroidPotion"},{"floor":14,"key":"Block Potion"},{"floor":24,"key":"FairyPotion"},{"floor":25,"key":"Explosive Potion"},{"floor":46,"key":"FocusPotion"}],"is_trial":false,"path_per_floor":["M","?","M","$","$","?","T","?","?","?","?"],"character_chosen":"DEFECT","items_purchased":["Static Discharge","Defragment","Blood Vial","Leap","Static Discharge","Defragment","Chaos+1"],"campfire_rested":2,"item_purchase_floors":[4,22,22,22,29,37,37],"current_hp_per_floor":[74,73,58,58,47,69,69,63,63,63,63,63,56,54,54,43,75,61,61,55,52,52,74,59,57,57,57,59,59,59,59,59,25,75,75,75,75,56,56,47,47,56,56,74,45,54,59,59,78,7],"gold":181,"neow_bonus":"RANDOM_COMMON_RELIC","is_prod":false,"is_daily":false,"chose_seed":false,"campfire_upgraded":8,"win_rate":0,"timestamp":1552911765,"path_taken":["M","?","M","$","M","R","M","M","T","R","?","R","E","M","R","BOSS","M","M","M","?","?","R","E","M","T","R","E","?","R","?","R","BOSS","M","?","$","M","?","E","?","?","T","R","M","M","M","?","R","BOSS"],"build_version":"2019-01-23","purchased_purges":2,"victory":true,"max_hp_per_floor":[75,75,75,75,75,75,75,75,75,75,75,75,75,75,75,75,75,75,75,75,75,75,75,75,75,75,75,75,75,75,75,75,75,75,75,75,75,75,75,82,82,82,82,82,82,82,82,78,78,78],"card_choices":[{"not_picked":["Beam Cell","Melter"],"picked":"Coolheaded","floor":1},{"not_picked":["Sweeping Beam","Compile Driver"],"picked":"Steam","floor":2},{"not_picked":["Scrape","Leap"],"picked":"White Noise","floor":3},{"not_picked":["Streamline","Skim"],"picked":"Electrodynamics","floor":5},{"not_picked":["Gash","Cold Snap","Force Field"],"picked":"SKIP","floor":7},{"not_picked":["Steam Power","Heatsinks","Sweeping Beam"],"picked":"SKIP","floor":8},{"not_picked":["Reboot","Stack"],"picked":"BootSequence","floor":13},{"not_picked":["Coolheaded","Compile Driver","Recycle"],"picked":"SKIP","floor":14},{"not_picked":["Reboot","Meteor Strike"],"picked":"Buffer","floor":16},{"not_picked":["Gash","Compile Driver+1"],"picked":"BootSequence","floor":18},{"not_picked":["Steam","Melter+1"],"picked":"Ball Lightning","floor":19},{"not_picked":["Compile Driver+1","Blizzard"],"picked":"Biased Cognition","floor":20},{"not_picked":["Double Energy","Rip and Tear+1"],"picked":"Ball Lightning","floor":21},{"not_picked":["Doom and Gloom","Steam"],"picked":"Echo Form","floor":24},{"not_picked":["Reinforced Body+1","Compile Driver"],"picked":"Barrage+1","floor":25},{"not_picked":["Heatsinks","Cold Snap"],"picked":"Self Repair","floor":28},{"not_picked":["Meteor Strike","Reboot+1"],"picked":"Hyperbeam","floor":33},{"not_picked":["Hologram+1","Self Repair"],"picked":"Ball Lightning+1","floor":35},{"not_picked":["Darkness+1","Conserve Battery+1"],"picked":"Defragment","floor":38},{"not_picked":["Scrape+1","Melter"],"picked":"Ball Lightning","floor":40},{"not_picked":["Barrage","Gash+1"],"picked":"Fusion+1","floor":42},{"not_picked":["Skim+1","Beam Cell"],"picked":"Leap+1","floor":45},{"not_picked":["Blizzard","Leap+1"],"picked":"Defragment","floor":46},{"not_picked":["Doom and Gloom","Rebound+1"],"picked":"Chaos+1","floor":47}],"player_experience":381223,"relics_obtained":[{"floor":9,"key":"Oddly Smooth Stone"},{"floor":13,"key":"Bottled Tornado"},{"floor":24,"key":"Toxic Egg 2"},{"floor":24,"key":"Dream Catcher"},{"floor":26,"key":"War Paint"},{"floor":28,"key":"Smiling Mask"},{"floor":28,"key":"Pocketwatch"},{"floor":36,"key":"Kunai"},{"floor":40,"key":"Strawberry"},{"floor":40,"key":"The Courier"},{"floor":42,"key":"Calipers"},{"floor":43,"key":"Cables"}],"event_choices":[{"damage_healed":0,"gold_gain":0,"cards_transformed":["Strike_B"],"player_choice":"Transformed","damage_taken":0,"max_hp_gain":0,"max_hp_loss":0,"event_name":"Transmorgrifier","floor":11,"gold_loss":0,"cards_obtained":["Genetic Algorithm"]},{"damage_healed":0,"gold_gain":0,"player_choice":"Copied","damage_taken":0,"max_hp_gain":0,"max_hp_loss":0,"event_name":"Duplicator","floor":31,"gold_loss":0,"cards_obtained":["White Noise"]},{"damage_healed":0,"gold_gain":0,"player_choice":"Paid","damage_taken":0,"relics_obtained":["Red Mask"],"max_hp_gain":0,"max_hp_loss":0,"event_name":"Tomb of Lord Red Mask","floor":39,"gold_loss":44},{"cards_removed":["Zap"],"damage_healed":0,"gold_gain":0,"player_choice":"Removed Skill","damage_taken":0,"max_hp_gain":0,"max_hp_loss":0,"event_name":"Falling","floor":41,"gold_loss":0},{"damage_healed":0,"gold_gain":0,"player_choice":"Fight","damage_taken":0,"max_hp_gain":0,"max_hp_loss":0,"event_name":"MindBloom","floor":42,"gold_loss":0},{"damage_healed":0,"gold_gain":0,"player_choice":"Max HP","damage_taken":0,"max_hp_gain":0,"max_hp_loss":4,"event_name":"Winding Halls","floor":48,"gold_loss":0}],"is_beta":false,"boss_relics":[{"not_picked":["Coffee Dripper","Runic Pyramid"],"picked":"Black Star"},{"not_picked":["Snecko Eye","Pandora\u0027s Box"],"picked":"Eternal Feather"}],"items_purged_floors":[4,37],"is_endless":false,"potions_floor_spawned":[3,13,14,16,18,24,25,28,35,46,47],"ascension_level":4}