{"gold_per_floor":[115,134,146,96,96,128,128,154,154,182,182,73,88,99,99,202,202,217,235,247,247,259,284,295,295,295,295,328,345,85,95,95,200,200,214,214,226,226,226,257,257,274,274,274,304,304,59,71,71,71],"floor_reached":51,"playtime":3097,"items_purged":["Strike_R","Doubt"],"score":1086,"play_id":"e26b2fdc-e356-4ce5-a977-41e230fc08c8","local_time":"20190320133519","is_ascension_mode":true,"campfire_choices":[{"data":"Demon Form","floor":7,"key":"SMITH"},{"data":"Body Slam","floor":11,"key":"SMITH"},{"data":"Bash","floor":15,"key":"SMITH"},{"floor":25,"key":"REST"},{"data":"Juggernaut","floor":32,"key":"SMITH"},{"floor":41,"key":"REST"},{"data":"Juggernaut","floor":46,"key":"SMITH"},{"floor":49,"key":"REST"}],"neow_cost":"NONE","seed_source_timestamp":473993107152793,"circlet_count":0,"master_deck":["Strike_R","Defend_R","Defend_R+1","Defend_R","Defend_R","Bash+1","Flame Barrier+1","Body Slam+1","Shrug It Off","Armaments+1","Demon Form+1","Second Wind","Sentinel+1","Dropkick","Cleave","Ghostly Armor","Juggernaut+1","Headbutt","Corruption","Disarm","Heavy Blade+1","Bludgeon","Flex","Infernal Blade","True Grit","Barricade","Shrug It Off","Heavy Blade+1","Juggernaut+1","Clash+1","Clash+1","Corruption","Ghostly Armor"],"relics":["Burning Blood","Juzu Bracelet","War Paint","Gremlin Horn","Bottled Lightning","Snecko Eye","Nilry\u0027s Codex","Kunai","Molten Egg 2","Sundial","Philosopher\u0027s Stone","Paper Frog","Singing Bowl","Unceasing Top"],"potions_floor_usage":[18,20,23,28,30,31,37,40,50],"damage_taken":[{"damage":2,"enemies":"Jaw Worm","floor":1,"turns":4},{"damage":5,"enemies":"Cultist","floor":2,"turns":4},{"damage":0,"enemies":"2 Louse","floor":3,"turns":4},{"damage":21,"enemies":"Gremlin Nob","floor":6,"turns":5},{"damage":13,"enemies":"Lagavulin","floor":10,"turns":9},{"damage":0,"enemies":"2 Fungi Beasts","floor":13,"turns":4},{"damage":3,"enemies":"Looter","floor":14,"turns":3},{"damage":17,"enemies":"The Guardian","floor":16,"turns":11},{"damage":18,"enemies":"Shell Parasite","floor":18,"turns":8},{"damage":0,"enemies":"Chosen","floor":19,"turns":5},{"damage":16,"enemies":"Sentry and Sphere","floor":20,"turns":5},{"damage":3,"enemies":"Snake Plant","floor":22,"turns":4},{"damage":18,"enemies":"Slavers","floor":23,"turns":3},{"damage":0,"enemies":"Chosen and Byrds","floor":24,"turns":4},{"damage":13,"enemies":"Book of Stabbing","floor":28,"turns":5},{"damage":0,"enemies":"Snecko","floor":29,"turns":3},{"damage":15,"enemies":"Centurion and Healer","floor":31,"turns":4},{"damage":20,"enemies":"Automaton","floor":33,"turns":6},{"damage":0,"enemies":"3 Shapes","floor":35,"turns":3},{"damage":24,"enemies":"3 Darklings","floor":37,"turns":5},{"damage":24,"enemies":"Nemesis","floor":40,"turns":7},{"damage":11,"enemies":"Spire Growth","floor":42,"turns":5},{"damage":11,"enemies":"Giant Head","floor":45,"turns":7},{"damage":21,"enemies":"Transient","floor":48,"turns":5},{"damage":75,"enemies":"Awakened One","floor":50,"turns":7}],"seed_played":"-5466968391361946060","potions_obtained":[{"floor":6,"key":"Explosive Potion"},{"floor":14,"key":"Block Potion"},{"floor":20,"key":"Weak Potion"},{"floor":22,"key":"AttackPotion"},{"floor":24,"key":"GamblersBrew"},{"floor":29,"key":"Fruit Juice"},{"floor":33,"key":"Dexterity Potion"},{"floor":35,"key":"Energy Potion"},{"floor":37,"key":"Weak Potion"},{"floor":45,"key":"FearPotion"}],"is_trial":false,"path_per_floor":["?","?","T","?","?","?","?","?","?"],"character_chosen":"IRONCLAD","items_purchased":["Sentinel","Dropkick","Barricade","Shrug It Off","Corruption","Ghostly Armor"],"campfire_rested":3,"item_purchase_floors":[12,12,30,30,47,47],"current_hp_per_floor":[76,77,80,80,80,65,65,65,65,58,58,58,64,67,67,56,74,62,68,58,42,45,33,39,63,63,63,56,62,67,58,58,44,75,81,81,63,63,63,45,70,65,65,85,82,82,82,69,89,20],"gold":71,"neow_bonus":"TRANSFORM_CARD","is_prod":false,"is_daily":false,"chose_seed":false,"campfire_upgraded":5,"win_rate":0,"timestamp":1553085319,"path_taken":["M","M","M","?","?","E","R","?","T","E","R","$","M","M","R","BOSS","M","M","M","?","M","E","M","R","T","?","E","M","$","M","R","BOSS","M","?","M","?","?","E","R","M","T","?","E","R","$","M","R","BOSS"],"build_version":"2019-01-23","purchased_purges":2,"victory":true,"max_hp_per_floor":[80,80,80,80,80,80,80,80,80,80,80,80,80,80,80,80,80,80,80,80,80,80,80,80,80,80,80,80,80,85,85,85,85,85,85,85,85,85,85,85,85,85,85,85,87,87,87,89,89,89],"card_choices":[{"not_picked":["Headbutt","Pummel"],"picked":"Body Slam","floor":1},{"not_picked":["Warcry","Second Wind"],"picked":"Shrug It Off","floor":2},{"not_picked":["Havoc","Sword Boomerang"],"picked":"Armaments","floor":3},{"not_picked":["Flex","Rupture"],"picked":"Demon Form","floor":6},{"not_picked":["Blood for Blood","Bloodletting"],"picked":"Second Wind","floor":10},{"not_picked":["Sever Soul","Searing Blow"],"picked":"Cleave","floor":13},{"not_picked":["Intimidate","Bloodletting"],"picked":"Ghostly Armor","floor":14},{"not_picked":["Impervious","Limit Break"],"picked":"Juggernaut","floor":16},{"not_picked":["Reckless Charge","Rampage"],"picked":"Headbutt","floor":18},{"not_picked":["Searing Blow+1","Armaments+1"],"picked":"Corruption","floor":19},{"not_picked":["True Grit","Body Slam"],"picked":"Disarm","floor":20},{"not_picked":["Hemokinesis","Seeing Red+1"],"picked":"Heavy Blade+1","floor":22},{"not_picked":["Wild Strike","Warcry"],"picked":"Bludgeon","floor":23},{"not_picked":["Twin Strike","Dual Wield"],"picked":"Flex","floor":24},{"not_picked":["Perfected Strike+1","Armaments"],"picked":"Infernal Blade","floor":28},{"not_picked":["Clothesline+1","Dropkick+1"],"picked":"True Grit","floor":29},{"not_picked":["True Grit","Sever Soul+1"],"picked":"Heavy Blade+1","floor":31},{"not_picked":["Impervious","Brutality"],"picked":"Juggernaut","floor":33},{"not_picked":["Cleave+1","Intimidate+1","Fire Breathing"],"picked":"SKIP","floor":35},{"not_picked":["Clothesline+1","Iron Wave+1"],"picked":"Clash+1","floor":37},{"not_picked":["Fire Breathing+1","Anger+1","Blood for Blood+1"],"picked":"SKIP","floor":40},{"not_picked":["Twin Strike+1","Combust+1"],"picked":"Clash+1","floor":42},{"not_picked":["Offering","Clash+1","Immolate+1"],"picked":"Singing Bowl","floor":45},{"not_picked":["Havoc+1","Pommel Strike+1","Clash+1"],"picked":"Singing Bowl","floor":48}],"player_experience":426756,"relics_obtained":[{"floor":6,"key":"Juzu Bracelet"},{"floor":8,"key":"War Paint"},{"floor":9,"key":"Gremlin Horn"},{"floor":10,"key":"Bottled Lightning"},{"floor":21,"key":"Nilry\u0027s Codex"},{"floor":23,"key":"Kunai"},{"floor":26,"key":"Molten Egg 2"},{"floor":28,"key":"Sundial"},{"floor":40,"key":"Paper Frog"},{"floor":43,"key":"Singing Bowl"},{"floor":45,"key":"Unceasing Top"}],"event_choices":[{"cards_removed":["Strike_R"],"damage_healed":0,"gold_gain":0,"player_choice":"Card Removal","damage_taken":0,"max_hp_gain":0,"max_hp_loss":0,"event_name":"The Cleric","floor":4,"gold_loss":50},{"damage_healed":0,"gold_gain":0,"player_choice":"Grow","damage_taken":0,"max_hp_gain":0,"max_hp_loss":0,"event_name":"Living Wall","floor":5,"gold_loss":0,"cards_upgraded":["Armaments"]},{"damage_healed":0,"gold_gain":0,"player_choice":"Obtained Book","damage_taken":16,"max_hp_gain":0,"max_hp_loss":0,"event_name":"Cursed Tome","floor":21,"gold_loss":0},{"damage_healed":0,"gold_gain":0,"player_choice":"Upgraded","damage_taken":0,"max_hp_gain":0,"max_hp_loss":0,"event_name":"Upgrade Shrine","floor":27,"gold_loss":0,"cards_upgraded":["Sentinel"]},{"damage_healed":0,"gold_gain":0,"player_choice":"Ignored","damage_taken":0,"max_hp_gain":0,"max_hp_loss":0,"event_name":"Mysterious Sphere","floor":36,"gold_loss":0},{"damage_healed":0,"gold_gain":0,"player_choice":"Ignored","damage_taken":0,"max_hp_gain":0,"max_hp_loss":0,"event_name":"Tomb of Lord Red Mask","floor":38,"gold_loss":0},{"cards_removed":["Strike_R"],"damage_healed":0,"gold_gain":0,"player_choice":"Removed Attack","damage_taken":0,"max_hp_gain":0,"max_hp_loss":0,"event_name":"Falling","floor":39,"gold_loss":0},{"damage_healed":20,"gold_gain":0,"player_choice":"Heal","damage_taken":0,"max_hp_gain":0,"max_hp_loss":0,"event_name":"MindBloom","floor":44,"gold_loss":0,"cards_obtained":["Doubt"]}],"is_beta":false,"boss_relics":[{"not_picked":["Velvet Choker","Coffee Dripper"],"picked":"Snecko Eye"},{"not_picked":["Runic Pyramid","Black Blood"],"picked":"Philosopher\u0027s Stone"}],"items_purged_floors":[30,47],"is_endless":false,"potions_floor_spawned":[6,14,20,22,24,29,33,35,37,45],"ascension_level":9}