{"gold_per_floor":[113,113,188,199,210,237,62,96,145,145,160,174,208,224,224,324,324,337,13,28,47,59,59,59],"floor_reached":24,"playtime":1320,"items_purged":["Defend_B"],"score":336,"play_id":"723c02e6-97f6-469d-aea8-45862b153d26","local_time":"20190312133500","is_ascension_mode":true,"campfire_choices":[{"floor":15,"key":"REST"},{"data":"Beam Cell","floor":23,"key":"SMITH"}],"neow_cost":"","seed_source_timestamp":1724282055957571,"circlet_count":0,"master_deck":["Strike_B+1","Strike_B","Strike_B","Strike_B","Defend_B","Defend_B+1","Defend_B","Zap","Dualcast","Ball Lightning+1","Rebound+1","Leap","Double Energy","Coolheaded","Coolheaded","Rebound","Coolheaded","Conserve Battery","Echo Form","Conserve Battery","Beam Cell+1","Compile Driver+1"],"special_seed":0,"relics":["Cracked Core","Meat on the Bone","Whetstone","Oddly Smooth Stone","Omamori","Mango","Boot","Black Star","Bottled Tornado"],"potions_floor_usage":[24,24],"damage_taken":[{"damage":1.0,"enemies":"Jaw Worm","floor":1.0,"turns":4.0},{"damage":0.0,"enemies":"2 Louse","floor":4.0,"turns":2.0},{"damage":1.0,"enemies":"Cultist","floor":5.0,"turns":3.0},{"damage":32.0,"enemies":"Gremlin Nob","floor":6.0,"turns":4.0},{"damage":14.0,"enemies":"3 Sentries","floor":8.0,"turns":7.0},{"damage":17.0,"enemies":"Gremlin Gang","floor":11.0,"turns":4.0},{"damage":18.0,"enemies":"Exordium Thugs","floor":12.0,"turns":4.0},{"damage":12.0,"enemies":"Lagavulin","floor":13.0,"turns":5.0},{"damage":14,"enemies":"Lots of Slimes","floor":14,"turns":3},{"damage":25,"enemies":"Slime Boss","floor":16,"turns":15},{"damage":22,"enemies":"3 Byrds","floor":18,"turns":5},{"damage":2,"enemies":"Shell Parasite","floor":20,"turns":8},{"damage":26,"enemies":"Sentry and Sphere","floor":21,"turns":6},{"damage":0,"enemies":"Snecko","floor":22,"turns":7},{"damage":55,"enemies":"Gremlin Leader","floor":24,"turns":8}],"seed_played":"2275812192996977308","potions_obtained":[{"floor":4.0,"key":"Weak Potion"},{"floor":6.0,"key":"SpeedPotion"},{"floor":12.0,"key":"Ancient Potion"},{"floor":14,"key":"SpeedPotion"},{"floor":21,"key":"PowerPotion"}],"is_trial":true,"path_per_floor":["M","?","?","M","M","E","$","E","T","T","M","M","E","M","R","B",null,"M","$","M","M","M","R","E"],"character_chosen":"DEFECT","items_purchased":["Whetstone","Coolheaded","Bottled Tornado"],"campfire_rested":1,"item_purchase_floors":[7,7,19],"current_hp_per_floor":[74,59,52,52,51,19,19,17,17,31,26,20,20,18,44,31,89,67,67,65,51,51,51,0],"gold":59,"neow_bonus":"","is_prod":false,"is_daily":false,"chose_seed":false,"campfire_upgraded":1,"win_rate":0,"timestamp":1552419300,"path_taken":["M","?","?","?","?","E","$","E","T","?","M","?","E","M","R","BOSS","M","$","M","M","M","R","E"],"build_version":"2019-01-23","purchased_purges":1,"victory":false,"max_hp_per_floor":[75,75,75,75,75,75,75,75,75,89,89,89,89,89,89,89,89,89,89,89,89,89,89,89],"card_choices":[{"not_picked":["Reinforced Body","Storm"],"picked":"Ball Lightning","floor":1.0},{"not_picked":["Compile Driver","Stack"],"picked":"Rebound","floor":4.0},{"not_picked":["Gash","Go for the Eyes"],"picked":"Leap","floor":5.0},{"not_picked":["Compile Driver","Barrage"],"picked":"Double Energy","floor":6.0},{"not_picked":["FTL","Darkness"],"picked":"Coolheaded","floor":8.0},{"not_picked":["Streamline","Stack"],"picked":"Rebound","floor":11.0},{"not_picked":["Steam Power","Compile Driver","Redo"],"picked":"SKIP","floor":12.0},{"not_picked":["Streamline","Storm"],"picked":"Coolheaded","floor":13},{"not_picked":["Undo","Skim"],"picked":"Conserve Battery","floor":14},{"not_picked":["Meteor Strike","Machine Learning"],"picked":"Echo Form","floor":16},{"not_picked":["Sweeping Beam","Static Discharge+1"],"picked":"Conserve Battery","floor":18},{"not_picked":["Steam Power","Go for the Eyes"],"picked":"Beam Cell","floor":20},{"not_picked":["Stack","Streamline"],"picked":"Compile Driver+1","floor":21},{"not_picked":["Streamline","Coolheaded","Blizzard"],"picked":"SKIP","floor":22}],"player_experience":781077,"relics_obtained":[{"floor":6.0,"key":"Meat on the Bone"},{"floor":8.0,"key":"Oddly Smooth Stone"},{"floor":9.0,"key":"Omamori"},{"floor":10.0,"key":"Mango"},{"floor":13,"key":"Boot"}],"event_choices":[{"damage_healed":0.0,"max_hp_gain":0.0,"max_hp_loss":0.0,"gold_gain":0.0,"event_name":"Shining Light","player_choice":"Entered Light","floor":2.0,"gold_loss":0.0,"damage_taken":15.0,"cards_upgraded":["Ball Lightning","Defend_B"]},{"damage_healed":0.0,"max_hp_gain":0.0,"max_hp_loss":0.0,"gold_gain":75.0,"event_name":"FaceTrader","player_choice":"Touch","floor":3.0,"gold_loss":0.0,"damage_taken":7.0}],"is_beta":false,"boss_relics":[{"not_picked":["Coffee Dripper","Runic Dome"],"picked":"Black Star"}],"items_purged_floors":[19],"is_endless":true,"potions_floor_spawned":[4,6,12,14,21],"killed_by":"Gremlin Leader","ascension_level":1}