{"gold_per_floor":[112,112,125,138,158,158,169,1,83,83,108,108,121,139,139,215,215,230,242,242],"floor_reached":20,"playtime":1132,"items_purged":["Defend_G"],"score":303,"play_id":"91431cbc-b9b7-4292-8047-d48746f9d723","local_time":"20190215143021","is_ascension_mode":true,"campfire_choices":[{"floor":6.0,"key":"REST"},{"floor":12.0,"key":"REST"},{"floor":15.0,"key":"REST"}],"neow_cost":"NONE","seed_source_timestamp":0,"circlet_count":0,"master_deck":["AscendersBane","Defend_G","Defend_G","Defend_G","Defend_G","Strike_G","Strike_G","Strike_G","Strike_G","Survivor","Neutralize+1","Flying Knee","Cloak And Dagger","Riddle With Holes","Poisoned Stab","Noxious Fumes","Caltrops","Flying Knee","Unload+1","Backstab+1","Deflect","Tools of the Trade","Poisoned Stab+1","Backflip"],"special_seed":0,"relics":["Ring of the Snake","Molten Egg 2","StoneCalendar","Sozu"],"potions_floor_usage":[],"damage_taken":[{"damage":0.0,"enemies":"Jaw Worm","floor":1.0,"turns":6.0},{"damage":0.0,"enemies":"2 Louse","floor":3.0,"turns":2.0},{"damage":2.0,"enemies":"Cultist","floor":4.0,"turns":5.0},{"damage":34.0,"enemies":"Gremlin Gang","floor":5.0,"turns":8.0},{"damage":5.0,"enemies":"Large Slime","floor":7.0,"turns":6.0},{"damage":20.0,"enemies":"Gremlin Nob","floor":11.0,"turns":4.0},{"damage":1.0,"enemies":"2 Fungi Beasts","floor":13.0,"turns":3.0},{"damage":0.0,"enemies":"Exordium Thugs","floor":14.0,"turns":3.0},{"damage":23.0,"enemies":"Slime Boss","floor":16.0,"turns":7.0},{"damage":17.0,"enemies":"2 Thieves","floor":18.0,"turns":4.0},{"damage":17,"enemies":"Shell Parasite","floor":19,"turns":6},{"damage":22,"enemies":"Snake Plant","floor":20,"turns":3}],"seed_played":"3746381999698646172","potions_obtained":[{"floor":1.0,"key":"Ancient Potion"},{"floor":5.0,"key":"GamblersBrew"},{"floor":10.0,"key":"SkillPotion"},{"floor":10.0,"key":"PowerPotion"},{"floor":14.0,"key":"Ancient Potion"}],"is_trial":false,"path_per_floor":["M","?","M","M","M","R","M","$","T","?","E","R","M","M","R","B",null,"M","M","M"],"character_chosen":"THE_SILENT","items_purchased":["Caltrops","Flying Knee"],"campfire_rested":3,"item_purchase_floors":[8,8],"current_hp_per_floor":[59,52,52,50,16,35,30,30,30,30,10,29,28,28,47,24,56,39,22,0],"gold":242,"neow_bonus":"UPGRADE_CARD","is_prod":false,"is_daily":false,"chose_seed":false,"campfire_upgraded":0,"win_rate":0,"timestamp":1550266221,"path_taken":["M","?","M","M","M","R","M","$","T","?","E","R","M","M","R","BOSS","M","?","M"],"build_version":"2019-01-23","purchased_purges":1,"victory":false,"max_hp_per_floor":[66,66,66,66,66,66,66,66,66,66,66,66,66,66,66,66,66,66,66,66],"card_choices":[{"not_picked":["Eviscerate","PiercingWail"],"picked":"Flying Knee","floor":1.0},{"not_picked":["Bane","Catalyst"],"picked":"Cloak And Dagger","floor":3.0},{"not_picked":["Deflect","Setup"],"picked":"Riddle With Holes","floor":4.0},{"not_picked":["Acrobatics","Masterful Stab"],"picked":"Poisoned Stab","floor":5.0},{"not_picked":["Blade Dance","Dodge and Roll"],"picked":"Noxious Fumes","floor":7.0},{"not_picked":["A Thousand Cuts","Bane+1"],"picked":"Unload+1","floor":11.0},{"not_picked":["Backflip","Outmaneuver"],"picked":"Backstab+1","floor":13.0},{"not_picked":["Underhanded Strike+1","Calculated Gamble"],"picked":"Deflect","floor":14.0},{"not_picked":["Burst","Venomology"],"picked":"Tools of the Trade","floor":16.0},{"not_picked":["Infinite Blades","Dodge and Roll"],"picked":"Poisoned Stab+1","floor":18},{"not_picked":["Caltrops","Deflect"],"picked":"Backflip","floor":19}],"player_experience":727266,"relics_obtained":[{"floor":9.0,"key":"Molten Egg 2"},{"floor":11.0,"key":"StoneCalendar"}],"event_choices":[{"cards_removed":["Strike_G"],"damage_healed":0.0,"max_hp_gain":0.0,"max_hp_loss":0.0,"gold_gain":0.0,"event_name":"Golden Wing","player_choice":"Card Removal","floor":2.0,"gold_loss":0.0,"damage_taken":7.0},{"damage_healed":0.0,"max_hp_gain":0.0,"max_hp_loss":0.0,"gold_gain":0.0,"event_name":"Lab","player_choice":"Got Potions","floor":10.0,"gold_loss":0.0,"damage_taken":0.0}],"is_beta":false,"boss_relics":[{"not_picked":["Orrery","Runic Dome"],"picked":"Sozu"}],"items_purged_floors":[8],"is_endless":false,"potions_floor_spawned":[1,5,14,18],"killed_by":"Snake Plant","ascension_level":14}