{"gold_per_floor":[114,189,200,216,236,262,262,293,345,345,358,358,378,390,390,489,489,502,502,502,521,541,571,571,137,137,137,137],"floor_reached":28,"playtime":1110,"items_purged":["Defend_R"],"score":273,"play_id":"d207f8f1-1ffb-4f37-b5fd-70552c78aa16","local_time":"20180716011131","is_ascension_mode":false,"campfire_choices":[{"data":"Body Slam","floor":7,"key":"SMITH"},{"data":"Body Slam","floor":10,"key":"SMITH"},{"data":"Shrug It Off","floor":12,"key":"SMITH"},{"data":"Spot Weakness","floor":15,"key":"SMITH"},{"data":"Sword Boomerang","floor":27,"key":"SMITH"}],"neow_cost":"NONE","seed_source_timestamp":88728097282556,"circlet_count":0,"master_deck":["Defend_R","Defend_R","Defend_R","Bash","Spot Weakness+1","Pommel Strike","Shrug It Off+1","Sword Boomerang+1","Body Slam+1","Flex","Body Slam+1","Shrug It Off+1","Heavy Blade","Double Tap+1","Searing Blow+1","Shrug It Off+1","Bite","Bite","Bite","Bite","Bite"],"relics":["Burning Blood","Pen Nib","Toxic Egg 2","Happy Flower","Odd Mushroom","Black Star","Ancient Tea Set","Art of War","Whetstone","ClockworkSouvenir","Bronze Scales","Pantograph"],"potions_floor_usage":[23,23,28],"damage_taken":[{"damage":3,"enemies":"Jaw Worm","floor":1,"turns":5},{"damage":1,"enemies":"2 Louse","floor":3,"turns":2},{"damage":5,"enemies":"Small Slimes","floor":4,"turns":3},{"damage":7,"enemies":"Looter","floor":5,"turns":4},{"damage":28,"enemies":"Lagavulin","floor":6,"turns":5},{"damage":14,"enemies":"3 Sentries","floor":8,"turns":6},{"damage":8,"enemies":"2 Fungi Beasts","floor":11,"turns":3},{"damage":15,"floor":13,"turns":3},{"damage":0,"enemies":"Gremlin Gang","floor":14,"turns":3},{"damage":33,"enemies":"The Guardian","floor":16,"turns":9},{"damage":0,"enemies":"Spheric Guardian","floor":18,"turns":3},{"damage":31,"enemies":"3 Byrds","floor":21,"turns":6},{"damage":13,"enemies":"Snecko","floor":22,"turns":4},{"damage":37,"enemies":"Slavers","floor":23,"turns":4},{"damage":30,"enemies":"Gremlin Leader","floor":28,"turns":6}],"seed_played":"-5860937656737282335","potions_obtained":[{"floor":6,"key":"SkillPotion"},{"floor":8,"key":"Strength Potion"},{"floor":13,"key":"Swift Potion"},{"floor":14,"key":"BloodPotion"},{"floor":21,"key":"Explosive Potion"}],"is_trial":false,"path_per_floor":["M","?","M","M","M","E","R","E","T","R","M","R","?","M","R","B",null,"M","?","?","M","M","E","?","$","T","R"],"character_chosen":"IRONCLAD","items_purchased":["ClockworkSouvenir","Bronze Scales"],"campfire_rested":0,"item_purchase_floors":[25,25],"current_hp_per_floor":[80,69,74,75,74,52,52,44,44,44,42,42,33,39,39,12,80,80,80,80,55,48,17,17,17,17,17,0],"gold":137,"neow_bonus":"TRANSFORM_CARD","is_prod":false,"is_daily":false,"chose_seed":false,"campfire_upgraded":5,"win_rate":0,"timestamp":1531725091,"path_taken":["M","?","M","M","M","E","R","E","T","R","M","R","?","M","R","BOSS","M","?","?","M","M","E","?","$","T","R","E"],"build_version":"2018-07-12","purchased_purges":1,"victory":false,"max_hp_per_floor":[80,80,80,80,80,80,80,80,80,80,80,80,80,80,80,80,80,80,80,80,80,80,80,56,56,56,56,56],"card_choices":[{"not_picked":["Clash","Flame Barrier"],"picked":"Pommel Strike","floor":1},{"not_picked":["Clash","Rupture"],"picked":"Shrug It Off","floor":3},{"not_picked":["Cleave","Armaments"],"picked":"Sword Boomerang","floor":4},{"not_picked":["Clothesline","Iron Wave"],"picked":"Body Slam","floor":5},{"not_picked":["Perfected Strike","Wild Strike"],"picked":"Flex","floor":6},{"not_picked":["Shockwave","Brutality"],"picked":"Body Slam","floor":8},{"not_picked":["Sword Boomerang","Pommel Strike"],"picked":"Shrug It Off+1","floor":11},{"not_picked":["Uppercut","Armaments+1"],"picked":"Heavy Blade","floor":13},{"not_picked":["Wild Strike","Heavy Blade","Body Slam"],"picked":"SKIP","floor":14},{"not_picked":["Immolate","Offering+1"],"picked":"Double Tap+1","floor":16},{"not_picked":["Whirlwind+1","Flex+1"],"picked":"Searing Blow+1","floor":18},{"not_picked":["Clothesline+1","Havoc+1","Headbutt+1"],"picked":"SKIP","floor":21},{"not_picked":["Evolve","Searing Blow+1","Uppercut"],"picked":"SKIP","floor":22},{"not_picked":["Headbutt","Warcry+1"],"picked":"Shrug It Off+1","floor":23}],"player_experience":209937,"relics_obtained":[{"floor":6,"key":"Pen Nib"},{"floor":8,"key":"Toxic Egg 2"},{"floor":9,"key":"Happy Flower"},{"floor":13,"key":"Odd Mushroom"},{"floor":23,"key":"Art of War"},{"floor":23,"key":"Whetstone"},{"floor":26,"key":"Pantograph"}],"event_choices":[{"event_name":"World of Goop","player_choice":"Gather Gold","floor":2,"damage_taken":0},{"event_name":"Mushrooms","player_choice":"Fought Mushrooms","floor":13,"damage_taken":0},{"event_name":"Ghosts","player_choice":"Ignored","floor":19,"damage_taken":0},{"event_name":"The Mausoleum","player_choice":"Yes","floor":20,"damage_taken":0},{"event_name":"Vampires","player_choice":"Became a vampire","floor":24,"damage_taken":0}],"boss_relics":[{"not_picked":["Runic Dome","Runic Cube"],"picked":"Black Star"}],"items_purged_floors":[25],"is_endless":false,"potions_floor_spawned":[6,8,13,14,21],"killed_by":"Gremlin Leader","ascension_level":0}