{"gold_per_floor":[119,119,135,60,10,41,41,55,55,74,93,103,27,44,44,44],"floor_reached":16,"playtime":613,"items_purged":["Strike_R"],"score":129,"play_id":"29bb6393-2332-419b-b602-4e9c262d2b50","local_time":"20181030151936","is_ascension_mode":false,"campfire_choices":[{"floor":7,"key":"RECALL"},{"data":"Whirlwind","floor":15,"key":"SMITH"}],"neow_cost":"NONE","seed_source_timestamp":861515561220518,"circlet_count":0,"master_deck":["Strike_R","Strike_R","Defend_R","Defend_R","Defend_R","Defend_R","Bash","True Grit","Iron Wave","Cleave","Shrug It Off","Twin Strike","Clothesline","Shrug It Off","Whirlwind+1","True Grit"],"relics":["Burning Blood","NeowsBlessing","Gremlin Horn"],"potions_floor_usage":[16],"damage_taken":[{"damage":0,"enemies":"Small Slimes","floor":1,"turns":1},{"damage":0,"enemies":"Cultist","floor":3,"turns":1},{"damage":0,"enemies":"Gremlin Nob","floor":6,"turns":1},{"damage":1,"enemies":"2 Louse","floor":8,"turns":3},{"damage":3,"enemies":"Exordium Wildlife","floor":10,"turns":3},{"damage":0,"enemies":"Large Slime","floor":11,"turns":8},{"damage":3,"enemies":"Red Slaver","floor":12,"turns":5},{"damage":6,"enemies":"Exordium Thugs","floor":14,"turns":5},{"damage":82,"enemies":"Hexaghost","floor":16,"turns":12}],"seed_played":"5101190422098055940","potions_obtained":[{"floor":3,"key":"SneckoOil"},{"floor":6,"key":"Weak Potion"},{"floor":10,"key":"Poison Potion"},{"floor":12,"key":"Block Potion"}],"is_trial":false,"path_per_floor":["M","?","M","$","?","E","R","M","T","M","M","M","$","M","R"],"character_chosen":"IRONCLAD","items_purchased":["Whirlwind"],"campfire_rested":0,"item_purchase_floors":[13],"current_hp_per_floor":[80,80,80,80,80,80,80,80,80,80,80,80,80,80,80,0],"gold":44,"neow_bonus":"THREE_ENEMY_KILL","is_prod":false,"is_daily":false,"chose_seed":false,"campfire_upgraded":1,"win_rate":0,"timestamp":1540909176,"path_taken":["M","?","M","$","?","E","R","?","T","M","M","M","?","M","R","BOSS"],"build_version":"2018-10-29v2","purchased_purges":1,"victory":false,"max_hp_per_floor":[80,80,80,80,80,80,80,80,80,80,80,80,80,80,80,80],"card_choices":[{"not_picked":["Body Slam","Wild Strike"],"picked":"True Grit","floor":1},{"not_picked":["Iron Wave","Carnage"],"picked":"Cleave","floor":3},{"not_picked":["Impervious","Armaments"],"picked":"Shrug It Off","floor":6},{"not_picked":["Evolve","Anger"],"picked":"Twin Strike","floor":8},{"not_picked":["Anger","Sword Boomerang"],"picked":"Clothesline","floor":10},{"not_picked":["Spot Weakness","Metallicize"],"picked":"Shrug It Off","floor":11},{"not_picked":["Blood for Blood","Power Through","Armaments"],"picked":"SKIP","floor":12},{"not_picked":["Berserk","Burning Pact"],"picked":"True Grit","floor":14}],"player_experience":37457,"relics_obtained":[{"floor":6,"key":"Gremlin Horn"}],"event_choices":[{"cards_removed":["Strike_R"],"damage_healed":0,"gold_gain":0,"player_choice":"Took Card","damage_taken":0,"max_hp_gain":0,"max_hp_loss":0,"event_name":"NoteForYourself","floor":2,"gold_loss":0,"cards_obtained":["Iron Wave"]},{"cards_removed":["Strike_R"],"damage_healed":0,"gold_gain":0,"player_choice":"Card Removal","damage_taken":0,"max_hp_gain":0,"max_hp_loss":0,"event_name":"The Cleric","floor":5,"gold_loss":50}],"is_beta":true,"boss_relics":[],"items_purged_floors":[4],"is_endless":false,"potions_floor_spawned":[3,6,10,12,14],"killed_by":"Hexaghost","ascension_level":0}