{"path_per_floor":["M","M","?","M","M","R","M","$","T","R","$","R","E","T","R","B",null,"M","M","?","$","?","R","M","?","T","R","E","R","M","T","R","B",null,"M","?","$","M","$","R","M","M","T","M","M","R","?","M","R","B"],"character_chosen":"DEFECT","items_purchased":["Capacitor","Storm","Bottled Tornado","Machine Learning","Capacitor"],"gold_per_floor":[361,376,376,391,402,402,412,292,292,292,123,123,153,202,202,303,303,316,336,336,91,91,91,110,110,110,110,141,141,161,161,161,262,262,272,317,155,168,119,119,130,145,145,157,170,170,0,12,12,12],"floor_reached":51,"campfire_rested":1,"playtime":2450,"current_hp_per_floor":[72,67,64,63,63,63,61,61,61,61,61,61,35,35,35,5,75,73,38,38,38,38,75,75,75,75,75,65,65,65,65,65,68,75,70,55,55,55,55,55,55,51,61,61,61,61,61,61,61,60],"items_purged":["Doubt","Strike_B"],"gold":12,"score":692,"play_id":"c1bb812f-9c42-457b-8820-22b4953153e8","local_time":"20180502000339","is_prod":false,"is_daily":false,"chose_seed":false,"is_ascension_mode":false,"campfire_upgraded":10,"timestamp":1525237419,"path_taken":["M","M","?","M","?","R","?","$","T","R","$","R","E","?","R","BOSS","M","M","?","$","?","R","M","?","T","R","E","R","M","?","R","BOSS","M","?","$","M","$","R","M","?","T","M","M","R","?","M","R","BOSS"],"build_version":"2018-05-01","seed_source_timestamp":1370921657192784,"purchased_purges":3,"victory":true,"master_deck":["Strike_B+1","Strike_B+1","Strike_B+1","Defend_B+1","Defend_B+1","Defend_B+1","Defend_B+1","Zap","Dualcast","Impulse+1","Capacitor+1","Defragment+1","Buffer+1","Capacitor+1","Storm+1","Genetic Algorithm+1","Rainbow+1","FTL+1","Glacier+1","White Noise+1","Ball Lightning+1","Creative AI+1","Ball Lightning+1","Buffer+1","Machine Learning+1","Stack+1","Capacitor+1","Auto Shields+1","Capacitor+1","Cold Snap+1","Beam Cell"],"max_hp_per_floor":[75,75,75,75,75,75,75,75,75,75,75,75,75,75,75,75,75,75,75,75,75,75,75,75,75,75,75,75,75,75,75,75,75,75,75,75,75,75,75,75,75,75,85,85,85,85,85,85,85,85],"relics":["Cracked Core","Regal Pillow","Ornamental Fan","Pantograph","Lantern","Black Star","Bottled Tornado","Mercury Hourglass","Frozen Egg 2","Mummified Hand","Gremlin Horn","Girya","Sozu","Unceasing Top","Pear","Red Mask"],"card_choices":[{"not_picked":["Hologram","Axe Kick"],"picked":"Impulse","floor":1.0},{"not_picked":["Turbo","Beam Cell"],"picked":"Capacitor","floor":2.0},{"not_picked":["Stack","Rebound"],"picked":"Defragment","floor":4.0},{"not_picked":["FTL","Undo"],"picked":"Buffer","floor":5.0},{"not_picked":["Streamline","Gash"],"picked":"Genetic Algorithm","floor":13.0},{"not_picked":["Hyperbeam","Fusion"],"picked":"Rainbow","floor":16.0},{"not_picked":["Gash","Impulse"],"picked":"FTL","floor":18.0},{"not_picked":["Self Repair","Gash"],"picked":"Glacier","floor":19.0},{"not_picked":["Heatsinks","Hologram"],"picked":"White Noise","floor":24.0},{"not_picked":["Self Repair","Hologram"],"picked":"Ball Lightning","floor":30.0},{"not_picked":["Echo Form","Thunder Strike"],"picked":"Creative AI","floor":33.0},{"not_picked":["Leap","Go for the Eyes"],"picked":"Ball Lightning","floor":35.0},{"not_picked":["Chaos","Leap"],"picked":"Buffer","floor":36},{"not_picked":["Steam Power","Rebound"],"picked":"Stack","floor":38},{"not_picked":["Axe Kick","Reinforced Body"],"picked":"Auto Shields","floor":42},{"not_picked":["Scrape","Ball Lightning"],"picked":"Capacitor","floor":44},{"not_picked":["Ball Lightning","Turbo"],"picked":"Cold Snap","floor":45},{"not_picked":["Consume","Chill"],"picked":"Beam Cell","floor":48}],"player_experience":27203,"potions_floor_usage":[50],"damage_taken":[{"damage":3.0,"enemies":"Jaw Worm","floor":1.0,"turns":3.0},{"damage":5.0,"enemies":"Small Slimes","floor":2.0,"turns":3.0},{"damage":1.0,"enemies":"Cultist","floor":4.0,"turns":3.0},{"damage":0.0,"enemies":"Gremlin Gang","floor":5.0,"turns":4.0},{"damage":2.0,"enemies":"Exordium Wildlife","floor":7.0,"turns":4.0},{"damage":26.0,"enemies":"Lagavulin","floor":13.0,"turns":5.0},{"damage":55.0,"enemies":"Hexaghost","floor":16.0,"turns":8.0},{"damage":2.0,"enemies":"3 Byrds","floor":18.0,"turns":4.0},{"damage":35.0,"enemies":"2 Thieves","floor":19.0,"turns":4.0},{"damage":0.0,"enemies":"Snake Plant","floor":24.0,"turns":3.0},{"damage":10.0,"enemies":"Book of Stabbing","floor":28.0,"turns":5.0},{"damage":0.0,"enemies":"Centurion and Healer","floor":30.0,"turns":7.0},{"damage":7.0,"enemies":"Collector","floor":33.0,"turns":8.0},{"damage":5.0,"enemies":"Orb Walker","floor":35.0,"turns":3.0},{"damage":15,"enemies":"Mysterious Sphere","floor":36,"turns":3},{"damage":0,"enemies":"3 Darklings","floor":38,"turns":3},{"damage":0,"enemies":"Flame Bruiser 2 Orb","floor":41,"turns":4},{"damage":4,"enemies":"4 Shapes","floor":42,"turns":4},{"damage":0,"enemies":"Maw","floor":44,"turns":5},{"damage":0,"enemies":"Sphere and 2 Shapes","floor":45,"turns":3},{"damage":0,"enemies":"Spire Growth","floor":48,"turns":3},{"damage":25,"enemies":"Donu and Deca","floor":50,"turns":8}],"event_choices":[{"event_name":"Scrap Ooze","player_choice":"success","floor":3.0,"damage_taken":3.0},{"event_name":"Back to Basics","player_choice":"Simplicity","floor":20.0,"damage_taken":0.0},{"event_name":"The Mausoleum","player_choice":"Yes","floor":22.0,"damage_taken":0.0},{"event_name":"Ghosts","player_choice":"Ignored","floor":25.0,"damage_taken":0.0},{"event_name":"Mysterious Sphere","player_choice":"Fight","floor":36,"damage_taken":0},{"event_name":"Tomb of Lord Red Mask","player_choice":"Paid","floor":47,"damage_taken":0}],"boss_relics":[],"potions_floor_spawned":[1,7,13,24,28,30,36,41,44,48],"seed_played":"7502219703276661321","ascension_level":0,"is_trial":false}