{"gold_per_floor":[119,119,119,134,146,146,146,146,192,50,80,10,10,28,28,131,131,149,163,178,93,109,109,2,20,44,44,19,19,19,34,34,130,130,147,160,160,260,260,294,294,294,365,19,39,39,39,59,59,59],"floor_reached":50,"playtime":1583,"items_purged":[],"score":617,"play_id":"e972f302-6908-4231-bf59-798f0ab3b5c7","local_time":"20190313174314","is_ascension_mode":true,"campfire_choices":[{"data":"Zap","floor":6,"key":"SMITH"},{"data":"Redo","floor":8,"key":"SMITH"},{"data":"Defragment","floor":13,"key":"SMITH"},{"floor":15,"key":"REST"},{"floor":23,"key":"REST"},{"floor":30,"key":"REST"},{"floor":32,"key":"REST"},{"floor":42,"key":"REST"},{"floor":47,"key":"REST"},{"floor":49,"key":"REST"}],"neow_cost":"NONE","seed_source_timestamp":119163729214101,"circlet_count":0,"master_deck":["Strike_B","Strike_B","Strike_B","Strike_B","Defend_B","Defend_B","Defend_B","Defend_B","Zap+1","Dualcast","White Noise","Redo+1","Ball Lightning","Capacitor","White Noise","Chaos","Defragment+1","White Noise","Force Field","Echo Form","Consume","Leap+1","Barrage+1","Auto Shields","Loop","Leap","Loop+1","Redo","Decay","Steam+1","Electrodynamics","Beam Cell+1","Amplify","Glacier+1","Leap+1","Loop+1","Defragment+1","Flash of Steel","Barrage+1","Force Field","Ball Lightning","Leap+1","Parasite","Leap+1","Cold Snap+1"],"relics":["Cracked Core","NeowsBlessing","Symbiotic Virus","WarpedTongs","Dream Catcher","Centennial Puzzle","Fusion Hammer","Strawberry","Boot","Inserter","Thread and Needle","Blood Vial","Pear","Emotion Chip"],"potions_floor_usage":[25,33,33,33,48],"damage_taken":[{"damage":0,"enemies":"Jaw Worm","floor":1,"turns":1},{"damage":0,"enemies":"2 Louse","floor":4,"turns":1},{"damage":0,"enemies":"Cultist","floor":5,"turns":1},{"damage":18,"enemies":"Lagavulin","floor":11,"turns":5},{"damage":7,"enemies":"Looter","floor":14,"turns":3},{"damage":9,"enemies":"The Guardian","floor":16,"turns":7},{"damage":11,"enemies":"3 Byrds","floor":18,"turns":3},{"damage":14,"enemies":"Shell Parasite","floor":19,"turns":4},{"damage":29,"enemies":"Centurion and Healer","floor":20,"turns":4},{"damage":8,"enemies":"Cultist and Chosen","floor":22,"turns":6},{"damage":35,"enemies":"Snecko","floor":25,"turns":5},{"damage":41,"enemies":"Sentry and Sphere","floor":31,"turns":5},{"damage":38,"enemies":"Collector","floor":33,"turns":7},{"damage":63,"enemies":"3 Shapes","floor":35,"turns":4},{"damage":18,"enemies":"Orb Walker","floor":36,"turns":3},{"damage":20,"enemies":"Mind Bloom Boss Battle","floor":38,"turns":6},{"damage":35,"enemies":"Nemesis","floor":40,"turns":7},{"damage":4,"enemies":"Sphere and 2 Shapes","floor":45,"turns":5},{"damage":28,"enemies":"Writhing Mass","floor":48,"turns":4},{"damage":69,"enemies":"Awakened One","floor":50,"turns":5}],"seed_played":"-2926071234854559219","potions_obtained":[{"floor":4,"key":"EssenceOfSteel"},{"floor":14,"key":"Swift Potion"},{"floor":16,"key":"FocusPotion"},{"floor":31,"key":"Dexterity Potion"},{"floor":40,"key":"Weak Potion"}],"is_trial":false,"path_per_floor":["?","?","M","?","M","M","?","?","?","?","?","?","?","$","M"],"character_chosen":"DEFECT","items_purchased":["Capacitor","White Noise","Defragment","Loop","Leap","Redo","Emotion Chip","Force Field"],"campfire_rested":7,"item_purchase_floors":[10,10,12,24,24,28,44,44],"current_hp_per_floor":[75,75,75,75,75,75,75,75,75,75,57,57,57,50,72,63,75,64,50,21,28,20,44,44,9,9,36,36,36,60,19,43,5,82,19,1,72,52,52,17,17,37,47,47,45,45,68,42,65,0],"gold":59,"neow_bonus":"THREE_ENEMY_KILL","is_prod":false,"is_daily":false,"chose_seed":false,"campfire_upgraded":3,"win_rate":0,"timestamp":1552495394,"path_taken":["M","?","?","?","M","R","?","R","T","$","E","$","R","?","R","BOSS","M","?","M","?","M","R","$","M","T","?","$","?","R","M","R","BOSS","M","M","?","?","?","E","?","R","T","?","?","$","R","M","R","BOSS"],"build_version":"2019-01-23","purchased_purges":0,"victory":false,"max_hp_per_floor":[75,75,75,75,75,75,75,75,75,75,75,75,75,75,75,75,75,75,75,75,82,82,82,82,82,82,82,82,82,82,82,82,82,82,82,82,72,72,68,68,68,68,78,78,78,78,78,78,78,78],"card_choices":[{"not_picked":["Streamline","Conserve Battery"],"picked":"White Noise","floor":1},{"not_picked":["Hologram","Consume"],"picked":"Redo","floor":4},{"not_picked":["Turbo","Compile Driver"],"picked":"Ball Lightning","floor":5},{"not_picked":["Reboot","Chill"],"picked":"Chaos","floor":11},{"not_picked":["Scrape","Beam Cell"],"picked":"White Noise","floor":14},{"not_picked":["Go for the Eyes","Compile Driver"],"picked":"Force Field","floor":15},{"not_picked":["Seek","Hyperbeam"],"picked":"Echo Form","floor":16},{"not_picked":["Lockon","Go for the Eyes+1"],"picked":"Consume","floor":18},{"not_picked":["FTL","Beam Cell"],"picked":"Leap+1","floor":19},{"not_picked":["Compile Driver+1","Rebound","Genetic Algorithm"],"picked":"SKIP","floor":20},{"not_picked":["FTL","Compile Driver"],"picked":"Barrage+1","floor":22},{"not_picked":["Streamline+1","Sweeping Beam+1"],"picked":"Auto Shields","floor":23},{"not_picked":["Steam Power","Gash+1"],"picked":"Loop+1","floor":25},{"not_picked":["Undo","Sunder"],"picked":"Steam+1","floor":30},{"not_picked":["Hologram","Go for the Eyes"],"picked":"Electrodynamics","floor":31},{"not_picked":["Hello World","Double Energy"],"picked":"Beam Cell+1","floor":32},{"not_picked":["Fission","All For One"],"picked":"Amplify","floor":33},{"not_picked":["Redo","Fusion"],"picked":"Glacier+1","floor":35},{"not_picked":["Beam Cell","Rebound+1"],"picked":"Leap+1","floor":36},{"not_picked":["Rebound","Turbo+1"],"picked":"Loop+1","floor":38},{"not_picked":["Aggregate","Static Discharge+1"],"picked":"Defragment+1","floor":40},{"not_picked":["Discovery","Panacea"],"picked":"Flash of Steel","floor":41},{"not_picked":["Sweeping Beam","Chill+1"],"picked":"Barrage+1","floor":42},{"not_picked":["Sunder+1","Streamline"],"picked":"Ball Lightning","floor":45},{"not_picked":["Steam Power","Hologram"],"picked":"Leap+1","floor":47},{"not_picked":["Gash","Steam Power+1"],"picked":"Leap+1","floor":48},{"not_picked":["Blizzard","Core Surge"],"picked":"Cold Snap+1","floor":49}],"player_experience":260076,"relics_obtained":[{"floor":9,"key":"Dream Catcher"},{"floor":11,"key":"Centennial Puzzle"},{"floor":26,"key":"Boot"},{"floor":38,"key":"Thread and Needle"},{"floor":40,"key":"Blood Vial"},{"floor":43,"key":"Pear"}],"event_choices":[{"damage_healed":0,"gold_gain":0,"player_choice":"Box","damage_taken":0,"relics_obtained":["Symbiotic Virus"],"max_hp_gain":0,"max_hp_loss":0,"event_name":"Big Fish","floor":2,"gold_loss":0,"cards_obtained":["Regret"]},{"damage_healed":0,"gold_gain":0,"player_choice":"Rummage","damage_taken":0,"relics_obtained":["WarpedTongs"],"max_hp_gain":0,"max_hp_loss":0,"event_name":"Accursed Blacksmith","floor":3,"gold_loss":0,"cards_obtained":["Pain"]},{"cards_removed":["Pain","Regret"],"damage_healed":0,"gold_gain":0,"player_choice":"Removed Curses","damage_taken":0,"max_hp_gain":0,"max_hp_loss":0,"event_name":"Fountain of Cleansing","floor":7,"gold_loss":0},{"damage_healed":0,"gold_gain":0,"player_choice":"Obtained Relic","damage_taken":0,"relics_obtained":["Strawberry"],"max_hp_gain":0,"max_hp_loss":0,"event_name":"Addict","floor":21,"gold_loss":85},{"damage_healed":27,"gold_gain":0,"player_choice":"Heal","damage_taken":0,"max_hp_gain":0,"max_hp_loss":0,"event_name":"The Library","floor":27,"gold_loss":0},{"damage_healed":0,"gold_gain":0,"player_choice":"Smashed Altar","damage_taken":0,"max_hp_gain":0,"max_hp_loss":0,"event_name":"Forgotten Altar","floor":29,"gold_loss":0,"cards_obtained":["Decay"]},{"damage_healed":72,"gold_gain":0,"player_choice":"Heal","damage_taken":0,"max_hp_gain":0,"max_hp_loss":10,"event_name":"The Moai Head","floor":37,"gold_loss":0},{"damage_healed":0,"gold_gain":0,"player_choice":"Fight","damage_taken":0,"max_hp_gain":0,"max_hp_loss":0,"event_name":"MindBloom","floor":38,"gold_loss":0},{"damage_healed":0,"gold_gain":0,"player_choice":"Max HP","damage_taken":0,"max_hp_gain":0,"max_hp_loss":4,"event_name":"Winding Halls","floor":39,"gold_loss":0},{"damage_healed":0,"gold_gain":0,"player_choice":"Memory 1","damage_taken":0,"max_hp_gain":0,"max_hp_loss":0,"event_name":"SensoryStone","floor":41,"gold_loss":0}],"is_beta":false,"boss_relics":[{"not_picked":["Astrolabe","Cursed Key"],"picked":"Fusion Hammer"},{"not_picked":["Coffee Dripper","Pandora\u0027s Box"],"picked":"Inserter"}],"items_purged_floors":[],"is_endless":false,"potions_floor_spawned":[4,14,16,18,20,31,40],"killed_by":"Awakened One","ascension_level":2}