{"gold_per_floor":[117,117,129,143,33,33,43,43,43,71,36,51,51,69,69,69],"floor_reached":16,"playtime":2548,"items_purged":["Strike_R"],"score":102,"play_id":"6c691b6d-458a-40a7-a461-fe7d82f92f92","local_time":"20190305122220","is_ascension_mode":false,"campfire_choices":[{"data":"Armaments","floor":6,"key":"SMITH"},{"floor":8,"key":"RECALL"},{"data":"Whirlwind","floor":15,"key":"SMITH"}],"neow_cost":"TEN_PERCENT_HP_LOSS","seed_source_timestamp":1697717368493402,"circlet_count":0,"master_deck":["Strike_R","Strike_R","Strike_R","Defend_R","Defend_R","Bash","Entrench","Whirlwind+1","Armaments+1","Battle Trance","Shrug It Off","Body Slam","Rage","Flex","Flex","Flex"],"relics":["Burning Blood","GremlinMask","Ginger"],"potions_floor_usage":[16,16],"damage_taken":[{"damage":3,"enemies":"Small Slimes","floor":1,"turns":3},{"damage":6,"enemies":"Cultist","floor":3,"turns":3},{"damage":21,"enemies":"Jaw Worm","floor":4,"turns":4},{"damage":9,"enemies":"Exordium Wildlife","floor":7,"turns":3},{"damage":44,"enemies":"Gremlin Nob","floor":10,"turns":5},{"damage":0,"enemies":"Exordium Thugs","floor":12,"turns":4},{"damage":5,"enemies":"Red Slaver","floor":14,"turns":4},{"damage":27,"enemies":"Slime Boss","floor":16,"turns":7}],"seed_played":"-6338619460284880858","potions_obtained":[{"floor":1,"key":"Poison Potion"},{"floor":7,"key":"Ancient Potion"},{"floor":12,"key":"EssenceOfSteel"},{"floor":14,"key":"PowerPotion"}],"is_trial":false,"path_per_floor":["M","?","M","M","$","R","M","R","T","E","$","M","?","M","R","B"],"character_chosen":"IRONCLAD","items_purchased":["Battle Trance","Rage"],"campfire_rested":0,"item_purchase_floors":[5,11],"current_hp_per_floor":[72,72,72,57,57,57,54,54,54,16,16,22,22,23,23,0],"gold":69,"neow_bonus":"REMOVE_TWO","is_prod":false,"is_daily":false,"chose_seed":false,"campfire_upgraded":2,"win_rate":0,"timestamp":1551756140,"path_taken":["M","?","?","M","$","R","M","R","T","E","?","M","?","M","R","BOSS"],"build_version":"2019-01-23","purchased_purges":1,"victory":false,"max_hp_per_floor":[72,72,72,72,72,72,72,72,72,72,72,72,72,72,72,72],"card_choices":[{"not_picked":["Metallicize","Iron Wave"],"picked":"Entrench","floor":1},{"not_picked":["Reckless Charge","Twin Strike"],"picked":"Whirlwind","floor":3},{"not_picked":["Second Wind","Cleave"],"picked":"Armaments","floor":4},{"not_picked":["Twin Strike","Armaments"],"picked":"Shrug It Off","floor":7},{"not_picked":["Sever Soul","Flex"],"picked":"Body Slam","floor":10},{"not_picked":["Pommel Strike","Anger"],"picked":"Flex","floor":12},{"not_picked":["Immolate","Pommel Strike"],"picked":"Flex","floor":14}],"player_experience":65897,"relics_obtained":[{"floor":10,"key":"Ginger"}],"event_choices":[{"damage_healed":0,"gold_gain":0,"player_choice":"Trade","damage_taken":0,"relics_obtained":["GremlinMask"],"max_hp_gain":0,"max_hp_loss":0,"event_name":"FaceTrader","floor":2,"gold_loss":0},{"damage_healed":0,"gold_gain":0,"cards_transformed":["Strike_R"],"player_choice":"Change","damage_taken":0,"max_hp_gain":0,"max_hp_loss":0,"event_name":"Living Wall","floor":13,"gold_loss":0,"cards_obtained":["Flex"]}],"is_beta":false,"boss_relics":[],"items_purged_floors":[5],"is_endless":false,"potions_floor_spawned":[1,7,12,14],"killed_by":"Slime Boss","ascension_level":0}