{"path_per_floor":["M","M","M","?","M","R","M","M","T","R","M","M","R","M","R","B",null,"M","M","?","$"],"character_chosen":"THE_SILENT","items_purchased":["Adrenaline","Apotheosis"],"gold_per_floor":[112,122,137,137,147,147,162,172,172,172,183,202,202,222,222,318,318,337,347,347,64,64],"floor_reached":22,"campfire_rested":3,"playtime":1598,"current_hp_per_floor":[65,58,53,70,42,42,27,4,4,25,15,2,23,9,30,5,70,46,28,28,28,0],"items_purged":[],"gold":64,"score":182,"play_id":"7080c5c9-cabf-4858-87f5-890a27fd0410","local_time":"20180329232257","is_prod":false,"is_daily":false,"is_ascension_mode":false,"campfire_upgraded":1,"timestamp":1522380177,"path_taken":["M","M","M","?","M","R","M","M","T","R","M","M","R","M","R","BOSS","M","M","?","$","M"],"build_version":"2018-03-29","purchased_purges":0,"victory":false,"master_deck":["Defend_G","Defend_G","Defend_G","Defend_G","Defend_G","Strike_G","Strike_G","Strike_G","Strike_G","Strike_G","Survivor","Neutralize","Envenom+1","Backstab","Bane","Bane","Bane","Envenom","Bouncing Flask","Malaise","PiercingWail","Skewer","Glass Knife","Skewer","Caltrops","Decay","Adrenaline","Apotheosis"],"max_hp_per_floor":[70,70,70,70,70,70,70,70,70,70,70,70,70,70,70,70,70,70,70,70,70,70],"relics":["Ring of the Snake","Peace Pipe","Sozu"],"card_choices":[{"not_picked":["Sucker Punch","Blade Dance"],"picked":"Backstab"},{"not_picked":["Deadly Poison","Prepared"],"picked":"Bane"},{"not_picked":["Endless Agony","Deadly Poison"],"picked":"Bane"},{"not_picked":["Slice","Backflip"],"picked":"Bane"},{"not_picked":["Outmaneuver","Dagger Spray"],"picked":"Envenom"},{"not_picked":["Deadly Poison","Underhanded Strike"],"picked":"Bouncing Flask"},{"not_picked":["Poisoned Stab","Dagger Throw"],"picked":"Malaise"},{"not_picked":["Flying Knee","Bane"],"picked":"PiercingWail"},{"not_picked":["Flying Knee","Blade Dance"],"picked":"Skewer"},{"not_picked":["Tools of the Trade","Tactician"],"picked":"Glass Knife"},{"not_picked":["Caltrops","Cloak And Dagger"],"picked":"Skewer","floor":18},{"not_picked":["Prepared","Dodge and Roll"],"picked":"Caltrops","floor":19}],"player_experience":36136,"potions_floor_usage":[],"damage_taken":[{"damage":5.0,"enemies":"Small Slimes","floor":1.0,"turns":6.0},{"damage":7.0,"enemies":"2 Louse","floor":2.0,"turns":3.0},{"damage":5.0,"enemies":"Blue Slaver","floor":3.0,"turns":3.0},{"damage":28.0,"enemies":"3 Louse","floor":5.0,"turns":3.0},{"damage":15.0,"enemies":"Gremlin Gang","floor":7.0,"turns":5.0},{"damage":23.0,"enemies":"Exordium Thugs","floor":8.0,"turns":5.0},{"damage":10.0,"enemies":"Large Slime","floor":11.0,"turns":5.0},{"damage":13.0,"enemies":"Lots of Slimes","floor":12.0,"turns":5.0},{"damage":14.0,"enemies":"Exordium Wildlife","floor":14.0,"turns":4.0},{"damage":25.0,"enemies":"The Guardian","floor":16.0,"turns":10.0},{"damage":24,"enemies":"Spheric Guardian","floor":18,"turns":4},{"damage":18,"enemies":"Chosen","floor":19,"turns":3},{"damage":28,"enemies":"Centurion and Healer","floor":22,"turns":3}],"event_choices":[{"event_name":"Big Fish","player_choice":"Banana","floor":4.0,"damage_taken":0.0},{"event_name":"Wheel of Change","player_choice":"Curse","floor":20,"damage_taken":0}],"boss_relics":[{"not_picked":["Runic Dome","Snecko Eye"],"picked":"Sozu"}],"potions_floor_spawned":[1,3,11,16],"seed_played":"5473437874089204318","killed_by":"Centurion and Healer","ascension_level":0,"is_trial":false}