{"path_per_floor":["M","?","$","M","M","R","M","M","T","$","E","R","?","?","R","B",null,"M","M","?","?","M","R","M","$","T","M","?","?","$","?","R","B",null,"M","?","M","$","M","R","?","R","T","M","M","M","M","$","R"],"character_chosen":"DEFECT","items_purchased":["DataDisk","Capacitor","Defragment","Tempest","BloodPotion","Capacitor","Swift Strike","Weak Potion","Reboot","BloodPotion","Turbo"],"gold_per_floor":[219,394,122,135,148,148,162,180,180,80,107,107,107,107,107,209,209,228,246,246,246,266,266,286,175,175,190,221,221,0,0,0,104,104,116,116,129,50,69,69,69,69,69,87,100,111,125,49,49,49],"floor_reached":50,"campfire_rested":3,"playtime":6009,"current_hp_per_floor":[75,75,75,72,70,70,63,57,67,67,34,34,34,31,56,38,85,82,79,63,63,50,50,31,31,31,31,7,7,7,7,34,16,90,19,90,82,82,72,72,72,72,72,72,56,56,41,41,68,0],"items_purged":["Doubt","Strike_B"],"gold":49,"score":513,"play_id":"bb596dac-8a9e-4a3c-bc4b-fdc8b671ed19","local_time":"20180508211250","is_prod":false,"is_daily":false,"chose_seed":false,"is_ascension_mode":true,"campfire_upgraded":5,"timestamp":1525831970,"path_taken":["M","?","$","M","M","R","M","M","T","$","E","R","?","?","R","BOSS","M","M","?","?","M","R","?","$","T","M","?","?","$","?","R","BOSS","M","?","M","$","M","R","?","R","T","M","M","M","?","$","R","BOSS"],"build_version":"2018-05-07","seed_source_timestamp":1961833975884965,"purchased_purges":4,"victory":false,"master_deck":["Strike_B","Defend_B","Defend_B","Defend_B","Zap","Dualcast","Melter","Capacitor+1","Loop+1","Glacier+1","Seek","Static Discharge+1","Reinforced Body+1","Rainbow+1","Barrage","Buffer+1","Defragment+1","Tempest","Storm+1","Capacitor","Swift Strike","Nova","Chaos+1","Beam Cell+1","Static Discharge+1","Echo Form","Redo+1","Turbo+1","Reboot","Turbo+1","Cold Snap+1","Aggregate","Barrage+1","Turbo"],"max_hp_per_floor":[75,75,75,75,75,75,75,75,85,85,85,85,85,85,85,85,85,85,85,90,90,90,90,90,90,90,90,90,90,90,90,90,90,90,90,90,90,90,90,90,90,90,90,90,90,90,90,90,90,90],"relics":["Cracked Core","DataDisk","Pear","Bag of Marbles","Ice Cream","Astrolabe","Shuriken","Red Mask","Orrery","Toolbox"],"card_choices":[{"not_picked":["Turbo","Sunder"],"picked":"Melter","floor":1.0},{"not_picked":["Rebound","Chaos"],"picked":"Loop","floor":7.0},{"not_picked":["Fusion","Barrage"],"picked":"Doom and Gloom","floor":8.0},{"not_picked":["Streamline","Conserve Battery"],"picked":"Glacier","floor":11.0},{"not_picked":["Machine Learning","Fusion"],"picked":"Seek","floor":16.0},{"not_picked":["Hello World","Sweeping Beam"],"picked":"Barrage","floor":18.0},{"not_picked":["Capacitor","Reprogram"],"picked":"Buffer","floor":22.0},{"not_picked":["Genetic Algorithm","Beam Cell"],"picked":"Storm","floor":27.0},{"not_picked":["Echo Form","Seek"],"picked":"Nova","floor":33.0},{"not_picked":["Melter","Ball Lightning"],"picked":"Chaos","floor":34.0},{"not_picked":["Cold Snap","Sunder"],"picked":"Beam Cell","floor":34.0},{"not_picked":["Reprogram","Cold Snap"],"picked":"Static Discharge","floor":34.0},{"not_picked":["Skim","Recycle"],"picked":"Echo Form","floor":34.0},{"not_picked":["FTL","Rebound"],"picked":"Redo","floor":35.0},{"not_picked":["Streamline","Chill"],"picked":"Turbo","floor":37.0},{"not_picked":["Nova","Axe Kick"],"picked":"Turbo","floor":44.0},{"not_picked":["Reprogram","Go for the Eyes"],"picked":"Cold Snap","floor":45.0},{"not_picked":["Reinforced Body","Coolheaded"],"picked":"Aggregate","floor":46.0},{"not_picked":["Turbo","Beam Cell"],"picked":"Barrage","floor":47.0}],"player_experience":63029,"potions_floor_usage":[50,50],"damage_taken":[{"damage":0.0,"enemies":"2 Louse","floor":1.0,"turns":1.0},{"damage":3.0,"enemies":"Small Slimes","floor":4.0,"turns":2.0},{"damage":2.0,"enemies":"Jaw Worm","floor":5.0,"turns":2.0},{"damage":7.0,"enemies":"Large Slime","floor":7.0,"turns":6.0},{"damage":6.0,"enemies":"2 Fungi Beasts","floor":8.0,"turns":3.0},{"damage":33.0,"enemies":"Gremlin Nob","floor":11.0,"turns":5.0},{"damage":18.0,"enemies":"Slime Boss","floor":16.0,"turns":7.0},{"damage":3.0,"enemies":"Chosen","floor":18.0,"turns":6.0},{"damage":3.0,"enemies":"3 Byrds","floor":19.0,"turns":4.0},{"damage":13.0,"enemies":"Centurion and Healer","floor":22.0,"turns":7.0},{"damage":19.0,"enemies":"3 Cultists","floor":24.0,"turns":6.0},{"damage":0.0,"enemies":"Chosen and Byrds","floor":27.0,"turns":6.0},{"damage":24.0,"enemies":"Masked Bandits","floor":28.0,"turns":7.0},{"damage":27.0,"enemies":"Champ","floor":33.0,"turns":10.0},{"damage":71.0,"enemies":"3 Darklings","floor":35.0,"turns":5.0},{"damage":8.0,"enemies":"3 Shapes","floor":37.0,"turns":3.0},{"damage":10.0,"enemies":"Flame Bruiser 2 Orb","floor":39.0,"turns":5.0},{"damage":0.0,"enemies":"Maw","floor":44.0,"turns":5.0},{"damage":16.0,"enemies":"Spire Growth","floor":45.0,"turns":4.0},{"damage":0.0,"enemies":"Flame Bruiser 2 Orb","floor":46.0,"turns":5.0},{"damage":15.0,"enemies":"Maw","floor":47.0,"turns":6.0},{"damage":87,"enemies":"Awakened One","floor":50,"turns":5}],"event_choices":[{"event_name":"Liars Game","player_choice":"agreed","floor":2.0,"damage_taken":0.0},{"event_name":"Living Wall","player_choice":"Grow","floor":13.0,"damage_taken":0.0},{"event_name":"Scrap Ooze","player_choice":"success","floor":14.0,"damage_taken":3.0},{"event_name":"Forgotten Altar","player_choice":"Shed Blood","floor":20.0,"damage_taken":0.0},{"event_name":"Drug Dealer","player_choice":"Ignored","floor":21.0,"damage_taken":0.0},{"event_name":"Masked Bandits","player_choice":"Fought over 190 gold","floor":28.0,"damage_taken":0.0},{"event_name":"Cursed Tome","player_choice":"Ignored","floor":29.0,"damage_taken":0.0},{"event_name":"Beggar","player_choice":"Ignored","floor":31.0,"damage_taken":0.0},{"event_name":"Wheel of Change","player_choice":"Full Heal","floor":36.0,"damage_taken":0.0}],"boss_relics":[],"potions_floor_spawned":[5,7,8,11,19,22,24,27,37,39,47],"seed_played":"4961530466262231281","killed_by":"Awakened One","ascension_level":2,"is_trial":false}