{"gold_per_floor":[116,116,134,134,23,61,79,79,104,125,140,140,163,187,187,187],"floor_reached":16,"playtime":857,"items_purged":["Injury"],"score":104,"play_id":"a0279095-28f5-4efc-be7d-e30f6ffcb261","local_time":"20190210193847","is_ascension_mode":false,"campfire_choices":[{"floor":8.0,"key":"REST"},{"floor":12.0,"key":"REST"},{"data":"Chaos","floor":15,"key":"SMITH"}],"neow_cost":"NONE","seed_source_timestamp":0,"circlet_count":0,"master_deck":["Strike_B","Strike_B","Strike_B","Strike_B","Defend_B","Defend_B","Defend_B","Defend_B","Zap","Dualcast","Purity","Streamline","Scrape","Chaos+1","Skim","Loop","Beam Cell","Turbo","Redo"],"special_seed":0,"relics":["Cracked Core","Golden Idol","Ancient Tea Set","Anchor"],"potions_floor_usage":[],"damage_taken":[{"damage":0.0,"enemies":"Cultist","floor":1.0,"turns":3.0},{"damage":6.0,"enemies":"Jaw Worm","floor":3.0,"turns":3.0},{"damage":44.0,"enemies":"Gremlin Nob","floor":6.0,"turns":5.0},{"damage":5.0,"enemies":"Small Slimes","floor":7.0,"turns":3.0},{"damage":0.0,"enemies":"Exordium Wildlife","floor":10.0,"turns":2.0},{"damage":10.0,"enemies":"Looter","floor":11.0,"turns":3.0},{"damage":4,"enemies":"Gremlin Gang","floor":13,"turns":4},{"damage":6,"enemies":"Large Slime","floor":14,"turns":4},{"damage":54,"enemies":"The Guardian","floor":16,"turns":7}],"seed_played":"-4909171483844057645","potions_obtained":[{"floor":7.0,"key":"LiquidBronze"},{"floor":10.0,"key":"Regen Potion"},{"floor":11.0,"key":"Fire Potion"},{"floor":14,"key":"Fire Potion"}],"is_trial":false,"path_per_floor":["M","?","M","?","$","E","M","R","T","M","M","R","M","M","R","B"],"character_chosen":"DEFECT","items_purchased":["Chaos"],"campfire_rested":2,"item_purchase_floors":[5],"current_hp_per_floor":[75,80,74,74,74,30,25,49,49,49,39,63,59,53,53,0],"gold":187,"neow_bonus":"RANDOM_COLORLESS","is_prod":false,"is_daily":false,"chose_seed":false,"campfire_upgraded":1,"win_rate":0.0,"timestamp":1549845527,"path_taken":["M","?","M","?","$","E","M","R","T","M","M","R","M","M","R","BOSS"],"build_version":"2019-01-23","purchased_purges":1,"victory":false,"max_hp_per_floor":[75,80,80,80,80,80,80,80,80,80,80,80,80,80,80,80],"card_choices":[{"not_picked":["Go for the Eyes","Rip and Tear"],"picked":"Streamline","floor":1.0},{"not_picked":["Leap","Redo"],"picked":"Scrape","floor":3.0},{"not_picked":["All For One","Fusion"],"picked":"Skim","floor":6.0},{"not_picked":["Beam Cell","Stack"],"picked":"Loop","floor":7.0},{"not_picked":["Double Energy","Heatsinks"],"picked":"Beam Cell","floor":10.0},{"not_picked":["Storm","Rebound","Redo"],"picked":"SKIP","floor":11.0},{"not_picked":["Gash","Scrape"],"picked":"Turbo","floor":13},{"not_picked":["Cold Snap","Rebound"],"picked":"Redo","floor":14}],"player_experience":53044,"relics_obtained":[{"floor":6.0,"key":"Ancient Tea Set"},{"floor":9.0,"key":"Anchor"}],"event_choices":[{"damage_healed":0.0,"max_hp_gain":5.0,"max_hp_loss":0.0,"gold_gain":0.0,"event_name":"Big Fish","player_choice":"Donut","floor":2.0,"gold_loss":0.0,"damage_taken":0.0},{"damage_healed":0.0,"max_hp_gain":0.0,"max_hp_loss":0.0,"gold_gain":0.0,"event_name":"Golden Idol","player_choice":"Take Wound","floor":4.0,"gold_loss":0.0,"damage_taken":0.0,"relics_obtained":["Golden Idol"],"cards_obtained":["Injury"]}],"is_beta":false,"boss_relics":[],"items_purged_floors":[5],"is_endless":false,"potions_floor_spawned":[7,10,11,13,14],"killed_by":"The Guardian","ascension_level":0}