{"gold_per_floor":[115,46,46,58,7,36,36,51,51,63,63,137,212,241,241,344,344,326,326,337,348,348,348,348],"floor_reached":24,"playtime":783,"items_purged":[],"score":321,"play_id":"c517f186-8aa8-48bb-ab0e-25fb7c7f5928","local_time":"20190318192819","is_ascension_mode":true,"campfire_choices":[{"data":"Tempest","floor":11,"key":"SMITH"},{"data":"Multi-Cast","floor":15,"key":"SMITH"},{"data":"Buffer","floor":23,"key":"SMITH"}],"neow_cost":"NONE","seed_source_timestamp":29122742315822,"circlet_count":0,"master_deck":["Strike_B","Strike_B","Defend_B","Defend_B","Defend_B","Defend_B","Zap+1","Dualcast","Cold Snap","Melter","Tempest+1","Ball Lightning","Chill","Conserve Battery","Multi-Cast+1","Buffer+1","Ball Lightning","Conserve Battery"],"relics":["Cracked Core","NeowsBlessing","Strawberry","Darkstone Periapt","Gremlin Horn","Sundial","Empty Cage"],"potions_floor_usage":[14,14,21],"damage_taken":[{"damage":0,"enemies":"Small Slimes","floor":1,"turns":1},{"damage":0,"enemies":"Cultist","floor":4,"turns":1},{"damage":0,"enemies":"Gremlin Nob","floor":6,"turns":1},{"damage":0,"enemies":"2 Louse","floor":8,"turns":2},{"damage":2,"enemies":"Lots of Slimes","floor":10,"turns":2},{"damage":7,"enemies":"3 Sentries","floor":14,"turns":5},{"damage":35,"enemies":"The Guardian","floor":16,"turns":11},{"damage":17,"enemies":"2 Thieves","floor":18,"turns":4},{"damage":0,"enemies":"Spheric Guardian","floor":20,"turns":1},{"damage":11,"enemies":"Shelled Parasite and Fungi","floor":21,"turns":5},{"damage":31,"enemies":"Gremlin Leader","floor":24,"turns":3}],"seed_played":"3750105873291075698","potions_obtained":[{"floor":4,"key":"Poison Potion"},{"floor":6,"key":"Regen Potion"},{"floor":8,"key":"SkillPotion"},{"floor":16,"key":"EssenceOfSteel"}],"is_trial":false,"path_per_floor":["M","$","?","M","$","E","?","M","T","M","R","?","?","E","R","B",null,"M","$","M","M","?","R","E"],"character_chosen":"DEFECT","items_purchased":["Melter","Ball Lightning"],"campfire_rested":0,"item_purchase_floors":[2,5],"current_hp_per_floor":[68,68,68,68,68,75,75,75,75,73,73,73,62,69,69,34,70,53,53,53,42,42,42,11],"gold":348,"neow_bonus":"THREE_ENEMY_KILL","is_prod":false,"is_daily":false,"chose_seed":false,"campfire_upgraded":3,"win_rate":0,"timestamp":1552955299,"path_taken":["M","$","?","?","?","E","?","?","T","M","R","?","?","E","R","BOSS","M","$","M","M","?","R","E"],"build_version":"2019-01-23","purchased_purges":0,"victory":false,"max_hp_per_floor":[75,75,75,75,75,82,82,82,82,82,82,82,82,82,82,82,82,82,82,82,82,82,82,82],"card_choices":[{"not_picked":["Gash","Barrage"],"picked":"Cold Snap","floor":1},{"not_picked":["Gash","Turbo"],"picked":"Tempest","floor":4},{"not_picked":["Reinforced Body","Sweeping Beam"],"picked":"Chill","floor":6},{"not_picked":["Steam","Sweeping Beam"],"picked":"Conserve Battery","floor":8},{"not_picked":["Rebound","Gash"],"picked":"Multi-Cast","floor":10},{"not_picked":["Stack","Fission","Static Discharge"],"picked":"SKIP","floor":14},{"not_picked":["Multi-Cast","Creative AI"],"picked":"Buffer","floor":16},{"not_picked":["Steam","Barrage"],"picked":"Ball Lightning","floor":18},{"not_picked":["Turbo","Barrage"],"picked":"Conserve Battery","floor":20},{"not_picked":["Sweeping Beam","Go for the Eyes","Steam"],"picked":"SKIP","floor":21}],"player_experience":560971,"relics_obtained":[{"floor":6,"key":"Strawberry"},{"floor":9,"key":"Gremlin Horn"},{"floor":14,"key":"Sundial"}],"event_choices":[{"damage_healed":0,"gold_gain":0,"player_choice":"Upgraded","damage_taken":0,"max_hp_gain":0,"max_hp_loss":0,"event_name":"Upgrade Shrine","floor":3,"gold_loss":0,"cards_upgraded":["Zap"]},{"damage_healed":0,"gold_gain":0,"player_choice":"Gave Potion","damage_taken":0,"relics_obtained":["Darkstone Periapt"],"max_hp_gain":0,"max_hp_loss":0,"event_name":"WeMeetAgain","floor":7,"gold_loss":0},{"damage_healed":0,"gold_gain":74,"player_choice":"Gained Gold","damage_taken":0,"max_hp_gain":0,"max_hp_loss":0,"event_name":"Golden Wing","floor":12,"gold_loss":0},{"damage_healed":0,"gold_gain":75,"player_choice":"Gather Gold","damage_taken":11,"max_hp_gain":0,"max_hp_loss":0,"event_name":"World of Goop","floor":13,"gold_loss":0},{"damage_healed":0,"gold_gain":0,"player_choice":"Ignored","damage_taken":0,"max_hp_gain":0,"max_hp_loss":0,"event_name":"Cursed Tome","floor":22,"gold_loss":0}],"is_beta":false,"boss_relics":[{"not_picked":["Snecko Eye","Runic Dome"],"picked":"Empty Cage"}],"items_purged_floors":[],"is_endless":false,"potions_floor_spawned":[4,6,8,16],"killed_by":"Gremlin Leader","ascension_level":8}