{"gold_per_floor":[109,121,137,155,155,155,188,188,188,202,217,392,392,402,402,402],"floor_reached":16,"playtime":662,"items_purged":[],"score":151,"play_id":"02e4160c-70cd-4649-a49c-d8edf65ffd98","local_time":"20181107005634","is_ascension_mode":true,"campfire_choices":[{"data":"Inflame","floor":6,"key":"SMITH"},{"data":"Armaments","floor":8,"key":"SMITH"},{"data":"Inflame","floor":15,"key":"SMITH"}],"neow_cost":"NONE","seed_source_timestamp":2947457021071152,"circlet_count":0,"master_deck":["Strike_R","Strike_R","Strike_R","Strike_R","Defend_R","Defend_R","Defend_R","Defend_R","Bash","Inflame+1","Inflame+1","Clothesline","Shrug It Off","Armaments+1","Battle Trance","Pommel Strike","Doubt","Shrug It Off"],"special_seed":0,"relics":["Burning Blood","Happy Flower","Mummified Hand","Nunchaku"],"potions_floor_usage":[11,14,14],"damage_taken":[{"damage":1.0,"enemies":"Cultist","floor":1.0,"turns":4.0},{"damage":4.0,"enemies":"Small Slimes","floor":2.0,"turns":4.0},{"damage":2.0,"enemies":"2 Louse","floor":3.0,"turns":4.0},{"damage":58,"enemies":"Exordium Wildlife","floor":4,"turns":7},{"damage":28,"enemies":"Gremlin Nob","floor":7,"turns":4},{"damage":4,"enemies":"3 Louse","floor":10,"turns":4},{"damage":0,"enemies":"Blue Slaver","floor":11,"turns":4},{"damage":11,"enemies":"Exordium Wildlife","floor":14,"turns":4},{"damage":46,"enemies":"Hexaghost","floor":16,"turns":12}],"seed_played":"6527868962647925133","potions_obtained":[{"floor":3.0,"key":"Ancient Potion"},{"floor":4,"key":"AttackPotion"},{"floor":7,"key":"BloodPotion"},{"floor":10,"key":"BloodPotion"},{"floor":11,"key":"Dexterity Potion"}],"is_trial":false,"path_per_floor":["M","M","M","M","?","R","E","R","T","M","M","?","?","M","R","B"],"character_chosen":"IRONCLAD","items_purchased":[],"campfire_rested":0,"item_purchase_floors":[],"current_hp_per_floor":[77,79,80,28,54,54,32,32,32,34,48,48,36,39,39,0],"gold":402,"neow_bonus":"REMOVE_CARD","is_prod":false,"is_daily":false,"chose_seed":false,"campfire_upgraded":3,"win_rate":0,"timestamp":1541577394,"path_taken":["M","?","M","?","?","R","E","R","T","M","M","?","?","M","R","BOSS"],"build_version":"2018-11-01","purchased_purges":0,"victory":false,"max_hp_per_floor":[80,80,80,80,80,80,80,80,80,80,80,80,80,80,80,80],"card_choices":[{"not_picked":["Flex","Clash"],"picked":"Inflame","floor":1.0},{"not_picked":["Sentinel","Searing Blow"],"picked":"Inflame","floor":2.0},{"not_picked":["Blood for Blood","Entrench"],"picked":"Clothesline","floor":3.0},{"not_picked":["Combust","Carnage"],"picked":"Shrug It Off","floor":4},{"not_picked":["Shockwave","Anger"],"picked":"Armaments","floor":7},{"not_picked":["Power Through","Burning Pact"],"picked":"Battle Trance","floor":10},{"not_picked":["Havoc","Second Wind"],"picked":"Pommel Strike","floor":11},{"not_picked":["Sentinel","Rage"],"picked":"Shrug It Off","floor":14}],"player_experience":554672,"relics_obtained":[{"floor":7,"key":"Happy Flower"},{"floor":9,"key":"Mummified Hand"}],"event_choices":[{"damage_healed":26,"gold_gain":0,"player_choice":"Banana","damage_taken":0,"max_hp_gain":0,"max_hp_loss":0,"event_name":"Big Fish","floor":5,"gold_loss":0},{"damage_healed":0,"gold_gain":175,"player_choice":"AGREE","damage_taken":0,"max_hp_gain":0,"max_hp_loss":0,"event_name":"Liars Game","floor":12,"gold_loss":0,"cards_obtained":["Doubt"]},{"damage_healed":0,"gold_gain":0,"player_choice":"Success","damage_taken":12,"relics_obtained":["Nunchaku"],"max_hp_gain":0,"max_hp_loss":0,"event_name":"Scrap Ooze","floor":13,"gold_loss":0}],"is_beta":false,"boss_relics":[],"items_purged_floors":[],"is_endless":false,"potions_floor_spawned":[3,4,7,10,11],"killed_by":"Hexaghost","ascension_level":9}