{"gold_per_floor":[213,44,44,55,55,55,86,2,76,90,107,124,124,135,135,233,233,246,260,260,275,286,304,219,25,25,25,25,43,43,43,43,138,138,154,154,154,2,13,46,63,63,63,78,78,78,78,98,98,98],"floor_reached":50,"playtime":1753,"items_purged":["Strike_R","Strike_R"],"score":524,"play_id":"f6777067-9d62-4254-9b47-672917c0f9de","local_time":"20190308132323","is_ascension_mode":false,"campfire_choices":[{"data":"Armaments","floor":6.0,"key":"SMITH"},{"floor":15.0,"key":"REST"},{"floor":28.0,"key":"REST"},{"floor":30.0,"key":"REST"},{"data":"Demon Form","floor":32.0,"key":"SMITH"},{"floor":42.0,"key":"RECALL"},{"floor":49.0,"key":"REST"}],"neow_cost":"NONE","seed_source_timestamp":0,"circlet_count":0,"master_deck":["Strike_R","Strike_R","Strike_R+1","Defend_R","Defend_R","Defend_R","Bash","Inflame","Shrug It Off+1","Armaments+1","Flex","Demon Form+1","Spot Weakness","Heavy Blade","Twin Strike","Clothesline","Cleave","Armaments","Sword Boomerang","Flex","Sword Boomerang","Whirlwind","Trip","Good Instincts","Flex","Limit Break","Heavy Blade+1","Doubt"],"special_seed":0,"relics":["Burning Blood","Champion Belt","Bronze Scales","Runic Pyramid","Blue Candle","Brimstone","Bottled Lightning","Sozu","Strawberry","Frozen Egg 2"],"potions_floor_usage":[50,50,50],"damage_taken":[{"damage":0.0,"enemies":"Small Slimes","floor":1.0,"turns":3.0},{"damage":0.0,"enemies":"Jaw Worm","floor":4.0,"turns":3.0},{"damage":35.0,"enemies":"Lagavulin","floor":7.0,"turns":7.0},{"damage":0.0,"enemies":"Cultist","floor":10.0,"turns":3.0},{"damage":0.0,"enemies":"Large Slime","floor":11.0,"turns":5.0},{"damage":8.0,"enemies":"Blue Slaver","floor":12.0,"turns":4.0},{"damage":14.0,"enemies":"Gremlin Gang","floor":14.0,"turns":2.0},{"damage":30.0,"enemies":"Hexaghost","floor":16.0,"turns":7.0},{"damage":4.0,"enemies":"Chosen","floor":18.0,"turns":6.0},{"damage":7.0,"enemies":"3 Byrds","floor":19.0,"turns":3.0},{"damage":34.0,"enemies":"Centurion and Healer","floor":21.0,"turns":6.0},{"damage":32.0,"enemies":"Shelled Parasite and Fungi","floor":22.0,"turns":5.0},{"damage":12.0,"enemies":"Snake Plant","floor":23.0,"turns":4.0},{"damage":0.0,"enemies":"Centurion and Healer","floor":29.0,"turns":4.0},{"damage":21.0,"enemies":"Champ","floor":33.0,"turns":6.0},{"damage":6.0,"enemies":"3 Shapes","floor":35.0,"turns":2.0},{"damage":25.0,"enemies":"3 Darklings","floor":39.0,"turns":3.0},{"damage":14.0,"enemies":"Giant Head","floor":40.0,"turns":5.0},{"damage":13.0,"enemies":"4 Shapes","floor":41.0,"turns":4.0},{"damage":0.0,"enemies":"Sphere and 2 Shapes","floor":44.0,"turns":3.0},{"damage":31.0,"enemies":"Spire Growth","floor":48.0,"turns":4.0},{"damage":75,"enemies":"Awakened One","floor":50,"turns":4}],"seed_played":"6718570758059925240","potions_obtained":[{"floor":1.0,"key":"FearPotion"},{"floor":10.0,"key":"Weak Potion"},{"floor":14.0,"key":"LiquidBronze"},{"floor":33.0,"key":"SpeedPotion"}],"is_trial":false,"path_per_floor":["?","?","$","M","?","?","M","?","$","?","?","M","?","?","?","M"],"character_chosen":"IRONCLAD","items_purchased":["Shrug It Off","Armaments","Spot Weakness","Heavy Blade","Brimstone","Flex"],"campfire_rested":4,"item_purchase_floors":[2,2,8,8,25,38],"current_hp_per_floor":[80,80,64,70,70,70,41,41,41,47,53,51,39,31,55,31,80,80,79,79,51,25,19,19,19,19,19,43,49,73,73,73,58,80,80,75,75,75,56,55,48,48,48,54,54,83,75,50,74,0],"gold":98,"neow_bonus":"HUNDRED_GOLD","is_prod":false,"is_daily":false,"chose_seed":false,"campfire_upgraded":2,"win_rate":0,"timestamp":1552047803,"path_taken":["M","$","?","M","?","R","E","?","T","?","M","M","?","M","R","BOSS","M","M","?","M","M","?","?","$","T","$","R","M","R","?","R","BOSS","M","?","?","$","?","E","M","R","T","M","?","?","?","?","R","BOSS"],"build_version":"2019-01-23","purchased_purges":2,"victory":false,"max_hp_per_floor":[80,80,80,80,80,80,80,80,80,80,80,80,80,80,80,80,80,80,80,80,80,80,80,80,80,80,80,80,80,80,80,80,80,80,80,80,76,76,76,83,83,83,83,83,83,83,83,83,83,83],"card_choices":[{"not_picked":["Perfected Strike","Bloodletting"],"picked":"Inflame","floor":1.0},{"not_picked":["Dropkick","Clothesline","True Grit"],"picked":"SKIP","floor":4.0},{"not_picked":["Armaments","Seeing Red"],"picked":"Demon Form","floor":7.0},{"not_picked":["Iron Wave","Havoc"],"picked":"Twin Strike","floor":10.0},{"not_picked":["Anger","Body Slam"],"picked":"Clothesline","floor":11.0},{"not_picked":["Brutality","Headbutt"],"picked":"Cleave","floor":12.0},{"not_picked":["Second Wind","Twin Strike"],"picked":"Armaments","floor":14.0},{"not_picked":["Perfected Strike","Wild Strike","Headbutt"],"picked":"SKIP","floor":18.0},{"not_picked":["Uppercut","Havoc","Clothesline"],"picked":"SKIP","floor":19.0},{"not_picked":["Thunderclap","Rupture+1"],"picked":"Sword Boomerang","floor":21.0},{"not_picked":["Clash","Rupture"],"picked":"Flex","floor":22.0},{"not_picked":["Intimidate","Thunderclap"],"picked":"Sword Boomerang","floor":23.0},{"not_picked":["Twin Strike","Headbutt","Perfected Strike"],"picked":"SKIP","floor":29.0},{"not_picked":["Clash","Body Slam"],"picked":"Whirlwind","floor":35.0},{"not_picked":["Jack Of All Trades","Blind"],"picked":"Trip","floor":36.0},{"not_picked":["Dramatic Entrance","Dark Shackles"],"picked":"Good Instincts","floor":36.0},{"not_picked":["Intimidate","Clash","Bloodletting+1"],"picked":"SKIP","floor":39.0},{"not_picked":["Headbutt","Armaments"],"picked":"Limit Break","floor":40.0},{"not_picked":["Intimidate+1","Corruption+1"],"picked":"Heavy Blade+1","floor":41.0},{"not_picked":["Warcry","True Grit","Metallicize+1"],"picked":"SKIP","floor":44.0},{"not_picked":["Perfected Strike+1","Bloodletting","Battle Trance"],"picked":"SKIP","floor":48.0}],"player_experience":170652,"relics_obtained":[{"floor":7.0,"key":"Champion Belt"},{"floor":26.0,"key":"Bottled Lightning"},{"floor":40.0,"key":"Strawberry"},{"floor":43.0,"key":"Frozen Egg 2"}],"event_choices":[{"damage_healed":0.0,"max_hp_gain":0.0,"max_hp_loss":0.0,"gold_gain":0.0,"event_name":"Shining Light","player_choice":"Entered Light","floor":3.0,"gold_loss":0.0,"damage_taken":16.0,"cards_upgraded":["Strike_R","Shrug It Off"]},{"damage_healed":0.0,"max_hp_gain":0.0,"max_hp_loss":0.0,"gold_gain":0.0,"cards_transformed":["Defend_R"],"event_name":"Living Wall","player_choice":"Change","floor":5.0,"gold_loss":0.0,"damage_taken":0.0,"cards_obtained":["Flex"]},{"damage_healed":0.0,"max_hp_gain":0.0,"max_hp_loss":0.0,"gold_gain":0.0,"event_name":"Scrap Ooze","player_choice":"Success","floor":13.0,"gold_loss":0.0,"damage_taken":12.0,"relics_obtained":["Bronze Scales"]},{"damage_healed":0.0,"max_hp_gain":0.0,"max_hp_loss":0.0,"gold_gain":0.0,"event_name":"The Woman in Blue","player_choice":"Bought 0 Potions","floor":20.0,"gold_loss":0.0,"damage_taken":0.0},{"damage_healed":0.0,"max_hp_gain":0.0,"max_hp_loss":0.0,"gold_gain":0.0,"event_name":"Addict","player_choice":"Obtained Relic","floor":24.0,"gold_loss":85.0,"damage_taken":0.0,"relics_obtained":["Blue Candle"]},{"damage_healed":0.0,"max_hp_gain":0.0,"max_hp_loss":0.0,"gold_gain":0.0,"event_name":"SensoryStone","player_choice":"Memory 2","floor":36.0,"gold_loss":0.0,"damage_taken":5.0},{"damage_healed":0.0,"max_hp_gain":0.0,"max_hp_loss":4.0,"gold_gain":0.0,"event_name":"Winding Halls","player_choice":"Max HP","floor":37.0,"gold_loss":0.0,"damage_taken":0.0},{"damage_healed":0.0,"max_hp_gain":0.0,"max_hp_loss":0.0,"gold_gain":0.0,"event_name":"Mysterious Sphere","player_choice":"Ignored","floor":45.0,"gold_loss":0.0,"damage_taken":0.0},{"damage_healed":29.0,"max_hp_gain":0.0,"max_hp_loss":0.0,"gold_gain":0.0,"event_name":"MindBloom","player_choice":"Heal","floor":46.0,"gold_loss":0.0,"damage_taken":0.0,"cards_obtained":["Doubt"]},{"damage_healed":0.0,"max_hp_gain":0.0,"max_hp_loss":0.0,"gold_gain":0.0,"event_name":"Wheel of Change","player_choice":"Damaged","floor":47.0,"gold_loss":0.0,"damage_taken":8.0}],"is_beta":false,"boss_relics":[{"not_picked":["Astrolabe","Mark of Pain"],"picked":"Runic Pyramid"},{"not_picked":["Snecko Eye","Empty Cage"],"picked":"Sozu"}],"items_purged_floors":[2,38],"is_endless":false,"potions_floor_spawned":[1,10,14,21,33,39,40,41,48],"killed_by":"Awakened One","ascension_level":0}