{"gold_per_floor":[110,110,16,28,46,81,81,81,81,95,105,105,122,134,134,234,234,244,261,31,131,56,82,82,82,82,181,107,123,123,45,45,145,145,164,264,280,31,50,85,85,104,104,11,23,58,71,71,71,71],"floor_reached":51,"playtime":2234,"items_purged":["Strike_B","Strike_B"],"score":802,"play_id":"aa9e610d-cf91-47f5-b93a-6880609be7df","local_time":"20190320152218","is_ascension_mode":false,"campfire_choices":[{"data":"Storm","floor":8.0,"key":"SMITH"},{"data":"Static Discharge","floor":12.0,"key":"SMITH"},{"data":"Conserve Battery","floor":15.0,"key":"SMITH"},{"floor":24.0,"key":"REST"},{"floor":30.0,"key":"REST"},{"data":"Electrodynamics","floor":32.0,"key":"SMITH"},{"floor":41.0,"key":"REST"},{"floor":49.0,"key":"REST"}],"neow_cost":"NONE","seed_source_timestamp":652615033929997,"circlet_count":0,"master_deck":["Strike_B","Strike_B","Defend_B","Defend_B","Defend_B","Zap","Dualcast","Conserve Battery","Storm+1","Conserve Battery+1","Cold Snap","Static Discharge+1","Dramatic Entrance","Steam","Electrodynamics+1","Ball Lightning+1","Thunder Strike","Capacitor","Steam","Skim+1","Ghostly","Ghostly","Ghostly+1","Ghostly+1","Ghostly","Storm","BootSequence","Thunder Strike","Melter","Stack","Force Field","Conserve Battery","Undo+1","Seek","Parasite"],"special_seed":0,"relics":["Cracked Core","NeowsBlessing","Shuriken","PreservedInsect","Lizard Tail","Girya","Bottled Tornado","Strawberry","Mummified Hand","Inserter","War Paint","Bag of Marbles","Unceasing Top","Pocketwatch"],"potions_floor_usage":[50,50],"damage_taken":[{"damage":0.0,"enemies":"Cultist","floor":1.0,"turns":1.0},{"damage":0.0,"enemies":"Jaw Worm","floor":4.0,"turns":1.0},{"damage":0.0,"enemies":"2 Louse","floor":5.0,"turns":1.0},{"damage":13.0,"enemies":"Lagavulin","floor":6.0,"turns":8.0},{"damage":1.0,"enemies":"Looter","floor":10.0,"turns":3.0},{"damage":2.0,"enemies":"2 Fungi Beasts","floor":11.0,"turns":3.0},{"damage":20.0,"enemies":"Exordium Thugs","floor":13.0,"turns":3.0},{"damage":0.0,"enemies":"Red Slaver","floor":14.0,"turns":3.0},{"damage":28.0,"enemies":"Slime Boss","floor":16.0,"turns":8.0},{"damage":3.0,"enemies":"3 Byrds","floor":18.0,"turns":3.0},{"damage":0.0,"enemies":"Chosen","floor":19.0,"turns":5.0},{"damage":10.0,"enemies":"Colosseum Slavers","floor":21.0,"turns":3.0},{"damage":9.0,"enemies":"Colosseum Nobs","floor":21.0,"turns":3.0},{"damage":32.0,"enemies":"Slavers","floor":23.0,"turns":2.0},{"damage":15.0,"enemies":"Snake Plant","floor":29.0,"turns":4.0},{"damage":40.0,"enemies":"Automaton","floor":33.0,"turns":9.0},{"damage":0.0,"enemies":"3 Darklings","floor":35.0,"turns":3.0},{"damage":0.0,"enemies":"Orb Walker","floor":37.0,"turns":5.0},{"damage":1.0,"enemies":"Sphere and 2 Shapes","floor":39.0,"turns":2.0},{"damage":29.0,"enemies":"Giant Head","floor":40.0,"turns":7.0},{"damage":14.0,"enemies":"Spire Growth","floor":42.0,"turns":4.0},{"damage":3.0,"enemies":"3 Darklings","floor":45.0,"turns":3.0},{"damage":0.0,"enemies":"Nemesis","floor":46.0,"turns":7.0},{"damage":0.0,"enemies":"Writhing Mass","floor":47.0,"turns":5.0},{"damage":11,"enemies":"Time Eater","floor":50,"turns":11}],"seed_played":"3953597535204817981","potions_obtained":[{"floor":5.0,"key":"GamblersBrew"},{"floor":11.0,"key":"AttackPotion"},{"floor":16.0,"key":"AttackPotion"},{"floor":18.0,"key":"Ancient Potion"},{"floor":21.0,"key":"PowerPotion"},{"floor":39.0,"key":"SneckoOil"},{"floor":45.0,"key":"SpeedPotion"},{"floor":46.0,"key":"Explosive Potion"}],"is_trial":false,"path_per_floor":["M","?","$","M","M","E","?","R","T","M","M","R","M","M","R","B",null,"M","M","$","?","$","E","R","?","T","?","$","M","R","$","R","B",null,"M","?","M","$","M","E","R","M","T","$","M","E","M","?","R","B",null],"character_chosen":"DEFECT","items_purchased":["Storm","Conserve Battery","Thunder Strike","Capacitor","Storm","BootSequence","War Paint","Force Field","Conserve Battery"],"campfire_rested":4,"item_purchase_floors":[3,3,20,20,28,31,38,44,44],"current_hp_per_floor":[75,75,75,75,75,62,62,62,62,61,59,59,39,39,39,11,75,72,72,72,53,53,28,52,41,41,41,41,26,38,38,38,20,41,41,41,41,41,40,11,23,9,9,9,6,6,6,6,18,7],"gold":71,"neow_bonus":"THREE_ENEMY_KILL","is_prod":false,"is_daily":false,"chose_seed":false,"campfire_upgraded":4,"win_rate":0.0,"timestamp":1553109738,"path_taken":["M","?","$","M","?","E","?","R","T","M","M","R","?","M","R","BOSS","M","M","$","?","$","E","R","?","T","?","?","M","R","$","R","BOSS","M","?","M","?","?","E","R","M","T","$","M","E","M","?","R","BOSS"],"build_version":"2019-01-23","purchased_purges":2,"victory":true,"max_hp_per_floor":[75,75,75,75,75,75,75,75,75,75,75,75,75,75,75,75,75,75,75,75,75,75,82,82,41,41,41,41,41,41,41,41,41,41,41,41,41,41,41,41,41,41,41,41,41,41,41,41,41,41],"card_choices":[{"not_picked":["Barrage","FTL"],"picked":"Conserve Battery","floor":1.0},{"not_picked":["Leap","Loop","Stack"],"picked":"SKIP","floor":4.0},{"not_picked":["Double Energy","BootSequence"],"picked":"Cold Snap","floor":5.0},{"not_picked":["Conserve Battery","Beam Cell"],"picked":"Static Discharge","floor":6.0},{"not_picked":["Cold Snap","Stack"],"picked":"Steam","floor":10.0},{"not_picked":["Coolheaded","Ball Lightning","Streamline"],"picked":"SKIP","floor":11.0},{"not_picked":["Go for the Eyes","White Noise"],"picked":"Steam","floor":13.0},{"not_picked":["Static Discharge","Sweeping Beam","Rip and Tear"],"picked":"SKIP","floor":14.0},{"not_picked":["Biased Cognition","Thunder Strike"],"picked":"Electrodynamics","floor":16.0},{"not_picked":["Redo","Cold Snap+1","Leap"],"picked":"SKIP","floor":18.0},{"not_picked":["Rebound","Sweeping Beam"],"picked":"Ball Lightning+1","floor":19.0},{"not_picked":["Rebound","Go for the Eyes+1"],"picked":"Steam","floor":21.0},{"not_picked":["Compile Driver","Doom and Gloom+1"],"picked":"Skim+1","floor":23.0},{"not_picked":["Redo","Steam+1","Beam Cell"],"picked":"SKIP","floor":29.0},{"not_picked":["Multi-Cast","Electrodynamics"],"picked":"Thunder Strike","floor":33.0},{"not_picked":["Hologram","Doom and Gloom","Gash+1"],"picked":"SKIP","floor":35.0},{"not_picked":["Compile Driver+1","Sweeping Beam+1","Leap"],"picked":"SKIP","floor":37.0},{"not_picked":["Cold Snap+1","Creative AI","Rebound"],"picked":"SKIP","floor":39.0},{"not_picked":["Sweeping Beam","Rip and Tear"],"picked":"Melter","floor":40.0},{"not_picked":["Go for the Eyes+1","Coolheaded+1"],"picked":"Stack","floor":42.0},{"not_picked":["Sweeping Beam","Compile Driver"],"picked":"Undo+1","floor":45.0},{"not_picked":["Steam Power","Leap"],"picked":"Seek","floor":46.0},{"not_picked":["Barrage","Leap","Redo"],"picked":"SKIP","floor":47.0}],"player_experience":7830,"relics_obtained":[{"floor":6.0,"key":"Shuriken"},{"floor":9.0,"key":"PreservedInsect"},{"floor":21.0,"key":"Girya"},{"floor":21.0,"key":"Bottled Tornado"},{"floor":23.0,"key":"Strawberry"},{"floor":26.0,"key":"Mummified Hand"},{"floor":40.0,"key":"Bag of Marbles"},{"floor":43.0,"key":"Unceasing Top"},{"floor":46.0,"key":"Pocketwatch"}],"event_choices":[{"cards_removed":["Defend_B"],"damage_healed":0.0,"max_hp_gain":0.0,"max_hp_loss":0.0,"gold_gain":0.0,"event_name":"Purifier","player_choice":"Purged","floor":2.0,"gold_loss":0.0,"damage_taken":0.0},{"damage_healed":0.0,"max_hp_gain":0.0,"max_hp_loss":0.0,"gold_gain":0.0,"event_name":"Match and Keep!","player_choice":"1 cards matched","floor":7.0,"gold_loss":0.0,"damage_taken":0.0,"cards_obtained":["Dramatic Entrance"]},{"damage_healed":0.0,"max_hp_gain":0.0,"max_hp_loss":0.0,"gold_gain":0.0,"event_name":"Colosseum","player_choice":"Fight","floor":21.0,"gold_loss":0.0,"damage_taken":0.0},{"damage_healed":0.0,"max_hp_gain":0.0,"max_hp_loss":0.0,"gold_gain":0.0,"event_name":"Colosseum","player_choice":"Fought Nobs","floor":21.0,"gold_loss":0.0,"damage_taken":0.0},{"damage_healed":0.0,"max_hp_gain":0.0,"max_hp_loss":41.0,"gold_gain":0.0,"event_name":"Ghosts","player_choice":"Became a Ghost","floor":25.0,"gold_loss":0.0,"damage_taken":0.0,"cards_obtained":["Ghostly","Ghostly","Ghostly","Ghostly","Ghostly"]},{"damage_healed":0.0,"max_hp_gain":0.0,"max_hp_loss":0.0,"gold_gain":99.0,"event_name":"Nest","player_choice":"Stole From Cult","floor":27.0,"gold_loss":0.0,"damage_taken":0.0},{"damage_healed":0.0,"max_hp_gain":0.0,"max_hp_loss":0.0,"gold_gain":100.0,"event_name":"Golden Shrine","player_choice":"Pray","floor":36.0,"gold_loss":0.0,"damage_taken":0.0},{"cards_removed":["Steam"],"damage_healed":0.0,"max_hp_gain":0.0,"max_hp_loss":0.0,"gold_gain":0.0,"event_name":"Falling","player_choice":"Removed Skill","floor":48.0,"gold_loss":0.0,"damage_taken":0.0}],"is_beta":false,"boss_relics":[{"not_picked":["Runic Dome","Sozu"],"picked":"Lizard Tail"},{"not_picked":["Calling Bell","Black Star"],"picked":"Inserter"}],"items_purged_floors":[22,38],"is_endless":false,"potions_floor_spawned":[5,11,16,18,21,21,39,45,46],"ascension_level":0}