{"gold_per_floor":[115,125,50,50,50,50,71,85,135,210,235,26,40,65,65,191,254,274,274,274,299,214,214,252,252,275,23,23,47,47,60,60,60],"floor_reached":33,"playtime":1679,"items_purged":["Strike_R","Strike_R"],"score":255,"play_id":"ee217494-3bae-481c-96fd-5b4c75f1d230","local_time":"20190305141150","is_ascension_mode":false,"campfire_choices":[{"floor":6,"key":"REST"},{"floor":15,"key":"REST"},{"floor":23,"key":"REST"},{"floor":25,"key":"REST"},{"data":"Whirlwind","floor":28,"key":"SMITH"},{"floor":32,"key":"REST"}],"neow_cost":"NONE","seed_source_timestamp":1705156395829283,"circlet_count":0,"master_deck":["Strike_R","Defend_R","Defend_R","Defend_R","Defend_R","Bash","Sever Soul","Twin Strike","Heavy Blade","Offering","Twin Strike","Whirlwind","Infernal Blade+1","Whirlwind+1","Pommel Strike","Offering","Thunderclap","Flex+1","Dropkick+1","Havoc","Infernal Blade","Pommel Strike","Thunderclap","Rupture","Warcry","Infernal Blade+1"],"relics":["Velvet Choker","Golden Idol","Dream Catcher","Blood Vial","HandDrill","Odd Mushroom","Tiny House","StoneCalendar","Smiling Mask","Vajra","Boot"],"potions_floor_usage":[33,33,33],"damage_taken":[{"damage":1,"enemies":"Cultist","floor":1,"turns":3},{"damage":0,"enemies":"Small Slimes","floor":2,"turns":3},{"damage":11,"enemies":"Jaw Worm","floor":7,"turns":2},{"damage":3,"enemies":"2 Fungi Beasts","floor":8,"turns":3},{"damage":10,"enemies":"Looter","floor":11,"turns":2},{"damage":6,"enemies":"Blue Slaver","floor":13,"turns":2},{"damage":6,"enemies":"The Mushroom Lair","floor":14,"turns":1},{"damage":22,"enemies":"Slime Boss","floor":16,"turns":8},{"damage":0,"enemies":"3 Byrds","floor":18,"turns":2},{"damage":26,"enemies":"2 Thieves","floor":21,"turns":2},{"damage":30,"enemies":"Gremlin Leader","floor":24,"turns":3},{"damage":20,"enemies":"Chosen and Byrds","floor":29,"turns":4},{"damage":45,"enemies":"Centurion and Healer","floor":31,"turns":5},{"damage":50,"enemies":"Champ","floor":33,"turns":6}],"seed_played":"6052030107104825512","potions_obtained":[{"floor":7,"key":"GamblersBrew"},{"floor":11,"key":"Poison Potion"},{"floor":14,"key":"EssenceOfSteel"},{"floor":17,"key":"Swift Potion"}],"is_trial":false,"path_per_floor":["M","M","$","?","?","R","M","M","T","?","M","$","M","?","R","B",null,"M","?","?","M","?","R","E","R","T","$","R","M","?","M","R","B"],"character_chosen":"IRONCLAD","items_purchased":["HandDrill","Boot","Thunderclap"],"campfire_rested":5,"item_purchase_floors":[12,27,27],"current_hp_per_floor":[79,79,79,59,59,80,69,66,66,55,47,47,43,39,63,43,85,85,85,85,59,59,84,55,80,80,80,80,62,62,19,44,0],"gold":60,"neow_bonus":"BOSS_RELIC","is_prod":false,"is_daily":false,"chose_seed":false,"campfire_upgraded":1,"win_rate":0,"timestamp":1551762710,"path_taken":["M","M","$","?","?","R","?","M","T","?","M","$","M","?","R","BOSS","M","?","?","?","?","R","E","R","T","?","R","?","?","M","R","BOSS"],"build_version":"2019-01-23","purchased_purges":2,"victory":false,"max_hp_per_floor":[80,80,80,80,80,80,80,80,80,80,80,80,80,80,80,80,85,85,85,85,85,85,85,85,85,85,85,85,85,85,85,85,85],"card_choices":[{"not_picked":["Clothesline","Cleave"],"picked":"Sever Soul","floor":1},{"not_picked":["Pummel","Iron Wave"],"picked":"Twin Strike","floor":2},{"not_picked":["Rampage","Entrench"],"picked":"Heavy Blade","floor":6},{"not_picked":["Headbutt","Heavy Blade"],"picked":"Offering","floor":7},{"not_picked":["Entrench","Searing Blow"],"picked":"Twin Strike","floor":8},{"not_picked":["Uppercut","True Grit"],"picked":"Whirlwind","floor":11},{"not_picked":["Bloodletting","True Grit"],"picked":"Infernal Blade","floor":13},{"not_picked":["Body Slam","Entrench"],"picked":"Whirlwind","floor":14},{"not_picked":["Headbutt","Reckless Charge"],"picked":"Pommel Strike","floor":15},{"not_picked":["Immolate","Barricade"],"picked":"Offering","floor":16},{"not_picked":["Hemokinesis","Cleave"],"picked":"Thunderclap","floor":17},{"not_picked":["Headbutt","Anger"],"picked":"Flex+1","floor":18},{"not_picked":["Anger","Body Slam"],"picked":"Dropkick+1","floor":21},{"not_picked":["Power Through","Anger"],"picked":"Havoc","floor":23},{"not_picked":["Anger+1","Reckless Charge+1"],"picked":"Infernal Blade","floor":24},{"not_picked":["Pummel","Reckless Charge"],"picked":"Pommel Strike","floor":25},{"not_picked":["Twin Strike+1","Juggernaut"],"picked":"Rupture","floor":29},{"not_picked":["Sentinel+1","Entrench+1"],"picked":"Warcry","floor":31},{"not_picked":["Thunderclap","Intimidate+1"],"picked":"Infernal Blade+1","floor":32}],"player_experience":73267,"relics_obtained":[{"floor":5,"key":"Dream Catcher"},{"floor":9,"key":"Blood Vial"},{"floor":14,"key":"Odd Mushroom"},{"floor":24,"key":"Smiling Mask"},{"floor":26,"key":"Vajra"}],"event_choices":[{"damage_healed":0,"gold_gain":0,"player_choice":"Take Damage","damage_taken":20,"relics_obtained":["Golden Idol"],"max_hp_gain":0,"max_hp_loss":0,"event_name":"Golden Idol","floor":4,"gold_loss":0},{"damage_healed":0,"gold_gain":0,"player_choice":"Relic","damage_taken":0,"max_hp_gain":0,"max_hp_loss":0,"event_name":"Wheel of Change","floor":5,"gold_loss":0},{"damage_healed":0,"gold_gain":75,"player_choice":"Gather Gold","damage_taken":11,"max_hp_gain":0,"max_hp_loss":0,"event_name":"World of Goop","floor":10,"gold_loss":0},{"damage_healed":0,"gold_gain":0,"player_choice":"Fought Mushrooms","damage_taken":0,"max_hp_gain":0,"max_hp_loss":0,"event_name":"Mushrooms","floor":14,"gold_loss":0},{"damage_healed":0,"gold_gain":0,"player_choice":"Ignored","damage_taken":0,"max_hp_gain":0,"max_hp_loss":0,"event_name":"Ghosts","floor":19,"gold_loss":0},{"cards_removed":["Strike_R"],"damage_healed":0,"gold_gain":0,"player_choice":"Offered Basic","damage_taken":0,"max_hp_gain":0,"max_hp_loss":0,"event_name":"Bonfire Elementals","floor":20,"gold_loss":0},{"damage_healed":0,"gold_gain":0,"player_choice":"Obtained Relic","damage_taken":0,"relics_obtained":["StoneCalendar"],"max_hp_gain":0,"max_hp_loss":0,"event_name":"Addict","floor":22,"gold_loss":85},{"cards_removed":["Strike_R"],"damage_healed":0,"gold_gain":0,"player_choice":"Elegance","damage_taken":0,"max_hp_gain":0,"max_hp_loss":0,"event_name":"Back to Basics","floor":30,"gold_loss":0}],"is_beta":false,"boss_relics":[{"not_picked":["Coffee Dripper","Runic Cube"],"picked":"Tiny House"}],"items_purged_floors":[3,27],"is_endless":false,"potions_floor_spawned":[7,11,14,16,24,31],"killed_by":"Champ","ascension_level":0}