{"gold_per_floor":[113,133,55,72,72,100,117,117,117,148,148,148,173,191,191,286,286,300,225,242,61,61,61,96,96,96,96],"floor_reached":27,"playtime":2449,"items_purged":[],"score":261,"play_id":"7c14adde-d334-4816-833a-2e0f7b187217","local_time":"20190308120326","is_ascension_mode":true,"campfire_choices":[{"floor":8,"key":"REST"},{"floor":12,"key":"REST"},{"floor":15,"key":"REST"},{"floor":23,"key":"REST"},{"floor":25,"key":"REST"}],"neow_cost":"NONE","seed_source_timestamp":984701107267304,"circlet_count":0,"master_deck":["Strike_B","Strike_B","Defend_B","Defend_B","Defend_B","Defend_B","Zap","Dualcast","Sunder","Conserve Battery","Capacitor","Ball Lightning","Self Repair","Force Field","Double Energy","Meteor Strike","Compile Driver","All For One","Ball Lightning","Chaos+1","Static Discharge","Leap","Good Instincts","Shame","Undo"],"relics":["Cracked Core","WingedGreaves","Bag of Preparation","Strawberry","Vajra","Blood Vial","Inserter","Cables","Meat on the Bone","Frozen Egg 2"],"potions_floor_usage":[16,16,18,27],"damage_taken":[{"damage":1,"enemies":"Cultist","floor":1,"turns":3},{"damage":0,"enemies":"Small Slimes","floor":2,"turns":2},{"damage":0,"enemies":"2 Louse","floor":4,"turns":2},{"damage":38,"enemies":"Lagavulin","floor":6,"turns":6},{"damage":7,"enemies":"2 Fungi Beasts","floor":7,"turns":2},{"damage":31,"enemies":"Gremlin Nob","floor":10,"turns":5},{"damage":21,"enemies":"3 Sentries","floor":13,"turns":7},{"damage":3,"enemies":"3 Louse","floor":14,"turns":6},{"damage":67,"enemies":"Hexaghost","floor":16,"turns":11},{"damage":38,"enemies":"3 Byrds","floor":18,"turns":5},{"damage":34,"enemies":"2 Thieves","floor":20,"turns":4},{"damage":35,"enemies":"Book of Stabbing","floor":24,"turns":7},{"damage":64,"enemies":"Slavers","floor":27,"turns":4}],"seed_played":"5296458864691354287","potions_obtained":[{"floor":1,"key":"Swift Potion"},{"floor":10,"key":"LiquidBronze"},{"floor":13,"key":"Strength Potion"},{"floor":16,"key":"GamblersBrew"},{"floor":18,"key":"SpeedPotion"},{"floor":24,"key":"SteroidPotion"}],"is_trial":false,"path_per_floor":["M","M","$","M","T","E","M","R","T","E","?","R","E","M","R","B",null,"M","?","M","$","?","R","E","R","T","E"],"character_chosen":"DEFECT","items_purchased":["Capacitor","Static Discharge","Leap","Good Instincts"],"campfire_rested":5,"item_purchase_floors":[3,21,21,21],"current_hp_per_floor":[81,81,81,81,81,43,43,67,74,50,50,76,62,68,89,22,89,58,58,33,33,33,59,26,52,52,0],"gold":96,"neow_bonus":"TEN_PERCENT_HP_BONUS","is_prod":false,"is_daily":false,"chose_seed":false,"campfire_upgraded":0,"win_rate":0,"timestamp":1552057406,"path_taken":["M","M","$","M","?","E","M","R","T","E","?","R","E","?","R","BOSS","M","?","M","$","?","R","E","R","T","E"],"build_version":"2019-01-23","purchased_purges":0,"victory":false,"max_hp_per_floor":[82,82,82,82,82,82,82,82,89,89,89,89,89,89,89,89,89,89,89,89,89,89,89,89,89,89,89],"card_choices":[{"not_picked":["Hologram","Gash"],"picked":"Sunder","floor":1},{"not_picked":["Tempest","Sweeping Beam"],"picked":"Conserve Battery","floor":2},{"not_picked":["Heatsinks","Consume"],"picked":"Ball Lightning","floor":4},{"not_picked":["Ball Lightning","Capacitor"],"picked":"Self Repair","floor":6},{"not_picked":["Streamline","Melter"],"picked":"Force Field","floor":7},{"not_picked":["Chaos","Capacitor"],"picked":"Double Energy","floor":10},{"not_picked":["Barrage","Stack"],"picked":"Meteor Strike","floor":13},{"not_picked":["Gash","Beam Cell"],"picked":"Compile Driver","floor":14},{"not_picked":["Core Surge","Reboot"],"picked":"All For One","floor":16},{"not_picked":["Redo","Aggregate"],"picked":"Ball Lightning","floor":18},{"not_picked":["Beam Cell+1","Stack"],"picked":"Chaos+1","floor":20},{"not_picked":["Go for the Eyes","Hologram"],"picked":"Undo","floor":24}],"player_experience":49163,"relics_obtained":[{"floor":5,"key":"WingedGreaves"},{"floor":6,"key":"Bag of Preparation"},{"floor":9,"key":"Strawberry"},{"floor":10,"key":"Vajra"},{"floor":13,"key":"Blood Vial"},{"floor":24,"key":"Meat on the Bone"},{"floor":26,"key":"Frozen Egg 2"}],"event_choices":[{"cards_removed":["Strike_B"],"damage_healed":0,"gold_gain":0,"player_choice":"Offered Basic","damage_taken":0,"max_hp_gain":0,"max_hp_loss":0,"event_name":"Bonfire Elementals","floor":11,"gold_loss":0},{"cards_removed":["Strike_B"],"damage_healed":0,"gold_gain":0,"player_choice":"Gave Gold","damage_taken":0,"max_hp_gain":0,"max_hp_loss":0,"event_name":"Beggar","floor":19,"gold_loss":75},{"damage_healed":0,"gold_gain":0,"player_choice":"Stole Relic","damage_taken":0,"relics_obtained":["Cables"],"max_hp_gain":0,"max_hp_loss":0,"event_name":"Addict","floor":22,"gold_loss":0,"cards_obtained":["Shame"]}],"is_beta":false,"boss_relics":[{"not_picked":["FrozenCore","Black Star"],"picked":"Inserter"}],"items_purged_floors":[],"is_endless":false,"potions_floor_spawned":[1,10,13,14,16,18,24],"killed_by":"Slavers","ascension_level":1}