{"gold_per_floor":[112,122,139,89,89,89,117,27,53,66,82,107,107,119,119,218,218,218,218,218,73,73,73,73,73,73,73,73,73,73,73,73,73,73,73,73,0,0,0,0,0,0,0,0,0,0,0,0,0,0],"floor_reached":51,"playtime":2288,"items_purged":[],"score":1027,"play_id":"78a76834-df89-4b12-8b00-2256b016bf92","local_time":"20180714011417","is_ascension_mode":true,"campfire_choices":[{"data":"Noxious Fumes","floor":6,"key":"SMITH"},{"data":"Catalyst","floor":13,"key":"SMITH"},{"data":"Poisoned Stab","floor":15,"key":"SMITH"},{"data":"Envenom","floor":24,"key":"SMITH"},{"data":"Catalyst","floor":30,"key":"SMITH"},{"data":"Poisoned Stab","floor":32,"key":"SMITH"},{"data":"Apotheosis","floor":41,"key":"SMITH"},{"floor":46,"key":"DIG"},{"floor":49,"key":"DIG"}],"neow_cost":"NONE","seed_source_timestamp":83614579494792,"circlet_count":0,"master_deck":["Defend_G+1","Defend_G+1","Defend_G+1","Defend_G+1","Defend_G+1","Strike_G+1","Strike_G+1","Strike_G+1","Survivor","Neutralize","Poisoned Stab+1","Catalyst+1","Noxious Fumes+1","Heel Hook","Bandage Up","Sucker Punch","Poisoned Stab+1","Bane","Backflip","Envenom+1","Crippling Poison+1","Bane+1","Catalyst+1","Choke+1","Wraith Form v2","Malaise","Apotheosis+1","Catalyst+1","Madness","Madness"],"relics":["Eternal Feather","Oddly Smooth Stone","Orichalcum","Juzu Bracelet","Ectoplasm","Lantern","Shuriken","Regal Pillow","Paper Crane","Tiny House","Shovel","Red Mask","Vajra","The Courier","Omamori","Pen Nib","Ice Cream"],"potions_floor_usage":[12,16,19,28,35,35,35,35,44,45,50,50],"damage_taken":[{"damage":0,"enemies":"2 Louse","floor":1,"turns":4},{"damage":0,"enemies":"Small Slimes","floor":2,"turns":4},{"damage":2,"enemies":"Cultist","floor":3,"turns":4},{"damage":12,"enemies":"3 Sentries","floor":7,"turns":9},{"damage":10,"enemies":"Large Slime","floor":10,"turns":6},{"damage":3,"enemies":"Blue Slaver","floor":11,"turns":4},{"damage":6,"enemies":"Lagavulin","floor":12,"turns":6},{"damage":26,"enemies":"Gremlin Gang","floor":14,"turns":4},{"damage":22,"enemies":"The Guardian","floor":16,"turns":10},{"damage":9,"enemies":"Chosen","floor":18,"turns":5},{"damage":0,"enemies":"3 Byrds","floor":19,"turns":3},{"damage":27,"enemies":"Slavers","floor":23,"turns":5},{"damage":8,"enemies":"Snake Plant","floor":27,"turns":4},{"damage":32,"enemies":"Gremlin Leader","floor":28,"turns":6},{"damage":0,"enemies":"Chosen and Byrds","floor":29,"turns":4},{"damage":1,"enemies":"Centurion and Healer","floor":31,"turns":4},{"damage":6,"enemies":"Champ","floor":33,"turns":6},{"damage":7,"enemies":"3 Darklings","floor":35,"turns":5},{"damage":11,"floor":36,"turns":5},{"damage":3,"enemies":"Nemesis","floor":40,"turns":3},{"damage":23,"enemies":"Giant Head","floor":44,"turns":9},{"damage":12,"enemies":"Flame Bruiser 1 Orb","floor":45,"turns":7},{"damage":6,"enemies":"Maw","floor":47,"turns":4},{"damage":2,"enemies":"Spire Growth","floor":48,"turns":4},{"damage":43,"enemies":"Donu and Deca","floor":50,"turns":10}],"seed_played":"4639534498079343062","potions_obtained":[{"floor":2,"key":"Block Potion"},{"floor":7,"key":"SteroidPotion"},{"floor":11,"key":"SpeedPotion"},{"floor":12,"key":"LiquidBronze"},{"floor":18,"key":"AttackPotion"},{"floor":28,"key":"SkillPotion"},{"floor":29,"key":"SteroidPotion"},{"floor":33,"key":"EntropicBrew"},{"floor":36,"key":"Strength Potion"},{"floor":44,"key":"Explosive Potion"},{"floor":47,"key":"SpeedPotion"}],"is_trial":false,"path_per_floor":["M","M","M","?","?","R","E","$","T","M","M","E","R","M","R","B",null,"M","M","?","$","?","E","R","$","T","M","E","M","R","M","R","B",null,"M","?","?","$","?","E","R","?","T","E","M","R","M","M","R","B"],"character_chosen":"THE_SILENT","items_purchased":["Bandage Up","Lantern"],"campfire_rested":0,"item_purchase_floors":[8,21],"current_hp_per_floor":[70,70,68,68,61,65,53,53,53,47,48,46,52,30,36,18,70,61,65,65,65,65,42,50,50,50,46,18,18,26,29,37,35,75,68,61,61,61,61,58,68,59,59,42,36,48,42,46,58,21],"gold":0,"neow_bonus":"BOSS_RELIC","is_prod":false,"is_daily":false,"chose_seed":false,"campfire_upgraded":7,"win_rate":0,"timestamp":1531552457,"path_taken":["M","M","M","?","?","R","E","?","T","M","?","E","R","M","R","BOSS","M","M","?","$","?","E","R","?","T","M","E","M","R","M","R","BOSS","M","?","?","$","?","E","R","?","T","E","M","R","M","M","R","BOSS"],"build_version":"2018-07-12","purchased_purges":0,"victory":true,"max_hp_per_floor":[70,70,70,70,70,70,70,70,70,70,70,70,70,70,70,70,70,70,70,70,70,70,70,70,70,70,70,70,70,70,70,70,70,75,75,75,75,75,75,75,75,75,75,75,75,75,75,75,75,75],"card_choices":[{"not_picked":["Backflip","Crippling Poison"],"picked":"Poisoned Stab","floor":1},{"not_picked":["Skewer","Blade Dance"],"picked":"Catalyst","floor":2},{"not_picked":["Backstab","Cloak And Dagger"],"picked":"Noxious Fumes","floor":3},{"not_picked":["Reflex","Sucker Punch"],"picked":"Heel Hook","floor":7},{"not_picked":["Backflip","Caltrops"],"picked":"Sucker Punch","floor":10},{"not_picked":["Deadly Poison","Finisher"],"picked":"Poisoned Stab","floor":11},{"not_picked":["Caltrops","Deflect"],"picked":"Bane","floor":12},{"not_picked":["Well Laid Plans","Dagger Throw"],"picked":"Backflip","floor":14},{"not_picked":["Glass Knife","Corpse Explosion"],"picked":"Envenom","floor":16},{"not_picked":["Quick Slash","Deadly Poison","Accuracy+1"],"picked":"SKIP","floor":18},{"not_picked":["Acrobatics","Dagger Spray"],"picked":"Crippling Poison+1","floor":19},{"not_picked":["Accuracy","Deadly Poison","Dagger Spray+1"],"picked":"SKIP","floor":23},{"not_picked":["Dodge and Roll","Blade Dance"],"picked":"Bane","floor":27},{"not_picked":["Leg Sweep","Prepared"],"picked":"Catalyst","floor":28},{"not_picked":["Die Die Die","Underhanded Strike"],"picked":"Choke+1","floor":29},{"not_picked":["Dagger Throw+1","Dash","Bane+1"],"picked":"SKIP","floor":31},{"not_picked":["Storm of Steel","Bullet Time"],"picked":"Wraith Form v2","floor":33},{"not_picked":["Flying Knee+1","Acrobatics+1"],"picked":"Malaise","floor":35},{"not_picked":["Jack Of All Trades","Magnetism"],"picked":"Apotheosis","floor":39},{"not_picked":["Acrobatics+1","Blur+1"],"picked":"Catalyst+1","floor":40},{"not_picked":["Choke+1","Riddle With Holes+1","Noxious Fumes+1"],"picked":"SKIP","floor":44},{"not_picked":["Dagger Throw+1","Finisher","Underhanded Strike"],"picked":"SKIP","floor":45},{"not_picked":["Quick Slash+1","Dodge and Roll","Accuracy+1"],"picked":"SKIP","floor":47},{"not_picked":["Acrobatics","All Out Attack","Prepared"],"picked":"SKIP","floor":48}],"player_experience":197948,"relics_obtained":[{"floor":7,"key":"Oddly Smooth Stone"},{"floor":9,"key":"Orichalcum"},{"floor":12,"key":"Juzu Bracelet"},{"floor":23,"key":"Shuriken"},{"floor":26,"key":"Regal Pillow"},{"floor":28,"key":"Paper Crane"},{"floor":36,"key":"Shovel"},{"floor":40,"key":"Vajra"},{"floor":43,"key":"The Courier"},{"floor":44,"key":"Omamori"},{"floor":46,"key":"Pen Nib"},{"floor":49,"key":"Ice Cream"}],"event_choices":[{"event_name":"The Cleric","player_choice":"Card Removal","floor":4,"damage_taken":0},{"event_name":"Golden Wing","player_choice":"Card Removal","floor":5,"damage_taken":0},{"event_name":"Ghosts","player_choice":"Ignored","floor":20,"damage_taken":0},{"event_name":"Back to Basics","player_choice":"Simplicity","floor":22,"damage_taken":0},{"event_name":"MindBloom","player_choice":"Fight","floor":36,"damage_taken":0},{"event_name":"Tomb of Lord Red Mask","player_choice":"Paid","floor":37,"damage_taken":0},{"event_name":"SensoryStone","player_choice":"Memory 1","floor":39,"damage_taken":0},{"event_name":"Winding Halls","player_choice":"Embrace Madness","floor":42,"damage_taken":0}],"boss_relics":[{"not_picked":["Snecko Eye","Fusion Hammer"],"picked":"Ectoplasm"},{"not_picked":["White Beast Statue","Runic Dome"],"picked":"Tiny House"}],"items_purged_floors":[],"is_endless":false,"potions_floor_spawned":[2,7,11,12,18,28,29,33,36,44,47,48],"ascension_level":1}