{"gold_per_floor":[109,122,132,142,157,157,176,53,78,78,95,95,108,123,123,228,228,239,257,257,67,67],"floor_reached":22,"playtime":1052,"items_purged":[],"score":232,"play_id":"d4a90793-5bac-4137-9c4b-82b379163d27","local_time":"20180807213904","is_ascension_mode":false,"campfire_choices":[{"data":"Armaments","floor":6,"key":"SMITH"},{"data":"Berserk","floor":10,"key":"SMITH"},{"data":"Flex","floor":15,"key":"SMITH"}],"neow_cost":"NONE","seed_source_timestamp":2062976461794622,"circlet_count":0,"master_deck":["Strike_R","Strike_R","Strike_R","Strike_R","Strike_R","Defend_R","Defend_R","Defend_R","Defend_R","Bash","Armaments+1","Pommel Strike","Inflame","Flex+1","Berserk+1","Seeing Red","Shrug It Off","Headbutt","Sword Boomerang","Clash","Double Tap","Shrug It Off","Bloodletting+1","Magnetism"],"relics":["Burning Blood"],"potions_floor_usage":[11,18,18,19],"damage_taken":[{"damage":1,"enemies":"Cultist","floor":1,"turns":4},{"damage":6,"enemies":"Jaw Worm","floor":2,"turns":3},{"damage":6,"enemies":"2 Louse","floor":3,"turns":3},{"damage":11,"enemies":"Red Slaver","floor":4,"turns":4},{"damage":9,"enemies":"3 Louse","floor":5,"turns":4},{"damage":6,"enemies":"Blue Slaver","floor":7,"turns":4},{"damage":8,"enemies":"Lots of Slimes","floor":11,"turns":2},{"damage":38,"enemies":"Exordium Thugs","floor":13,"turns":7},{"damage":7,"enemies":"Blue Slaver","floor":14,"turns":3},{"damage":0,"enemies":"Slime Boss","floor":16,"turns":5},{"damage":22,"enemies":"2 Thieves","floor":18,"turns":5},{"damage":30,"enemies":"Shell Parasite","floor":19,"turns":9},{"damage":52,"enemies":"Snake Plant","floor":22,"turns":4}],"seed_played":"-2004564707185116266","potions_obtained":[{"floor":3,"key":"Explosive Potion"},{"floor":4,"key":"Swift Potion"},{"floor":11,"key":"Energy Potion"},{"floor":13,"key":"Strength Potion"},{"floor":18,"key":"Fruit Juice"}],"is_trial":false,"path_per_floor":["M","M","M","M","M","R","M","$","T","R","M","?","M","M","R","B",null,"M","M","?","$"],"character_chosen":"IRONCLAD","items_purchased":["Seeing Red","Shrug It Off","Magnetism"],"campfire_rested":0,"item_purchase_floors":[8,8,21],"current_hp_per_floor":[80,80,80,75,72,72,72,72,72,72,70,75,43,42,42,48,85,69,50,50,50,0],"gold":67,"neow_bonus":"THREE_CARDS","is_prod":false,"is_daily":false,"chose_seed":false,"campfire_upgraded":3,"win_rate":0,"timestamp":1533699544,"path_taken":["M","M","M","M","M","R","M","$","T","R","M","?","M","?","R","BOSS","M","M","?","$","M"],"build_version":"2018-08-02","purchased_purges":0,"victory":false,"max_hp_per_floor":[80,80,80,80,80,80,80,80,80,80,80,85,85,85,85,85,85,85,90,90,90,90],"card_choices":[{"not_picked":["Clothesline","Intimidate"],"picked":"Armaments","floor":0},{"not_picked":["Clothesline","Fire Breathing"],"picked":"Pommel Strike","floor":1},{"not_picked":["Body Slam","Brutality"],"picked":"Inflame","floor":2},{"not_picked":["Anger","Inflame"],"picked":"Flex","floor":3},{"not_picked":["Metallicize","Rage","Power Through"],"picked":"SKIP","floor":4},{"not_picked":["Warcry","Iron Wave","Combust"],"picked":"SKIP","floor":5},{"not_picked":["Twin Strike","Perfected Strike"],"picked":"Berserk","floor":7},{"not_picked":["Body Slam","True Grit"],"picked":"Headbutt","floor":11},{"not_picked":["Dropkick","Ghostly Armor"],"picked":"Sword Boomerang","floor":13},{"not_picked":["Warcry","Twin Strike"],"picked":"Clash","floor":14},{"not_picked":["Fiend Fire","Impervious"],"picked":"Double Tap","floor":16},{"not_picked":["Havoc","Flex"],"picked":"Shrug It Off","floor":18},{"not_picked":["Cleave","Anger"],"picked":"Bloodletting+1","floor":19}],"player_experience":363846,"relics_obtained":[],"event_choices":[{"event_name":"Big Fish","player_choice":"Donut","floor":12,"damage_taken":0},{"event_name":"Drug Dealer","player_choice":"Ignored","floor":20,"damage_taken":0}],"is_beta":false,"boss_relics":[{"not_picked":["Runic Dome","Runic Pyramid","Eternal Feather"]}],"items_purged_floors":[],"is_endless":false,"potions_floor_spawned":[3,4,11,13,14,18],"killed_by":"Snake Plant","ascension_level":0}