{"gold_per_floor":[117,117,292,147,160,160,188,188,215,240,240,240,256,269,269,364,364,382,382,382,382,236,236,336,336,336,336,336,261,292,311,311,311],"floor_reached":33,"playtime":1170,"items_purged":["Doubt"],"score":374,"play_id":"2a66f910-720e-43ad-8858-f7f794b6ad19","local_time":"20190319140228","is_ascension_mode":true,"campfire_choices":[{"data":"Sunder","floor":6.0,"key":"SMITH"},{"data":"Electrodynamics","floor":8.0,"key":"SMITH"},{"data":"1","floor":15.0,"key":"LIFT"},{"data":"2","floor":23.0,"key":"LIFT"},{"data":"3","floor":25.0,"key":"LIFT"},{"data":"White Noise","floor":27.0,"key":"SMITH"},{"floor":32.0,"key":"REST"}],"neow_cost":"NONE","seed_source_timestamp":12034906652728,"circlet_count":0,"master_deck":["Strike_B","Strike_B","Defend_B+1","Defend_B","Zap","Dualcast","Ball Lightning","Sunder+1","Electrodynamics+1","Self Repair","Conserve Battery+1","Cold Snap","Storm","Melter+1","Conserve Battery+1","Rainbow+1","Ball Lightning","White Noise+1","Reinforced Body+1","Glacier+1","Coolheaded+1"],"special_seed":0,"relics":["Cracked Core","Happy Flower","Girya","Oddly Smooth Stone","PreservedInsect","Dream Catcher","Astrolabe","Shuriken","Juzu Bracelet","Dead Branch","Question Card","Toxic Egg 2","War Paint","Darkstone Periapt"],"potions_floor_usage":[33],"damage_taken":[{"damage":0.0,"enemies":"Small Slimes","floor":1.0,"turns":3.0},{"damage":2.0,"enemies":"Jaw Worm","floor":5.0,"turns":3.0},{"damage":20.0,"enemies":"3 Sentries","floor":7.0,"turns":4.0},{"damage":22.0,"enemies":"Lagavulin","floor":10.0,"turns":6.0},{"damage":0.0,"enemies":"Cultist","floor":13.0,"turns":2.0},{"damage":0.0,"enemies":"2 Fungi Beasts","floor":14.0,"turns":2.0},{"damage":27.0,"enemies":"The Guardian","floor":16.0,"turns":10.0},{"damage":1.0,"enemies":"Chosen","floor":18.0,"turns":3.0},{"damage":14.0,"enemies":"Colosseum Slavers","floor":24.0,"turns":2.0},{"damage":6.0,"enemies":"Colosseum Nobs","floor":24.0,"turns":3.0},{"damage":17.0,"enemies":"Gremlin Leader","floor":30.0,"turns":3.0},{"damage":6.0,"enemies":"2 Thieves","floor":31.0,"turns":3.0},{"damage":60,"enemies":"Champ","floor":33,"turns":10}],"seed_played":"-8291596333980726090","potions_obtained":[{"floor":1.0,"key":"SkillPotion"},{"floor":12.0,"key":"Ancient Potion"},{"floor":12.0,"key":"Dexterity Potion"},{"floor":12.0,"key":"FearPotion"},{"floor":13.0,"key":"Strength Potion"},{"floor":31.0,"key":"Fire Potion"}],"is_trial":false,"path_per_floor":["M","?","?","$","M","R","E","R","T","E","T","?","M","M","R","B",null,"M","?","T","?","$","R","?","R","T","R","?","?","E","M","R","B"],"character_chosen":"DEFECT","items_purchased":["Electrodynamics","Juzu Bracelet"],"campfire_rested":1,"item_purchase_floors":[4,22],"current_hp_per_floor":[68,68,68,68,66,66,53,53,53,38,38,38,38,45,45,25,63,69,69,69,55,55,55,42,42,42,42,42,42,32,33,57,0],"gold":311,"neow_bonus":"RANDOM_COMMON_RELIC","is_prod":false,"is_daily":false,"chose_seed":false,"campfire_upgraded":3,"win_rate":0,"timestamp":1553022148,"path_taken":["M","?","?","$","M","R","E","R","T","E","?","?","M","?","R","BOSS","M","?","?","?","$","R","?","R","T","R","?","?","E","M","R","BOSS"],"build_version":"2019-01-23","purchased_purges":1,"victory":false,"max_hp_per_floor":[75,75,75,75,75,75,75,75,75,75,75,75,75,75,75,75,75,75,75,75,80,80,80,80,80,80,80,80,80,80,80,80,80],"card_choices":[{"not_picked":["Hello World","Blizzard"],"picked":"Ball Lightning","floor":1.0},{"not_picked":["Redo","Leap"],"picked":"Self Repair","floor":5.0},{"not_picked":["Double Energy","Sunder","Rebound"],"picked":"SKIP","floor":7.0},{"not_picked":["Compile Driver","Streamline"],"picked":"Conserve Battery","floor":10.0},{"not_picked":["Coolheaded","Multi-Cast"],"picked":"Cold Snap","floor":13.0},{"not_picked":["Hologram","Streamline"],"picked":"Storm","floor":14.0},{"not_picked":["Reboot","Hyperbeam"],"picked":"Amplify","floor":16.0},{"not_picked":["Rip and Tear","Reprogram+1"],"picked":"Ball Lightning","floor":18.0},{"not_picked":["Leap","Rebound+1"],"picked":"White Noise","floor":24.0},{"not_picked":["Redo+1","Machine Learning","Beam Cell"],"picked":"Reinforced Body+1","floor":30.0},{"not_picked":["Steam+1","Hello World+1","Streamline"],"picked":"Glacier+1","floor":31.0},{"not_picked":["Compile Driver","Undo+1","Multi-Cast+1"],"picked":"Coolheaded+1","floor":32.0}],"player_experience":565254,"relics_obtained":[{"floor":7.0,"key":"Girya"},{"floor":9.0,"key":"Oddly Smooth Stone"},{"floor":10.0,"key":"PreservedInsect"},{"floor":11.0,"key":"Dream Catcher"},{"floor":20.0,"key":"Shuriken"},{"floor":24.0,"key":"Dead Branch"},{"floor":24.0,"key":"Question Card"},{"floor":26.0,"key":"Toxic Egg 2"},{"floor":30.0,"key":"Darkstone Periapt"}],"event_choices":[{"damage_healed":0.0,"max_hp_gain":0.0,"max_hp_loss":0.0,"gold_gain":0.0,"cards_transformed":["Strike_B"],"event_name":"Living Wall","player_choice":"Change","floor":2.0,"gold_loss":0.0,"damage_taken":0.0,"cards_obtained":["Sunder"]},{"damage_healed":0.0,"max_hp_gain":0.0,"max_hp_loss":0.0,"gold_gain":175.0,"event_name":"Liars Game","player_choice":"AGREE","floor":3.0,"gold_loss":0.0,"damage_taken":0.0,"cards_obtained":["Doubt"]},{"damage_healed":0.0,"max_hp_gain":0.0,"max_hp_loss":0.0,"gold_gain":0.0,"event_name":"Lab","player_choice":"Got Potions","floor":12.0,"gold_loss":0.0,"damage_taken":0.0},{"damage_healed":0.0,"max_hp_gain":0.0,"max_hp_loss":0.0,"gold_gain":0.0,"event_name":"Vampires","player_choice":"Ignored","floor":19.0,"gold_loss":0.0,"damage_taken":0.0},{"damage_healed":0.0,"max_hp_gain":5.0,"max_hp_loss":0.0,"gold_gain":0.0,"event_name":"Forgotten Altar","player_choice":"Shed Blood","floor":21.0,"gold_loss":0.0,"damage_taken":19.0},{"damage_healed":0.0,"max_hp_gain":0.0,"max_hp_loss":0.0,"gold_gain":0.0,"event_name":"Colosseum","player_choice":"Fight","floor":24.0,"gold_loss":0.0,"damage_taken":0.0},{"damage_healed":0.0,"max_hp_gain":0.0,"max_hp_loss":0.0,"gold_gain":0.0,"event_name":"Colosseum","player_choice":"Fought Nobs","floor":24.0,"gold_loss":0.0,"damage_taken":0.0},{"damage_healed":0.0,"max_hp_gain":0.0,"max_hp_loss":0.0,"gold_gain":0.0,"event_name":"The Mausoleum","player_choice":"Opened","floor":28.0,"gold_loss":0.0,"damage_taken":0.0,"relics_obtained":["War Paint"]},{"cards_removed":["Defend_B"],"damage_healed":0.0,"max_hp_gain":0.0,"max_hp_loss":0.0,"gold_gain":0.0,"event_name":"Beggar","player_choice":"Gave Gold","floor":29.0,"gold_loss":75.0,"damage_taken":0.0}],"is_beta":false,"boss_relics":[{"not_picked":["Tiny House","Lizard Tail"],"picked":"Astrolabe"}],"items_purged_floors":[4],"is_endless":false,"potions_floor_spawned":[1,13,16,18,31],"killed_by":"Champ","ascension_level":8}