{"gold_per_floor":[115,129,129,148,159,159,193,193,193,193],"floor_reached":10,"playtime":503,"items_purged":[],"score":88,"play_id":"d4d8d5c1-27d8-49f3-bba4-25c4970d085e","local_time":"20181106134515","is_ascension_mode":true,"campfire_choices":[{"data":"Leg Sweep","floor":6.0,"key":"SMITH"},{"data":"Catalyst","floor":8,"key":"SMITH"}],"neow_cost":"NONE","seed_source_timestamp":2907400886721619,"circlet_count":0,"master_deck":["Defend_G","Defend_G","Defend_G","Defend_G","Strike_G","Strike_G","Strike_G","Strike_G","Survivor","Neutralize","Leg Sweep+1","Dodge and Roll","Regret","Deadly Poison","All Out Attack","Catalyst+1"],"special_seed":0,"relics":["Empty Cage","Dream Catcher","Question Card","Centennial Puzzle"],"potions_floor_usage":[10],"damage_taken":[{"damage":0.0,"enemies":"Cultist","floor":1.0,"turns":3.0},{"damage":0.0,"enemies":"2 Louse","floor":2.0,"turns":4.0},{"damage":1.0,"enemies":"Small Slimes","floor":4.0,"turns":5.0},{"damage":9.0,"enemies":"2 Fungi Beasts","floor":5.0,"turns":5.0},{"damage":21.0,"enemies":"3 Sentries","floor":7.0,"turns":10.0},{"damage":56,"enemies":"Gremlin Nob","floor":10,"turns":5}],"seed_played":"-3646422596543165860","potions_obtained":[{"floor":1.0,"key":"Regen Potion"},{"floor":5.0,"key":"Block Potion"}],"is_trial":false,"path_per_floor":["M","M","?","M","M","R","E","E","R","T","E"],"character_chosen":"THE_SILENT","items_purchased":[],"campfire_rested":0,"item_purchase_floors":[],"current_hp_per_floor":[63,63,63,62,53,53,32,32,32,0],"gold":193,"neow_bonus":"BOSS_RELIC","is_prod":false,"is_daily":false,"chose_seed":false,"campfire_upgraded":2,"win_rate":0,"timestamp":1541537115,"path_taken":["M","M","?","M","M","R","E","R","T","E"],"build_version":"2018-11-01","purchased_purges":0,"victory":false,"max_hp_per_floor":[70,70,70,70,70,70,70,70,70,70],"card_choices":[{"not_picked":["Flechettes","Underhanded Strike"],"picked":"Leg Sweep","floor":1.0},{"not_picked":["Leg Sweep","Underhanded Strike"],"picked":"Dodge and Roll","floor":2.0},{"not_picked":["Leg Sweep","Acrobatics"],"picked":"Deadly Poison","floor":4.0},{"not_picked":["Skewer","Endless Agony"],"picked":"All Out Attack","floor":5.0},{"not_picked":["PiercingWail","Finisher"],"picked":"Catalyst","floor":7}],"player_experience":546280,"relics_obtained":[{"floor":7,"key":"Question Card"},{"floor":9,"key":"Centennial Puzzle"}],"event_choices":[{"damage_healed":0.0,"max_hp_gain":0.0,"max_hp_loss":0.0,"gold_gain":0.0,"event_name":"Big Fish","player_choice":"Box","floor":3.0,"gold_loss":0.0,"damage_taken":0.0,"relics_obtained":["Dream Catcher"],"cards_obtained":["Regret"]}],"is_beta":false,"boss_relics":[],"items_purged_floors":[],"is_endless":false,"potions_floor_spawned":[1,5],"killed_by":"Gremlin Nob","ascension_level":6}