{"gold_per_floor":[117,130,148,165,165,198,198,213,240,48,76,76,1,15,15,117,117,133,48,48,67,85,85,102,117,117,117,136,153,180,197,197,197],"floor_reached":33,"playtime":881,"items_purged":["Strike_R"],"score":283,"play_id":"cfe7c7f8-856f-4cea-9902-c7f2a2175c9e","local_time":"20180910123753","is_ascension_mode":false,"campfire_choices":[{"data":"Uppercut","floor":7.0,"key":"SMITH"},{"data":"Whirlwind","floor":12,"key":"SMITH"},{"data":"Spot Weakness","floor":15,"key":"SMITH"},{"data":"Demon Form","floor":23,"key":"SMITH"},{"data":"Rupture","floor":27,"key":"SMITH"},{"floor":32,"key":"REST"}],"neow_cost":"NONE","seed_source_timestamp":1906622462427496,"circlet_count":0,"master_deck":["Strike_R","Strike_R","Strike_R","Strike_R","Defend_R+1","Defend_R","Defend_R+1","Defend_R","Bash","Uppercut+1","Whirlwind+1","Twin Strike","Seeing Red","Spot Weakness+1","Twin Strike","Demon Form+1","Thunderclap","Fire Breathing+1","Rupture+1","Thunderclap+1","Dropkick","Shrug It Off+1","Whirlwind"],"special_seed":0,"relics":["Burning Blood","Dream Catcher","Blood Vial","War Paint","Happy Flower","Brimstone","Centennial Puzzle","Velvet Choker","Bag of Marbles","Gremlin Horn","Gambling Chip"],"potions_floor_usage":[33,33],"damage_taken":[{"damage":1.0,"enemies":"Cultist","floor":1.0,"turns":3.0},{"damage":3.0,"enemies":"Jaw Worm","floor":2.0,"turns":3.0},{"damage":0.0,"enemies":"Small Slimes","floor":3.0,"turns":3.0},{"damage":13.0,"enemies":"Blue Slaver","floor":4.0,"turns":4.0},{"damage":22.0,"enemies":"3 Sentries","floor":6.0,"turns":5.0},{"damage":7.0,"enemies":"Exordium Thugs","floor":8.0,"turns":4.0},{"damage":7,"enemies":"Gremlin Nob","floor":11,"turns":3},{"damage":5,"enemies":"Lots of Slimes","floor":14,"turns":2},{"damage":36,"enemies":"The Guardian","floor":16,"turns":8},{"damage":10,"enemies":"Shell Parasite","floor":18,"turns":2},{"damage":4,"enemies":"Chosen","floor":21,"turns":3},{"damage":24,"enemies":"Snake Plant","floor":22,"turns":3},{"damage":34,"enemies":"Shelled Parasite and Fungi","floor":24,"turns":3},{"damage":0,"enemies":"3 Cultists","floor":25,"turns":1},{"damage":8,"enemies":"Centurion and Healer","floor":28,"turns":2},{"damage":12,"enemies":"Sentry and Sphere","floor":29,"turns":3},{"damage":26,"enemies":"Slavers","floor":30,"turns":2},{"damage":22,"enemies":"Snecko","floor":31,"turns":4},{"damage":40,"enemies":"Champ","floor":33,"turns":5}],"seed_played":"5885274804918481518","potions_obtained":[{"floor":1.0,"key":"Strength Potion"},{"floor":2.0,"key":"Strength Potion"},{"floor":3.0,"key":"GamblersBrew"},{"floor":14,"key":"FearPotion"},{"floor":18,"key":"Ancient Potion"}],"is_trial":false,"path_per_floor":["M","M","M","M","?","E","R","M","T","$","E","R","$","M","R","B",null,"M","?","$","M","M","R","M","M","T","R","M","M","E","M","R"],"character_chosen":"IRONCLAD","items_purchased":["Brimstone"],"campfire_rested":1,"item_purchase_floors":[10],"current_hp_per_floor":[80,80,80,73,55,41,41,42,42,42,43,43,43,46,46,18,80,76,76,76,80,62,62,36,44,44,44,44,40,22,8,32,0],"gold":197,"neow_bonus":"RANDOM_COMMON_RELIC","is_prod":false,"is_daily":false,"chose_seed":false,"campfire_upgraded":5,"win_rate":0,"timestamp":1536604673,"path_taken":["M","M","?","M","?","E","R","?","T","?","E","R","$","?","R","BOSS","M","?","$","M","M","R","M","M","T","R","M","M","E","M","R","BOSS"],"build_version":"2018-09-06","purchased_purges":1,"victory":false,"max_hp_per_floor":[80,80,80,80,80,80,80,80,80,80,80,80,80,80,80,80,80,80,80,80,80,80,80,80,80,80,80,80,80,80,80,80,80],"card_choices":[{"not_picked":["Seeing Red","Bloodletting"],"picked":"Uppercut","floor":1.0},{"not_picked":["Armaments","Flex"],"picked":"Whirlwind","floor":2.0},{"not_picked":["Pommel Strike","Sever Soul"],"picked":"Twin Strike","floor":3.0},{"not_picked":["Shrug It Off","Metallicize"],"picked":"Seeing Red","floor":4.0},{"not_picked":["Blood for Blood","Heavy Blade","Uppercut"],"picked":"SKIP","floor":6.0},{"not_picked":["Pommel Strike","Anger","Carnage"],"picked":"SKIP","floor":8},{"not_picked":["Havoc","Shrug It Off"],"picked":"Spot Weakness","floor":11},{"not_picked":["Wild Strike","Pommel Strike"],"picked":"Twin Strike","floor":14},{"not_picked":["Bludgeon","Reaper"],"picked":"Demon Form","floor":16},{"not_picked":["Cleave","Havoc+1"],"picked":"Thunderclap","floor":18},{"not_picked":["Corruption","True Grit","Warcry"],"picked":"SKIP","floor":21},{"not_picked":["Cleave","Sword Boomerang"],"picked":"Fire Breathing+1","floor":22},{"not_picked":["Rage","Wild Strike+1"],"picked":"Rupture","floor":24},{"not_picked":["Intimidate","Twin Strike"],"picked":"Thunderclap+1","floor":25},{"not_picked":["Warcry","Sword Boomerang"],"picked":"Dropkick","floor":28},{"not_picked":["Iron Wave","Intimidate"],"picked":"Shrug It Off+1","floor":29},{"not_picked":["Exhume","Barricade","Clothesline"],"picked":"SKIP","floor":30},{"not_picked":["True Grit","Intimidate","Headbutt"],"picked":"SKIP","floor":31},{"not_picked":["Pummel","Power Through"],"picked":"Whirlwind","floor":32}],"player_experience":469454,"relics_obtained":[{"floor":6.0,"key":"War Paint"},{"floor":9,"key":"Happy Flower"},{"floor":11,"key":"Centennial Puzzle"},{"floor":26,"key":"Gremlin Horn"},{"floor":30,"key":"Gambling Chip"}],"event_choices":[{"event_name":"Scrap Ooze","player_choice":"success","floor":5.0,"damage_taken":18.0},{"event_name":"Addict","player_choice":"Obtained Relic","floor":19,"damage_taken":0}],"is_beta":false,"boss_relics":[{"not_picked":["Mark of Pain","Empty Cage"],"picked":"Velvet Choker"}],"items_purged_floors":[13],"is_endless":false,"potions_floor_spawned":[1,2,3,14,16,18,24,25,28],"killed_by":"Champ","ascension_level":0}