{"gold_per_floor":[111,35,210,221,231,231,263,263,313,343,343,359,386,404,404,505,505,505],"floor_reached":18,"playtime":609,"items_purged":[],"score":230,"play_id":"e1a68011-6381-48a4-b14c-7720c8e0a2f8","local_time":"20190318141142","is_ascension_mode":true,"campfire_choices":[{"data":"Bash","floor":6,"key":"SMITH"},{"floor":8,"key":"REST"},{"data":"Shrug It Off","floor":11,"key":"SMITH"},{"floor":15,"key":"REST"}],"neow_cost":"NONE","seed_source_timestamp":308683530495972,"circlet_count":0,"master_deck":["Strike_R","Strike_R","Strike_R+1","Strike_R+1","Strike_R","Defend_R","Defend_R","Defend_R","Defend_R","Bash+1","Flex","Clash","Shrug It Off+1","Doubt","Dropkick","Whirlwind","Pommel Strike","Clash","Inflame","Whirlwind","Battle Trance","Immolate"],"relics":["Burning Blood","NeowsBlessing","Whetstone","Dream Catcher","Bird Faced Urn","Snecko Eye"],"potions_floor_usage":[],"damage_taken":[{"damage":0,"enemies":"Jaw Worm","floor":1,"turns":1},{"damage":0,"enemies":"2 Louse","floor":4,"turns":1},{"damage":0,"enemies":"Small Slimes","floor":5,"turns":1},{"damage":40,"enemies":"Gremlin Nob","floor":7,"turns":5},{"damage":2,"enemies":"Blue Slaver","floor":12,"turns":3},{"damage":25,"enemies":"3 Sentries","floor":13,"turns":7},{"damage":14,"enemies":"Exordium Thugs","floor":14,"turns":5},{"damage":37,"enemies":"The Guardian","floor":16,"turns":12},{"damage":78,"enemies":"Shell Parasite","floor":18,"turns":6}],"seed_played":"6602187356057796511","potions_obtained":[{"floor":7,"key":"Poison Potion"},{"floor":13,"key":"Strength Potion"},{"floor":14,"key":"FearPotion"}],"is_trial":false,"path_per_floor":["?","?"],"character_chosen":"IRONCLAD","items_purchased":["Clash","Shrug It Off"],"campfire_rested":2,"item_purchase_floors":[2,2],"current_hp_per_floor":[78,78,78,80,80,80,46,70,70,70,70,74,55,49,73,44,71,0],"gold":505,"neow_bonus":"THREE_ENEMY_KILL","is_prod":false,"is_daily":false,"chose_seed":false,"campfire_upgraded":2,"win_rate":0,"timestamp":1552914702,"path_taken":["M","$","?","M","M","R","E","R","T","?","R","M","E","M","R","BOSS","M"],"build_version":"2019-01-23","purchased_purges":0,"victory":false,"max_hp_per_floor":[80,80,80,80,80,80,80,80,80,80,80,80,80,80,80,80,80,80],"card_choices":[{"not_picked":["Warcry","Sword Boomerang"],"picked":"Flex","floor":1},{"not_picked":["Perfected Strike","Sentinel"],"picked":"Dropkick","floor":4},{"not_picked":["Warcry","Clothesline"],"picked":"Whirlwind","floor":5},{"not_picked":["Seeing Red","Rupture"],"picked":"Pommel Strike","floor":7},{"not_picked":["Havoc","Warcry"],"picked":"Clash","floor":12},{"not_picked":["Offering","Whirlwind"],"picked":"Inflame","floor":13},{"not_picked":["Iron Wave","Searing Blow"],"picked":"Whirlwind","floor":14},{"not_picked":["Cleave","Uppercut"],"picked":"Battle Trance","floor":15},{"not_picked":["Feed","Exhume"],"picked":"Immolate","floor":16}],"player_experience":385501,"relics_obtained":[{"floor":7,"key":"Whetstone"},{"floor":9,"key":"Dream Catcher"},{"floor":13,"key":"Bird Faced Urn"}],"event_choices":[{"damage_healed":0,"gold_gain":175,"player_choice":"AGREE","damage_taken":0,"max_hp_gain":0,"max_hp_loss":0,"event_name":"Liars Game","floor":3,"gold_loss":0,"cards_obtained":["Doubt"]},{"damage_healed":0,"gold_gain":30,"player_choice":"Searched \u00271\u0027 times","damage_taken":0,"max_hp_gain":0,"max_hp_loss":0,"event_name":"Dead Adventurer","floor":10,"gold_loss":0}],"is_beta":false,"boss_relics":[{"not_picked":["Empty Cage","Mark of Pain"],"picked":"Snecko Eye"}],"items_purged_floors":[],"is_endless":false,"potions_floor_spawned":[7,13,14,16],"killed_by":"Shell Parasite","ascension_level":7}