{"gold_per_floor":[113,129,141,157,174,174,192,192,260,260,279,314,15,78,78,175,175,193,206,36,36,36,67,67,67,91,91,126,126,161,181,181,280,280,298,313,313,333,333,366,378,2,2,34,48,81,101,121,121,121],"floor_reached":51,"playtime":2562,"items_purged":["Strike_B","Defend_B"],"score":1120,"play_id":"4a97c4ad-dfba-4e7e-894a-fb3880504247","local_time":"20180821012055","is_ascension_mode":true,"campfire_choices":[{"data":"Zap","floor":6,"key":"SMITH"},{"floor":8,"key":"REST"},{"data":"Dualcast","floor":10,"key":"SMITH"},{"data":"Defragment","floor":15,"key":"SMITH"},{"floor":25,"key":"REST"},{"data":"Go for the Eyes","floor":27,"key":"SMITH"},{"floor":32,"key":"REST"},{"floor":49,"key":"REST"}],"neow_cost":"NONE","seed_source_timestamp":136543925740901,"circlet_count":0,"master_deck":["Strike_B","Strike_B","Strike_B","Defend_B","Defend_B","Defend_B+1","Zap+1","Dualcast+1","White Noise","Conserve Battery","Sweeping Beam","Chaos+1","Ball Lightning","Conserve Battery","Self Repair","Go for the Eyes+1","Apotheosis+1","Coolheaded+1","Defragment+1","Buffer","Conserve Battery+1","Beam Cell","Capacitor","Zap+1","Meteor Strike+1","Cold Snap+1","Double Energy+1","Hologram+1","Buffer","Redo+1","Rainbow+1","Echo Form","Flash of Steel+1","Secret Weapon+1","Deep Breath+1","Cold Snap+1","Ball Lightning+1","Tempest+1","Seek+1","Purity+1","Darkness+1","Beam Cell+1","Double Energy+1","Scrape+1"],"relics":["Runic Pyramid","Toxic Egg 2","Boot","Torii","Sozu","Lantern","Molten Egg 2","Pen Nib","Cables","The Courier","Nuclear Battery","Bottled Tornado","Toolbox","Ginger","Pantograph","War Paint"],"potions_floor_usage":[4,4,7,11,23],"damage_taken":[{"damage":4,"enemies":"Jaw Worm","floor":1,"turns":6},{"damage":4,"enemies":"Small Slimes","floor":2,"turns":4},{"damage":10,"enemies":"2 Louse","floor":3,"turns":4},{"damage":39,"enemies":"Gremlin Gang","floor":4,"turns":6},{"damage":14,"enemies":"Blue Slaver","floor":5,"turns":4},{"damage":16,"enemies":"Lots of Slimes","floor":7,"turns":4},{"damage":3,"enemies":"Gremlin Gang","floor":11,"turns":4},{"damage":4,"enemies":"Gremlin Nob","floor":12,"turns":4},{"damage":9,"enemies":"Lagavulin Event","floor":14,"turns":5},{"damage":2,"enemies":"Hexaghost","floor":16,"turns":7},{"damage":13,"enemies":"3 Byrds","floor":18,"turns":5},{"damage":1,"enemies":"Chosen","floor":19,"turns":6},{"damage":57,"enemies":"Slavers","floor":23,"turns":7},{"damage":19,"enemies":"Gremlin Leader","floor":28,"turns":7},{"damage":10,"enemies":"Book of Stabbing","floor":30,"turns":5},{"damage":24,"enemies":"Centurion and Healer","floor":31,"turns":5},{"damage":16,"enemies":"Automaton","floor":33,"turns":9},{"damage":6,"enemies":"3 Shapes","floor":35,"turns":5},{"damage":14,"enemies":"Flame Bruiser 1 Orb","floor":36,"turns":7},{"damage":0,"enemies":"Transient","floor":38,"turns":5},{"damage":7,"enemies":"Giant Head","floor":40,"turns":8},{"damage":1,"enemies":"3 Darklings","floor":41,"turns":5},{"damage":30,"enemies":"2 Orb Walkers","floor":44,"turns":3},{"damage":0,"enemies":"Sphere and 2 Shapes","floor":45,"turns":4},{"damage":0,"enemies":"Nemesis","floor":46,"turns":3},{"damage":0,"enemies":"Flame Bruiser 2 Orb","floor":47,"turns":3},{"damage":0,"enemies":"4 Shapes","floor":48,"turns":3},{"damage":24,"enemies":"Donu and Deca","floor":50,"turns":6}],"seed_played":"-8742206295184815881","potions_obtained":[{"floor":1,"key":"AttackPotion"},{"floor":2,"key":"Strength Potion"},{"floor":3,"key":"Regen Potion"},{"floor":7,"key":"Fire Potion"},{"floor":16,"key":"Poison Potion"}],"is_trial":false,"path_per_floor":["M","M","M","M","M","R","M","R","T","R","M","E","$","?","R","B",null,"M","M","$","?","?","E","?","R","T","R","E","?","E","M","R","B",null,"M","M","?","M","?","E","M","$","T","E","M","E","M","M","R","B"],"character_chosen":"DEFECT","items_purchased":["Apotheosis+1","Coolheaded+1","Capacitor","Tempest+1","Seek+1","Toolbox","Purity+1"],"campfire_rested":4,"item_purchase_floors":[13,13,20,42,42,42,42],"current_hp_per_floor":[64,60,50,32,18,18,2,24,24,24,21,24,24,22,22,30,64,58,67,67,67,67,24,24,46,46,46,37,37,34,20,42,33,65,66,59,59,69,59,69,75,75,75,52,52,59,59,59,75,51],"gold":121,"neow_bonus":"BOSS_RELIC","is_prod":false,"is_daily":false,"chose_seed":false,"campfire_upgraded":4,"win_rate":0,"timestamp":1534836055,"path_taken":["M","M","M","M","M","R","M","R","T","R","M","E","$","?","R","BOSS","M","?","$","?","?","E","?","R","T","R","E","?","E","M","R","BOSS","M","M","?","M","?","E","M","$","T","E","M","E","?","M","R","BOSS"],"build_version":"2018-08-16","purchased_purges":2,"victory":true,"max_hp_per_floor":[75,75,75,75,75,75,75,75,75,75,75,75,75,75,75,75,75,75,75,75,75,75,75,75,75,75,75,75,75,75,75,75,75,75,75,75,75,75,75,75,75,75,75,75,75,75,75,75,75,75],"card_choices":[{"not_picked":["Aggregate","BootSequence"],"picked":"White Noise","floor":1},{"not_picked":["Turbo","White Noise"],"picked":"Conserve Battery","floor":2},{"not_picked":["Redo","Steam"],"picked":"Sweeping Beam","floor":3},{"not_picked":["Cold Snap","Turbo"],"picked":"Chaos","floor":4},{"not_picked":["Conserve Battery","Streamline"],"picked":"Ball Lightning","floor":5},{"not_picked":["Barrage","Rebound"],"picked":"Conserve Battery","floor":7},{"not_picked":["Coolheaded+1","Capacitor"],"picked":"Self Repair","floor":11},{"not_picked":["Tempest+1","Sweeping Beam"],"picked":"Go for the Eyes","floor":12},{"not_picked":["Barrage","Lockon"],"picked":"Defragment","floor":14},{"not_picked":["All For One","Thunder Strike"],"picked":"Buffer","floor":16},{"not_picked":["Leap+1","Force Field+1"],"picked":"Conserve Battery+1","floor":18},{"not_picked":["Ball Lightning","Rebound"],"picked":"Beam Cell","floor":19},{"not_picked":["Redo+1","Hologram+1"],"picked":"Meteor Strike","floor":23},{"not_picked":["Chaos+1","Conserve Battery+1"],"picked":"Cold Snap+1","floor":28},{"not_picked":["Electrodynamics","Conserve Battery+1"],"picked":"Double Energy+1","floor":30},{"not_picked":["Conserve Battery+1","Cold Snap+1"],"picked":"Hologram+1","floor":31},{"not_picked":["Hyperbeam+1","Thunder Strike+1"],"picked":"Buffer","floor":33},{"not_picked":["Stack+1","Turbo+1"],"picked":"Redo+1","floor":35},{"not_picked":["Coolheaded+1","Leap+1"],"picked":"Rainbow+1","floor":36},{"not_picked":["Compile Driver+1","Ball Lightning+1"],"picked":"Echo Form","floor":38},{"not_picked":["HandOfGreed+1","Blind+1"],"picked":"Flash of Steel+1","floor":39},{"not_picked":["Finesse+1","Blind+1"],"picked":"Secret Weapon+1","floor":39},{"not_picked":["Swift Strike+1","Impatience+1"],"picked":"Deep Breath+1","floor":39},{"not_picked":["Reprogram+1","Recycle+1"],"picked":"Cold Snap+1","floor":40},{"not_picked":["Static Discharge+1","Cold Snap+1"],"picked":"Ball Lightning+1","floor":41},{"not_picked":["Static Discharge","Scrape+1"],"picked":"Darkness+1","floor":44},{"not_picked":["Leap+1","Static Discharge"],"picked":"Beam Cell+1","floor":45},{"not_picked":["Beam Cell+1","Compile Driver+1"],"picked":"Double Energy+1","floor":46},{"not_picked":["Cold Snap+1","Compile Driver+1"],"picked":"Scrape+1","floor":47},{"not_picked":["Steam Power+1","Undo+1","Chill+1"],"picked":"SKIP","floor":48}],"player_experience":409456,"relics_obtained":[{"floor":9,"key":"Toxic Egg 2"},{"floor":12,"key":"Boot"},{"floor":14,"key":"Torii"},{"floor":23,"key":"Molten Egg 2"},{"floor":26,"key":"Pen Nib"},{"floor":28,"key":"Cables"},{"floor":30,"key":"The Courier"},{"floor":40,"key":"Bottled Tornado"},{"floor":43,"key":"Ginger"},{"floor":44,"key":"Pantograph"},{"floor":46,"key":"War Paint"}],"event_choices":[{"event_name":"Dead Adventurer","player_choice":"Searched \u00271\u0027 times","floor":14,"damage_taken":0},{"event_name":"Duplicator","player_choice":"One dupe","floor":21,"damage_taken":0},{"event_name":"The Mausoleum","player_choice":"Yes","floor":22,"damage_taken":0},{"event_name":"Purifier","player_choice":"One Purge","floor":24,"damage_taken":0},{"event_name":"Vampires","player_choice":"Ignored","floor":29,"damage_taken":0},{"event_name":"Tomb of Lord Red Mask","player_choice":"Ignored","floor":37,"damage_taken":0},{"event_name":"SensoryStone","player_choice":"Memory 3","floor":39,"damage_taken":0}],"is_beta":false,"boss_relics":[{"not_picked":["Orrery","Busted Crown"],"picked":"Sozu"},{"not_picked":["Snecko Eye","Inserter"],"picked":"Nuclear Battery"}],"items_purged_floors":[13,20],"is_endless":false,"potions_floor_spawned":[1,2,3,7,16,18,23,30,33,40,41,44,48],"ascension_level":7}