{"gold_per_floor":[115,134,152,152,152,152,186,211,237,263,283,14,29,3,3,99,99,119,139,139,159,172,172,188,204,258,270,270,298,298],"floor_reached":30,"playtime":1146,"items_purged":[],"score":264,"play_id":"681959be-0feb-4e74-9603-ff525f7b87cd","local_time":"20180807170056","is_ascension_mode":false,"campfire_choices":[{"floor":6.0,"key":"REST"},{"floor":15.0,"key":"REST"},{"floor":23.0,"key":"REST"}],"neow_cost":"NONE","seed_source_timestamp":0,"circlet_count":0,"master_deck":["Defend_G","Defend_G","Defend_G","Defend_G","Defend_G","Strike_G","Strike_G","Strike_G","Strike_G","Strike_G","Survivor","Neutralize","Heel Hook","Finisher","Slice","Poisoned Stab","Neutralize","Malaise","Acrobatics","After Image","Backflip","Panache","Blade Dance","Sucker Punch","Blade Dance","Deflect","Adrenaline","Prepared","Blade Dance","Choke+1","Accuracy","Flying Knee","Slice","Dagger Spray+1"],"special_seed":0,"relics":["Fusion Hammer","Art of War","Happy Flower"],"potions_floor_usage":[],"damage_taken":[{"damage":0.0,"enemies":"2 Louse","floor":1.0,"turns":3.0},{"damage":0.0,"enemies":"Cultist","floor":2.0,"turns":4.0},{"damage":6.0,"enemies":"Jaw Worm","floor":3.0,"turns":3.0},{"damage":16.0,"enemies":"Lagavulin","floor":7.0,"turns":5.0},{"damage":12.0,"floor":8.0,"turns":5.0},{"damage":14.0,"enemies":"3 Sentries","floor":10.0,"turns":7.0},{"damage":0.0,"enemies":"Looter","floor":11.0,"turns":2.0},{"damage":6.0,"enemies":"Large Slime","floor":13.0,"turns":6.0},{"damage":30.0,"enemies":"Hexaghost","floor":16.0,"turns":11.0},{"damage":0.0,"enemies":"Chosen","floor":18.0,"turns":5.0},{"damage":3.0,"enemies":"Shell Parasite","floor":19.0,"turns":6.0},{"damage":8.0,"enemies":"Sentry and Sphere","floor":21.0,"turns":5.0},{"damage":2.0,"enemies":"Centurion and Healer","floor":22.0,"turns":6.0},{"damage":10.0,"enemies":"Chosen and Byrds","floor":24.0,"turns":3.0},{"damage":2.0,"enemies":"Snake Plant","floor":25.0,"turns":4.0},{"damage":10.0,"enemies":"Snecko","floor":27.0,"turns":4.0},{"damage":17,"enemies":"Book of Stabbing","floor":29,"turns":6},{"damage":0,"enemies":"Cultist and Chosen","floor":30,"turns":1}],"seed_played":"3271325368029516538","potions_obtained":[{"floor":3.0,"key":"Energy Potion"},{"floor":7.0,"key":"SkillPotion"},{"floor":13.0,"key":"Energy Potion"},{"floor":24.0,"key":"FearPotion"},{"floor":27.0,"key":"SteroidPotion"}],"is_trial":false,"path_per_floor":["M","M","M","?","?","R","E","?","T","E","M","$","M","$","R","B",null,"M","M","?","M","M","R","M","M","T","M","?","E"],"character_chosen":"THE_SILENT","items_purchased":["Panache","Blade Dance","Sucker Punch","Deflect"],"campfire_rested":3,"item_purchase_floors":[12,12,12,14],"current_hp_per_floor":[70,70,64,64,69,75,59,47,47,33,33,33,27,27,49,19,75,75,72,58,50,48,72,62,60,60,50,50,33,33],"gold":298,"neow_bonus":"BOSS_RELIC","is_prod":false,"is_daily":false,"chose_seed":false,"campfire_upgraded":0,"win_rate":0,"timestamp":1533682856,"path_taken":["M","M","M","?","?","R","E","?","T","E","M","$","M","?","R","BOSS","M","M","?","M","M","R","M","M","T","M","?","E","M"],"build_version":"2018-08-02","purchased_purges":0,"victory":false,"max_hp_per_floor":[70,70,70,70,75,75,75,75,75,75,75,75,75,75,75,75,75,75,75,80,80,80,80,80,80,80,80,80,80,80],"card_choices":[{"not_picked":["Quick Slash","Endless Agony"],"picked":"Heel Hook","floor":1.0},{"not_picked":["Deflect","Slice"],"picked":"Finisher","floor":2.0},{"not_picked":["Acrobatics","PiercingWail"],"picked":"Slice","floor":3.0},{"not_picked":["Poisoned Stab","Endless Agony"],"picked":"Malaise","floor":7.0},{"not_picked":["Outmaneuver","Underhanded Strike"],"picked":"Acrobatics","floor":8.0},{"not_picked":["Backflip","Cloak And Dagger"],"picked":"After Image","floor":10.0},{"not_picked":["Bane","Setup"],"picked":"Backflip","floor":11.0},{"not_picked":["Deflect","Underhanded Strike"],"picked":"Blade Dance","floor":13.0},{"not_picked":["After Image","Grand Finale"],"picked":"Adrenaline","floor":16.0},{"not_picked":["Deadly Poison+1","PiercingWail"],"picked":"Prepared","floor":18.0},{"not_picked":["Prepared+1","Underhanded Strike"],"picked":"Blade Dance","floor":19.0},{"not_picked":["Blade Dance","Reflex+1"],"picked":"Choke+1","floor":21.0},{"not_picked":["Bouncing Flask","Backstab+1"],"picked":"Accuracy","floor":22.0},{"not_picked":["Underhanded Strike","Bane","Flechettes"],"picked":"SKIP","floor":24.0},{"not_picked":["Riddle With Holes","Predator"],"picked":"Flying Knee","floor":25.0},{"not_picked":["Backflip","Quick Slash"],"picked":"Slice","floor":27.0},{"not_picked":["Dash","Backflip"],"picked":"Dagger Spray+1","floor":29}],"player_experience":358186,"relics_obtained":[{"floor":29,"key":"Happy Flower"}],"event_choices":[{"event_name":"Match and Keep!","player_choice":"2 cards matched","floor":4.0,"damage_taken":0.0},{"event_name":"Big Fish","player_choice":"Donut","floor":5.0,"damage_taken":0.0},{"event_name":"Mushrooms","player_choice":"Fought Mushrooms","floor":8.0,"damage_taken":0.0},{"event_name":"Forgotten Altar","player_choice":"Shed Blood","floor":20.0,"damage_taken":0.0},{"event_name":"Wheel of Change","player_choice":"Relic","floor":28,"damage_taken":0}],"is_beta":false,"boss_relics":[{"not_picked":["White Beast Statue","Black Star","Lizard Tail"]}],"items_purged_floors":[],"is_endless":false,"potions_floor_spawned":[3,7,13,24,27,29],"killed_by":"Cultist and Chosen","ascension_level":0}