{"gold_per_floor":[109,34,53,53,66,96,96,26,49,49,72,72,72,39,39,142,142,155,139,39,39,52,52,52],"floor_reached":24,"playtime":2885,"items_purged":["Strike_R","Defend_R"],"score":211,"play_id":"2e723d5f-28b9-476e-89cb-bff5e9b17438","local_time":"20190204130214","is_ascension_mode":true,"campfire_choices":[{"floor":10,"key":"REST"},{"floor":13,"key":"REST"},{"data":"Finesse","floor":15,"key":"SMITH"},{"floor":23,"key":"REST"}],"neow_cost":"NONE","seed_source_timestamp":4547029164457,"circlet_count":0,"master_deck":["Strike_R","Strike_R","Strike_R","Defend_R","Defend_R","Bash","Finesse+1","Spot Weakness","Shrug It Off","Spot Weakness","Whirlwind","Flame Barrier","Flame Barrier","Double Tap","Rage","Warcry","Headbutt"],"relics":["Burning Blood","Oddly Smooth Stone","Regal Pillow","Odd Mushroom","Lizard Tail"],"potions_floor_usage":[16],"damage_taken":[{"damage":3,"enemies":"Cultist","floor":1,"turns":4},{"damage":21,"enemies":"Small Slimes","floor":3,"turns":4},{"damage":2,"enemies":"Jaw Worm","floor":5,"turns":4},{"damage":48,"enemies":"3 Sentries","floor":6,"turns":10},{"damage":25,"enemies":"The Mushroom Lair","floor":11,"turns":5},{"damage":76,"enemies":"Hexaghost","floor":16,"turns":15},{"damage":29,"enemies":"Shell Parasite","floor":18,"turns":9},{"damage":4,"enemies":"2 Thieves","floor":19,"turns":5},{"damage":75,"enemies":"Cultist and Chosen","floor":22,"turns":10},{"damage":25,"enemies":"Snake Plant","floor":24,"turns":5}],"seed_played":"-3790945880196341965","potions_obtained":[{"floor":11,"key":"Regen Potion"},{"floor":16,"key":"SteroidPotion"},{"floor":19,"key":"Energy Potion"}],"is_trial":false,"path_per_floor":["M","?","$","?","?","$","M","?"],"character_chosen":"IRONCLAD","items_purchased":["Whirlwind","Flame Barrier"],"campfire_rested":3,"item_purchase_floors":[8,14],"current_hp_per_floor":[80,80,65,58,62,20,20,20,20,59,40,40,79,79,79,24,80,57,59,59,59,46,80,55],"gold":52,"neow_bonus":"RANDOM_COLORLESS","is_prod":false,"is_daily":false,"chose_seed":false,"campfire_upgraded":1,"win_rate":0,"timestamp":1549281734,"path_taken":["M","$","?","?","M","E","?","$","T","R","?","?","R","?","R","BOSS","M","?","$","?","M","R","M"],"build_version":"2019-01-23","purchased_purges":2,"victory":false,"max_hp_per_floor":[80,80,80,80,80,80,80,80,80,80,80,80,80,80,80,80,80,80,80,80,80,80,80,80],"card_choices":[{"not_picked":["Pommel Strike","Iron Wave"],"picked":"Spot Weakness","floor":1},{"not_picked":["Flex","Perfected Strike"],"picked":"Shrug It Off","floor":3},{"not_picked":["Headbutt","True Grit"],"picked":"Spot Weakness","floor":5},{"not_picked":["Whirlwind","Blood for Blood","Sentinel"],"picked":"SKIP","floor":6},{"not_picked":["Carnage","Twin Strike"],"picked":"Flame Barrier","floor":11},{"not_picked":["Reaper","Impervious"],"picked":"Double Tap","floor":16},{"not_picked":["Flame Barrier","Clash"],"picked":"Rage","floor":18},{"not_picked":["Clash","Cleave"],"picked":"Warcry","floor":19},{"not_picked":["Burning Pact","Dual Wield+1"],"picked":"Headbutt","floor":22}],"player_experience":82845,"relics_obtained":[{"floor":6,"key":"Oddly Smooth Stone"},{"floor":9,"key":"Regal Pillow"},{"floor":11,"key":"Odd Mushroom"}],"event_choices":[{"cards_removed":["Defend_R"],"damage_healed":0,"gold_gain":0,"player_choice":"Card Removal","damage_taken":7,"max_hp_gain":0,"max_hp_loss":0,"event_name":"Golden Wing","floor":4,"gold_loss":0},{"damage_healed":0,"gold_gain":0,"player_choice":"Fought Mushrooms","damage_taken":0,"max_hp_gain":0,"max_hp_loss":0,"event_name":"Mushrooms","floor":11,"gold_loss":0},{"cards_removed":["Strike_R"],"damage_healed":0,"gold_gain":0,"player_choice":"Forget","damage_taken":0,"max_hp_gain":0,"max_hp_loss":0,"event_name":"Living Wall","floor":12,"gold_loss":0},{"damage_healed":0,"gold_gain":0,"player_choice":"Ignored","damage_taken":0,"max_hp_gain":0,"max_hp_loss":0,"event_name":"Beggar","floor":21,"gold_loss":0}],"is_beta":false,"boss_relics":[{"not_picked":["Busted Crown","Velvet Choker"],"picked":"Lizard Tail"}],"items_purged_floors":[2,20],"is_endless":false,"potions_floor_spawned":[11,16,19],"killed_by":"Snake Plant","ascension_level":2}