{"gold_per_floor":[116,131,10,29,5,5,32,44,68,98,116,116,116,66,66,167,167,186,197,209,224,19,49,49,49,99,124,124,33,53,69,69,169,169,188,188,207,103,103,129,129,32,32,32],"floor_reached":44,"playtime":2250,"items_purged":[],"score":608,"play_id":"346f5611-9033-43d2-8c1d-665a5c53776b","local_time":"20180831163111","is_ascension_mode":true,"campfire_choices":[{"data":"Adrenaline","floor":6,"key":"SMITH"},{"data":"Footwork","floor":12,"key":"SMITH"},{"data":"Neutralize","floor":15,"key":"SMITH"},{"data":"After Image","floor":24,"key":"SMITH"},{"data":"Sucker Punch","floor":32,"key":"SMITH"}],"neow_cost":"NONE","seed_source_timestamp":1055361770627242,"circlet_count":0,"master_deck":["Defend_G","Defend_G+1","Defend_G","Defend_G","Defend_G","Strike_G","Strike_G","Strike_G","Survivor","Neutralize+1","Adrenaline+1","Escape Plan","PiercingWail","Flash of Steel","Flying Knee","Adrenaline+1","Dagger Throw","Crippling Poison","Quick Slash","Backflip","Footwork+1","After Image+1","Calculated Gamble+1","Terror","Distraction+1","Masterful Stab","Storm of Steel","Backstab","Sucker Punch+1","Backstab+1","Tools of the Trade","Footwork+1","Caltrops","Blade Dance","Malaise","Bandage Up","Normality"],"relics":["Ring of the Snake","Orichalcum","War Paint","Bag of Marbles","Cursed Key","Chemical X","Nloth\u0027s Gift","Lantern","Pen Nib","Philosopher\u0027s Stone","Blood Vial","Dream Catcher"],"potions_floor_usage":[10,10,27,27,33,33,40],"damage_taken":[{"damage":1,"enemies":"Cultist","floor":1,"turns":5},{"damage":0,"enemies":"Jaw Worm","floor":2,"turns":5},{"damage":0,"enemies":"2 Louse","floor":4,"turns":2},{"damage":20,"enemies":"Gremlin Nob","floor":7,"turns":4},{"damage":0,"enemies":"Blue Slaver","floor":8,"turns":3},{"damage":9,"enemies":"Lagavulin","floor":10,"turns":4},{"damage":0,"enemies":"Exordium Thugs","floor":11,"turns":4},{"damage":29,"enemies":"Slime Boss","floor":16,"turns":14},{"damage":0,"enemies":"Chosen","floor":18,"turns":6},{"damage":1,"enemies":"Shell Parasite","floor":19,"turns":4},{"damage":1,"enemies":"Snecko","floor":20,"turns":6},{"damage":8,"enemies":"Shelled Parasite and Fungi","floor":21,"turns":5},{"damage":3,"enemies":"Book of Stabbing","floor":23,"turns":5},{"damage":7,"enemies":"Slavers","floor":27,"turns":7},{"damage":11,"enemies":"Snake Plant","floor":30,"turns":3},{"damage":0,"enemies":"Snecko","floor":31,"turns":4},{"damage":22,"enemies":"Automaton","floor":33,"turns":9},{"damage":5,"enemies":"3 Darklings","floor":35,"turns":6},{"damage":0,"enemies":"Orb Walker","floor":37,"turns":2},{"damage":38,"enemies":"Giant Head","floor":40,"turns":10},{"damage":37,"enemies":"2 Orb Walkers","floor":44,"turns":3}],"seed_played":"2652935169372068410","potions_obtained":[{"floor":1,"key":"Regen Potion"},{"floor":4,"key":"Explosive Potion"},{"floor":8,"key":"Poison Potion"},{"floor":16,"key":"Strength Potion"},{"floor":19,"key":"SpeedPotion"},{"floor":20,"key":"Regen Potion"},{"floor":37,"key":"Dexterity Potion"}],"is_trial":false,"path_per_floor":["M","M","$","M","$","R","E","M","T","E","M","R","$","?","R","B",null,"M","M","M","M","$","E","R","?","T","E","?","$","M","M","R","B",null,"M","?","M","$","?","E","?","$","T"],"character_chosen":"THE_SILENT","items_purchased":["Flash of Steel","Flying Knee","Dagger Throw","Chemical X","Backstab","Sucker Punch","Caltrops","Blade Dance","Bandage Up"],"campfire_rested":0,"item_purchase_floors":[3,3,5,22,29,29,38,38,42],"current_hp_per_floor":[69,69,69,69,69,69,49,49,49,40,40,40,40,40,40,11,70,70,69,68,60,60,57,57,57,57,70,70,70,59,59,59,37,70,65,65,65,65,65,27,27,27,27,0],"gold":32,"neow_bonus":"TRANSFORM_CARD","is_prod":false,"is_daily":false,"chose_seed":false,"campfire_upgraded":5,"win_rate":0,"timestamp":1535754671,"path_taken":["M","M","$","M","?","R","E","?","T","E","?","R","?","?","R","BOSS","M","M","M","M","$","E","R","?","T","E","?","$","M","M","R","BOSS","M","?","M","$","?","E","?","?","T","E"],"build_version":"2018-08-30","purchased_purges":0,"victory":false,"max_hp_per_floor":[70,70,70,70,70,70,70,70,70,70,70,70,70,70,70,70,70,70,70,70,70,70,70,70,70,70,70,70,70,70,70,70,70,70,70,70,70,70,70,70,70,70,70,70],"card_choices":[{"not_picked":["Masterful Stab","Dodge and Roll"],"picked":"Escape Plan","floor":1},{"not_picked":["Endless Agony","Prepared"],"picked":"PiercingWail","floor":2},{"not_picked":["Blade Dance","Backflip"],"picked":"Adrenaline","floor":4},{"not_picked":["Deadly Poison","Riddle With Holes"],"picked":"Crippling Poison","floor":7},{"not_picked":["Poisoned Stab","Flechettes"],"picked":"Quick Slash","floor":8},{"not_picked":["Acrobatics","Escape Plan"],"picked":"Backflip","floor":10},{"not_picked":["Flying Knee","Deadly Poison"],"picked":"Footwork","floor":11},{"not_picked":["Unload","Adrenaline"],"picked":"After Image","floor":16},{"not_picked":["Escape Plan+1","Tactician"],"picked":"Calculated Gamble+1","floor":18},{"not_picked":["Masterful Stab","Distraction"],"picked":"Terror","floor":19},{"not_picked":["Poisoned Stab","Flechettes+1"],"picked":"Distraction+1","floor":20},{"not_picked":["Acrobatics","Setup"],"picked":"Masterful Stab","floor":21},{"not_picked":["Acrobatics+1","Tactician"],"picked":"Infinite Blades","floor":23},{"not_picked":["Underhanded Strike","Poisoned Stab"],"picked":"Storm of Steel","floor":27},{"not_picked":["Eviscerate","Blade Dance","Deflect"],"picked":"SKIP","floor":30},{"not_picked":["Venomology","Poisoned Stab"],"picked":"Backstab+1","floor":31},{"not_picked":["Burst","Grand Finale"],"picked":"Tools of the Trade","floor":33},{"not_picked":["Dagger Throw","Dodge and Roll"],"picked":"Footwork+1","floor":35},{"not_picked":["Deflect","Terror","Poisoned Stab"],"picked":"SKIP","floor":37},{"not_picked":["Cloak And Dagger+1","Dagger Spray+1"],"picked":"Malaise","floor":40}],"player_experience":447721,"relics_obtained":[{"floor":7,"key":"Orichalcum"},{"floor":9,"key":"War Paint"},{"floor":10,"key":"Bag of Marbles"},{"floor":23,"key":"Omamori"},{"floor":26,"key":"Lantern"},{"floor":27,"key":"Pen Nib"},{"floor":40,"key":"Blood Vial"},{"floor":43,"key":"Dream Catcher"}],"event_choices":[{"event_name":"The Cleric","player_choice":"Card Removal","floor":14,"damage_taken":0},{"event_name":"N\u0027loth","player_choice":"Traded a Omamori","floor":25,"damage_taken":0},{"event_name":"Ghosts","player_choice":"Ignored","floor":28,"damage_taken":0},{"event_name":"Tomb of Lord Red Mask","player_choice":"Ignored","floor":36,"damage_taken":0},{"event_name":"Falling","player_choice":"Removed Power","floor":39,"damage_taken":0},{"event_name":"Fountain of Cleansing","player_choice":"Removed Curse","floor":41,"damage_taken":0}],"is_beta":false,"boss_relics":[{"not_picked":["Calling Bell","Ring of the Serpent"],"picked":"Cursed Key"},{"not_picked":["Velvet Choker","HoveringKite"],"picked":"Philosopher\u0027s Stone"}],"items_purged_floors":[],"is_endless":false,"potions_floor_spawned":[1,4,8,16,19,20,23,37],"killed_by":"2 Orb Walkers","ascension_level":4}