{"gold_per_floor":[113,113,132,152,152,183,203,131,202,212,231,231,61,89,89,187,187,199,114,114,128,140,140,32,32,32,32,44,79,9,9,9,114,114,126,175,175,275,291,291,201,89,89,89,106,117,36,50,50,50],"floor_reached":50,"playtime":4116,"items_purged":["Zap","Strike_B"],"score":520,"play_id":"3aa47ff2-b6ba-469f-96a8-52dbfa1a31ab","local_time":"20190310000217","is_ascension_mode":false,"campfire_choices":[{"floor":12.0,"key":"REST"},{"floor":15.0,"key":"REST"},{"data":"Beam Cell","floor":23.0,"key":"SMITH"},{"data":"Gash","floor":25.0,"key":"SMITH"},{"data":"Go for the Eyes","floor":27,"key":"SMITH"},{"floor":32,"key":"REST"},{"data":"Rainbow","floor":40,"key":"SMITH"},{"floor":49,"key":"REST"}],"neow_cost":"NONE","seed_source_timestamp":0,"circlet_count":0,"master_deck":["Strike_B","Strike_B","Strike_B","Defend_B","Defend_B","Defend_B","Dualcast","Cold Snap","Sweeping Beam","Skim","Genetic Algorithm","White Noise","Go for the Eyes+1","Beam Cell+1","Cold Snap","Genetic Algorithm","Compile Driver","Rainbow+1","Gash+1","Barrage","Darkness+1","Rebound","Fusion","Static Discharge","Compile Driver+1","Lockon","Multi-Cast","Self Repair+1","Go for the Eyes+1","Sweeping Beam+1","Lockon","Melter","FTL","Madness","Madness","Streamline+1","Leap+1","Seek","Capacitor+1"],"special_seed":0,"relics":["Cracked Core","Incense Burner","Anchor","Meat on the Bone","Pen Nib","Gremlin Horn","Sozu","Happy Flower","Ornamental Fan","Smiling Mask","Bottled Flame","Nuclear Battery","Thread and Needle","Juzu Bracelet"],"potions_floor_usage":[],"damage_taken":[{"damage":0.0,"enemies":"Small Slimes","floor":1.0,"turns":2.0},{"damage":0.0,"enemies":"Cultist","floor":3.0,"turns":3.0},{"damage":7.0,"enemies":"2 Louse","floor":4.0,"turns":2.0},{"damage":26.0,"enemies":"3 Sentries","floor":6.0,"turns":7.0},{"damage":0.0,"enemies":"Red Slaver","floor":7.0,"turns":3.0},{"damage":1.0,"enemies":"2 Fungi Beasts","floor":10.0,"turns":3.0},{"damage":0.0,"enemies":"Blue Slaver","floor":11.0,"turns":3.0},{"damage":8.0,"enemies":"Gremlin Nob","floor":14.0,"turns":4.0},{"damage":58.0,"enemies":"Hexaghost","floor":16.0,"turns":13.0},{"damage":6.0,"enemies":"Shell Parasite","floor":18.0,"turns":6.0},{"damage":8.0,"enemies":"3 Byrds","floor":21.0,"turns":5.0},{"damage":2.0,"enemies":"Sentry and Sphere","floor":22.0,"turns":5.0},{"damage":0,"enemies":"Chosen and Byrds","floor":28,"turns":5},{"damage":24,"enemies":"Gremlin Leader","floor":29,"turns":6},{"damage":34,"enemies":"Champ","floor":33,"turns":9},{"damage":0,"enemies":"Orb Walker","floor":35,"turns":2},{"damage":46,"enemies":"2 Orb Walkers","floor":36,"turns":6},{"damage":16,"enemies":"3 Darklings","floor":39,"turns":5},{"damage":0,"enemies":"Sphere and 2 Shapes","floor":45,"turns":2},{"damage":0,"enemies":"Spire Growth","floor":46,"turns":3},{"damage":2,"enemies":"Maw","floor":48,"turns":8},{"damage":92,"enemies":"Donu and Deca","floor":50,"turns":8}],"seed_played":"-5445106122233986425","potions_obtained":[{"floor":0.0,"key":"Regen Potion"},{"floor":0.0,"key":"Block Potion"},{"floor":0.0,"key":"AttackPotion"},{"floor":1.0,"key":"LiquidBronze"},{"floor":6.0,"key":"Poison Potion"},{"floor":11.0,"key":"Weak Potion"},{"floor":14.0,"key":"EssenceOfSteel"}],"is_trial":false,"path_per_floor":["M","?","M","M","?","E","M","$","T","M","M","R","$","E","R","B",null,"M","?","?","M","M","R","$","R","T","R","M","E","$","T","R","B",null,"M","?","?","?","M","R","$","$","T","?","M","M","$","M","R","B"],"character_chosen":"DEFECT","items_purchased":["Go for the Eyes","Beam Cell","Pen Nib","Compile Driver","Fusion","Lockon","Lockon","Melter","FTL","Seek"],"campfire_rested":4,"item_purchase_floors":[8,8,13,13,24,30,41,42,42,47],"current_hp_per_floor":[75,75,75,68,68,42,42,42,42,41,41,63,63,55,75,29,75,69,69,69,61,59,59,59,59,59,59,59,47,47,47,69,47,75,75,51,51,51,57,57,57,57,57,48,48,48,48,56,75,0],"gold":50,"neow_bonus":"THREE_SMALL_POTIONS","is_prod":false,"is_daily":false,"chose_seed":false,"campfire_upgraded":4,"win_rate":0.0,"timestamp":1552194137,"path_taken":["M","?","M","?","?","E","?","$","T","M","M","R","$","E","R","BOSS","M","?","?","?","M","R","?","R","T","R","M","E","$","?","R","BOSS","M","?","?","?","?","R","?","$","T","?","M","M","?","M","R","BOSS"],"build_version":"2019-01-23","purchased_purges":2,"victory":false,"max_hp_per_floor":[75,75,75,75,75,75,75,75,75,75,75,75,75,75,75,75,75,75,75,75,75,75,75,75,75,75,75,75,75,75,75,75,75,75,75,75,75,75,75,75,75,75,75,75,75,75,75,75,75,75],"card_choices":[{"not_picked":["Consume","Force Field"],"picked":"Cold Snap","floor":1.0},{"not_picked":["Capacitor","Self Repair"],"picked":"Sweeping Beam","floor":3.0},{"not_picked":["Force Field","Storm"],"picked":"Skim","floor":4.0},{"not_picked":["Beam Cell","Streamline"],"picked":"Genetic Algorithm","floor":6.0},{"not_picked":["Conserve Battery","Compile Driver"],"picked":"White Noise","floor":7.0},{"not_picked":["Conserve Battery","Doom and Gloom"],"picked":"Cold Snap","floor":10.0},{"not_picked":["Tempest","Coolheaded"],"picked":"Genetic Algorithm","floor":11.0},{"not_picked":["Barrage","Ball Lightning"],"picked":"Fission","floor":14.0},{"not_picked":["Meteor Strike","Amplify"],"picked":"Rainbow","floor":16.0},{"not_picked":["Ball Lightning","Barrage"],"picked":"Gash","floor":18.0},{"not_picked":["Skim","Reprogram"],"picked":"Darkness+1","floor":21.0},{"not_picked":["Conserve Battery","Redo"],"picked":"Rebound","floor":22.0},{"not_picked":["Heatsinks","Storm"],"picked":"Static Discharge","floor":28},{"not_picked":["Barrage","Darkness"],"picked":"Compile Driver+1","floor":29},{"not_picked":["Fission","Creative AI"],"picked":"Multi-Cast","floor":33},{"not_picked":["Rebound+1","Stack+1"],"picked":"Self Repair+1","floor":35},{"not_picked":["Leap+1","Conserve Battery+1"],"picked":"Go for the Eyes+1","floor":36},{"not_picked":["White Noise+1","Turbo+1"],"picked":"Sweeping Beam+1","floor":39},{"not_picked":["Machine Learning","Turbo"],"picked":"Streamline+1","floor":45},{"not_picked":["Scrape","Ball Lightning"],"picked":"Leap+1","floor":46},{"not_picked":["Redo+1","Beam Cell"],"picked":"Capacitor+1","floor":48}],"player_experience":57782,"relics_obtained":[{"floor":6.0,"key":"Anchor"},{"floor":9.0,"key":"Meat on the Bone"},{"floor":14.0,"key":"Gremlin Horn"},{"floor":26.0,"key":"Ornamental Fan"},{"floor":29,"key":"Smiling Mask"},{"floor":31,"key":"Bottled Flame"},{"floor":36,"key":"Thread and Needle"},{"floor":43,"key":"Juzu Bracelet"}],"event_choices":[{"damage_healed":0.0,"max_hp_gain":0.0,"max_hp_loss":0.0,"gold_gain":0.0,"event_name":"The Woman in Blue","player_choice":"Bought 0 Potions","floor":2.0,"gold_loss":0.0,"damage_taken":0.0},{"damage_healed":0.0,"max_hp_gain":0.0,"max_hp_loss":0.0,"gold_gain":0.0,"event_name":"WeMeetAgain","player_choice":"Gave Potion","floor":5.0,"gold_loss":0.0,"damage_taken":0.0,"relics_obtained":["Incense Burner"]},{"damage_healed":0.0,"max_hp_gain":0.0,"max_hp_loss":0.0,"gold_gain":0.0,"event_name":"Addict","player_choice":"Obtained Relic","floor":19.0,"gold_loss":85.0,"damage_taken":0.0,"relics_obtained":["Happy Flower"]},{"damage_healed":0.0,"max_hp_gain":0.0,"max_hp_loss":0.0,"gold_gain":0.0,"cards_transformed":["Fission"],"event_name":"Transmorgrifier","player_choice":"Transformed","floor":20.0,"gold_loss":0.0,"damage_taken":0.0,"cards_obtained":["Barrage"]},{"damage_healed":0,"gold_gain":0,"player_choice":"Fight","damage_taken":0,"max_hp_gain":0,"max_hp_loss":0,"event_name":"Mysterious Sphere","floor":36,"gold_loss":0},{"cards_removed":["Defend_B"],"damage_healed":0,"gold_gain":0,"player_choice":"Removed Skill","damage_taken":0,"max_hp_gain":0,"max_hp_loss":0,"event_name":"Falling","floor":37,"gold_loss":0},{"damage_healed":0,"gold_gain":100,"player_choice":"Pray","damage_taken":0,"max_hp_gain":0,"max_hp_loss":0,"event_name":"Golden Shrine","floor":38,"gold_loss":0},{"damage_healed":0,"gold_gain":0,"player_choice":"Embrace Madness","damage_taken":9,"max_hp_gain":0,"max_hp_loss":0,"event_name":"Winding Halls","floor":44,"gold_loss":0,"cards_obtained":["Madness","Madness"]}],"is_beta":false,"boss_relics":[{"not_picked":["Coffee Dripper","FrozenCore"],"picked":"Sozu"},{"not_picked":["Lizard Tail","Cursed Key"],"picked":"Nuclear Battery"}],"items_purged_floors":[24,41],"is_endless":false,"potions_floor_spawned":[1,6,11,14,16,22,29,33,35,39,48],"killed_by":"Donu and Deca","ascension_level":0}