{"gold_per_floor":[119,33,33,33,49,76,3,3,3,37,52,52,52,84,84,185,185,195,208,222,222,233,266,266,285,285,296,316,73,86,86,86,186,186,206,65,65,65],"floor_reached":39,"playtime":1703,"items_purged":[],"score":669,"play_id":"b7071656-dfb2-4f4d-8cfd-a982a3e457b0","local_time":"20180903223822","is_ascension_mode":false,"campfire_choices":[{"data":"Infinite Blades","floor":8,"key":"SMITH"},{"data":"Accuracy","floor":12,"key":"SMITH"},{"floor":15,"key":"REST"},{"data":"Adrenaline","floor":24,"key":"SMITH"},{"floor":32,"key":"REST"}],"neow_cost":"NONE","seed_source_timestamp":1337112515392355,"circlet_count":0,"master_deck":["Defend_G","Defend_G","Defend_G","Defend_G","Defend_G","Strike_G","Strike_G","Strike_G","Strike_G","Survivor","Neutralize","Dash","Dagger Throw","Infinite Blades+1","Backflip","Distraction","Flying Knee","Blade Dance","Infinite Blades","Storm of Steel","Accuracy+1","Cloak And Dagger","Adrenaline+1","Blade Dance+1","Sucker Punch+1","Blur","Backflip","Cloak And Dagger+1","Cloak And Dagger","Infinite Blades","Cloak And Dagger","Envenom","Masterful Stab+1","Accuracy","Terror"],"relics":["Ring of the Serpent","Kunai","Regal Pillow","Bird Faced Urn","Art of War","Blue Candle","Lantern","Oddly Smooth Stone","Philosopher\u0027s Stone"],"potions_floor_usage":[14,20,23,35,38],"damage_taken":[{"damage":0,"enemies":"Cultist","floor":1,"turns":3},{"damage":2,"enemies":"Jaw Worm","floor":5,"turns":4},{"damage":17,"enemies":"Gremlin Nob","floor":6,"turns":5},{"damage":24,"enemies":"Lagavulin","floor":10,"turns":7},{"damage":0,"enemies":"Small Slimes","floor":11,"turns":3},{"damage":8,"enemies":"3 Sentries","floor":14,"turns":5},{"damage":19,"enemies":"Slime Boss","floor":16,"turns":7},{"damage":5,"enemies":"3 Byrds","floor":18,"turns":5},{"damage":6,"enemies":"Shell Parasite","floor":19,"turns":4},{"damage":20,"enemies":"3 Cultists","floor":20,"turns":5},{"damage":19,"enemies":"Snake Plant","floor":22,"turns":6},{"damage":26,"enemies":"Gremlin Leader","floor":23,"turns":6},{"damage":15,"enemies":"Snecko","floor":25,"turns":3},{"damage":5,"enemies":"Centurion and Healer","floor":27,"turns":6},{"damage":1,"enemies":"Snake Plant","floor":28,"turns":4},{"damage":0,"enemies":"Snecko","floor":30,"turns":5},{"damage":15,"enemies":"Automaton","floor":33,"turns":9},{"damage":0,"enemies":"3 Shapes","floor":35,"turns":3},{"damage":93,"enemies":"Time Eater","floor":38,"turns":11}],"seed_played":"7368862151076054987","potions_obtained":[{"floor":5,"key":"FairyPotion"},{"floor":6,"key":"GhostInAJar"},{"floor":10,"key":"LiquidBronze"},{"floor":18,"key":"Explosive Potion"},{"floor":22,"key":"GhostInAJar"},{"floor":23,"key":"Fire Potion"}],"is_trial":false,"path_per_floor":["M","$","?","?","M","E","$","R","T","E","M","R","?","E","R","B",null,"M","M","M","?","M","E","R","M","T","M","M","$","M","?","R","B",null,"M","$","?","B"],"character_chosen":"THE_SILENT","items_purchased":["Infinite Blades","Backflip","Infinite Blades","Oddly Smooth Stone","Infinite Blades","Cloak And Dagger","Accuracy","Terror"],"campfire_rested":2,"item_purchase_floors":[2,2,7,29,29,29,36,36],"current_hp_per_floor":[70,70,70,75,73,56,56,56,56,32,32,32,25,21,58,45,75,74,71,57,57,44,24,24,13,13,14,19,19,25,11,50,43,80,80,80,80,8],"gold":65,"neow_bonus":"THREE_CARDS","is_prod":false,"is_daily":false,"chose_seed":false,"campfire_upgraded":3,"win_rate":0,"timestamp":1536035902,"path_taken":["M","$","?","?","?","E","?","R","T","E","M","R","?","E","R","BOSS","M","?","M","?","?","E","R","M","T","M","?","$","M","?","R","BOSS","M","$","?","BOSS"],"build_version":"2018-08-30","purchased_purges":0,"victory":true,"max_hp_per_floor":[70,70,70,75,75,75,75,75,75,75,75,75,75,75,75,75,75,75,75,75,75,75,75,75,75,75,75,75,75,75,80,80,80,80,80,80,80,80],"card_choices":[{"not_picked":["Cloak And Dagger","Expertise"],"picked":"Dash","floor":0},{"not_picked":["Flechettes","PiercingWail"],"picked":"Dagger Throw","floor":1},{"not_picked":["Dodge and Roll","Sucker Punch"],"picked":"Flying Knee","floor":5},{"not_picked":["Poisoned Stab","Bouncing Flask"],"picked":"Blade Dance","floor":6},{"not_picked":["Flechettes","Deadly Poison"],"picked":"Storm of Steel","floor":10},{"not_picked":["Outmaneuver","Flechettes"],"picked":"Accuracy","floor":11},{"not_picked":["Flying Knee","Prepared"],"picked":"Cloak And Dagger","floor":14},{"not_picked":["Corpse Explosion","Wraith Form v2"],"picked":"Adrenaline","floor":16},{"not_picked":["Deflect","Predator+1","Quick Slash+1"],"picked":"SKIP","floor":18},{"not_picked":["Dash","Deflect"],"picked":"Blade Dance+1","floor":19},{"not_picked":["Outmaneuver","Bane+1"],"picked":"Sucker Punch+1","floor":20},{"not_picked":["PiercingWail+1","Dagger Throw"],"picked":"Blur","floor":22},{"not_picked":["PiercingWail+1","Dagger Throw"],"picked":"Backflip","floor":23},{"not_picked":["Footwork+1","Flying Knee"],"picked":"Cloak And Dagger+1","floor":25},{"not_picked":["Finisher","Wraith Form v2","Dagger Spray+1"],"picked":"SKIP","floor":27},{"not_picked":["Calculated Gamble","Caltrops+1"],"picked":"Cloak And Dagger","floor":28},{"not_picked":["Expertise","Outmaneuver","Slice"],"picked":"SKIP","floor":30},{"not_picked":["Adrenaline","Wraith Form v2"],"picked":"Envenom","floor":33},{"not_picked":["Calculated Gamble","Outmaneuver"],"picked":"Masterful Stab+1","floor":35}],"player_experience":455322,"relics_obtained":[{"floor":6,"key":"Kunai"},{"floor":9,"key":"Regal Pillow"},{"floor":10,"key":"Bird Faced Urn"},{"floor":14,"key":"Art of War"},{"floor":23,"key":"Blue Candle"},{"floor":26,"key":"Lantern"}],"event_choices":[{"event_name":"Transmorgrifier","player_choice":"Transform","floor":3,"damage_taken":0},{"event_name":"Big Fish","player_choice":"Donut","floor":4,"damage_taken":0},{"event_name":"Wheel of Change","player_choice":"Damage","floor":13,"damage_taken":0},{"event_name":"The Mausoleum","player_choice":"No","floor":21,"damage_taken":0},{"event_name":"Forgotten Altar","player_choice":"Shed Blood","floor":31,"damage_taken":0},{"event_name":"SecretPortal","player_choice":"Took Portal.","floor":37,"damage_taken":0}],"is_beta":false,"boss_relics":[{"not_picked":["Empty Cage","Runic Dome"],"picked":"Ring of the Serpent"},{"not_picked":["Fusion Hammer","Black Star"],"picked":"Philosopher\u0027s Stone"}],"items_purged_floors":[],"is_endless":false,"potions_floor_spawned":[5,6,10,18,22,23,27,28],"ascension_level":0}