{"gold_per_floor":[113,113,133,57,74,74,104,120,144,160,179,189,221,237,237,340,340,340,263,42,42,5,5,5,5,5,5,5,5,5,5,5,5,5,5,5,5,5,5,5,5,5,5,5,5,0,0,0,0,0],"floor_reached":50,"playtime":2926,"items_purged":[],"score":489,"play_id":"0c301b4a-0134-41cf-9270-bce384f9a2c6","local_time":"20180702022127","is_ascension_mode":false,"campfire_choices":[{"data":"Whirlwind","floor":6,"key":"SMITH"},{"data":"Demon Form","floor":15,"key":"SMITH"},{"data":"Limit Break","floor":23,"key":"SMITH"},{"data":"Rupture","floor":25,"key":"SMITH"},{"data":"Sentinel","floor":32,"key":"SMITH"},{"data":"Heavy Blade","floor":40,"key":"SMITH"},{"data":"Shockwave","floor":45,"key":"SMITH"},{"floor":49,"key":"REST"}],"neow_cost":"NONE","seed_source_timestamp":26543037765560,"circlet_count":0,"master_deck":["Strike_R","Strike_R","Strike_R","Defend_R","Defend_R","Defend_R","Defend_R","Bash","Entrench","Shockwave+1","Whirlwind+1","Intimidate","Heavy Blade+1","Flex","Demon Form+1","Iron Wave","Thunderclap","Metallicize","Limit Break+1","Disarm+1","Offering+1","Sentinel+1","J.A.X.","Rupture+1","Bloodletting","Bloodletting+1","Burning Pact","Immolate","Spot Weakness+1","Spot Weakness+1","Intimidate+1"],"relics":["Burning Blood","Regal Pillow","Strawberry","Bag of Preparation","Ectoplasm","War Paint","Question Card","Lizard Tail","Orichalcum","Red Mask"],"potions_floor_usage":[33,33,35,47],"damage_taken":[{"damage":2,"enemies":"Small Slimes","floor":1,"turns":4},{"damage":2,"enemies":"2 Louse","floor":3,"turns":4},{"damage":1,"enemies":"Cultist","floor":5,"turns":3},{"damage":42,"enemies":"Gremlin Nob","floor":7,"turns":6},{"damage":1,"enemies":"Red Slaver","floor":8,"turns":3},{"damage":1,"enemies":"Exordium Wildlife","floor":10,"turns":3},{"damage":7,"enemies":"2 Fungi Beasts","floor":11,"turns":4},{"damage":9,"enemies":"Exordium Thugs","floor":12,"turns":4},{"damage":12,"enemies":"3 Sentries","floor":13,"turns":7},{"damage":0,"enemies":"Lots of Slimes","floor":14,"turns":1},{"damage":11,"enemies":"Hexaghost","floor":16,"turns":9},{"damage":16,"enemies":"Shell Parasite","floor":18,"turns":5},{"damage":17,"enemies":"Spheric Guardian","floor":21,"turns":6},{"damage":4,"enemies":"3 Cultists","floor":24,"turns":2},{"damage":23,"enemies":"Snecko","floor":27,"turns":6},{"damage":22,"enemies":"Chosen and Byrds","floor":29,"turns":6},{"damage":12,"enemies":"Centurion and Healer","floor":30,"turns":6},{"damage":13,"enemies":"Slaver and Parasite","floor":31,"turns":5},{"damage":22,"enemies":"Automaton","floor":33,"turns":6},{"damage":19,"enemies":"3 Shapes","floor":35,"turns":5},{"damage":17,"enemies":"Orb Walker","floor":36,"turns":4},{"damage":50,"enemies":"Maw","floor":38,"turns":7},{"damage":15,"enemies":"Sphere and 2 Shapes","floor":41,"turns":3},{"damage":27,"enemies":"3 Darklings","floor":44,"turns":5},{"damage":37,"enemies":"4 Shapes","floor":47,"turns":4},{"damage":31,"enemies":"Sphere and 2 Shapes","floor":48,"turns":4},{"damage":67,"enemies":"Awakened One","floor":50,"turns":7}],"seed_played":"-5630440479927504130","potions_obtained":[{"floor":1,"key":"SpeedPotion"},{"floor":8,"key":"Block Potion"},{"floor":10,"key":"AttackPotion"},{"floor":12,"key":"Fire Potion"},{"floor":21,"key":"Regen Potion"},{"floor":36,"key":"Ancient Potion"},{"floor":38,"key":"Swift Potion"}],"is_trial":false,"path_per_floor":["M","?","M","$","M","R","E","M","T","M","M","M","E","M","R","B",null,"M","?","$","M","$","R","M","R","T","M","$","M","M","M","R","B",null,"M","M","?","M","?","R","M","?","T","M","R","?","M","M","R"],"character_chosen":"IRONCLAD","items_purchased":["Intimidate","War Paint","Rupture","Bloodletting"],"campfire_rested":1,"item_purchase_floors":[4,20,20,22],"current_hp_per_floor":[80,80,80,80,80,80,44,49,56,61,60,57,51,57,57,52,87,77,77,77,66,66,66,68,68,68,51,51,35,29,22,22,21,87,74,63,63,19,76,76,67,67,67,46,46,46,15,28,65,0],"gold":0,"neow_bonus":"TRANSFORM_CARD","is_prod":false,"is_daily":false,"chose_seed":false,"campfire_upgraded":7,"win_rate":0,"timestamp":1530519687,"path_taken":["M","?","M","?","M","R","E","M","T","M","M","M","E","M","R","BOSS","M","?","$","M","$","R","M","R","T","M","?","?","M","M","R","BOSS","M","M","?","M","?","R","M","?","T","?","R","?","M","M","R","BOSS"],"build_version":"2018-06-28","purchased_purges":0,"victory":false,"max_hp_per_floor":[80,80,80,80,80,80,80,80,87,87,87,87,87,87,87,87,87,87,87,87,87,87,87,87,87,87,87,87,87,87,87,87,87,87,87,87,87,87,76,76,76,76,76,76,76,76,76,76,76,76],"card_choices":[{"not_picked":["Sentinel","Perfected Strike"],"picked":"Shockwave","floor":1},{"not_picked":["True Grit","Wild Strike"],"picked":"Whirlwind","floor":3},{"not_picked":["True Grit","Warcry"],"picked":"Heavy Blade","floor":5},{"not_picked":["Shrug It Off","Havoc"],"picked":"Flex","floor":7},{"not_picked":["Dual Wield","Sever Soul"],"picked":"Demon Form","floor":8},{"not_picked":["Clothesline","Headbutt"],"picked":"Iron Wave","floor":10},{"not_picked":["Ghostly Armor","Warcry"],"picked":"Thunderclap","floor":11},{"not_picked":["Flex","Battle Trance"],"picked":"Metallicize","floor":12},{"not_picked":["Body Slam","Clothesline"],"picked":"Limit Break","floor":13},{"not_picked":["Rage","Power Through"],"picked":"Disarm","floor":14},{"not_picked":["Immolate","Feed"],"picked":"Offering","floor":16},{"not_picked":["Flex","Metallicize"],"picked":"Sentinel","floor":18},{"not_picked":["Twin Strike","Clash","Warcry"],"picked":"SKIP","floor":21},{"not_picked":["Thunderclap","Twin Strike+1","True Grit"],"picked":"SKIP","floor":24},{"not_picked":["Warcry","Havoc","Iron Wave"],"picked":"Bloodletting+1","floor":27},{"not_picked":["Sever Soul","Heavy Blade","Barricade","Warcry"],"picked":"SKIP","floor":29},{"not_picked":["Perfected Strike","Anger+1","Shrug It Off+1"],"picked":"Burning Pact","floor":30},{"not_picked":["Feel No Pain","Rage+1","Clothesline"],"picked":"Pummel+1","floor":31},{"not_picked":["Brutality","Juggernaut","Offering"],"picked":"Immolate","floor":33},{"not_picked":["Thunderclap","Cleave","Battle Trance+1"],"picked":"Spot Weakness+1","floor":35},{"not_picked":["Searing Blow","Armaments","Twin Strike+1","Pommel Strike+1"],"picked":"SKIP","floor":36},{"not_picked":["Entrench+1","Pommel Strike","Anger"],"picked":"Spot Weakness+1","floor":38},{"not_picked":["Twin Strike","Warcry+1","True Grit+1","Thunderclap+1"],"picked":"SKIP","floor":41},{"not_picked":["Combust","Clothesline+1","Perfected Strike"],"picked":"Intimidate+1","floor":44},{"not_picked":["Heavy Blade+1","Sentinel+1","Demon Form","Sword Boomerang"],"picked":"SKIP","floor":47},{"not_picked":["Rupture+1","Bloodletting+1","Heavy Blade","Entrench"],"picked":"SKIP","floor":48}],"player_experience":113926,"relics_obtained":[{"floor":7,"key":"Regal Pillow"},{"floor":9,"key":"Strawberry"},{"floor":13,"key":"Bag of Preparation"},{"floor":26,"key":"Question Card"},{"floor":43,"key":"Orichalcum"}],"event_choices":[{"event_name":"Liars Game","player_choice":"disagreed","floor":2,"damage_taken":0},{"event_name":"Drug Dealer","player_choice":"Got JAXXED","floor":19,"damage_taken":0},{"event_name":"Bonfire Elementals","player_choice":"BASIC","floor":37,"damage_taken":0},{"event_name":"The Moai Head","player_choice":"Heal","floor":39,"damage_taken":0},{"event_name":"Falling","player_choice":"Removed Attack","floor":42,"damage_taken":0},{"event_name":"Tomb of Lord Red Mask","player_choice":"Paid","floor":46,"damage_taken":0}],"boss_relics":[{"not_picked":["White Beast Statue","Cursed Key"],"picked":"Ectoplasm"},{"not_picked":["Snecko Eye","Empty Cage"],"picked":"Lizard Tail"}],"items_purged_floors":[],"is_endless":false,"potions_floor_spawned":[1,8,10,12,13,18,21,29,31,36,38],"killed_by":"Awakened One","ascension_level":0}