{"gold_per_floor":[113,288,288,2,2,31,47,47,98,111,111,11,26,46,46,146,146,163,163],"floor_reached":19,"playtime":1389,"items_purged":["Doubt","Bane"],"score":167,"play_id":"47f0b5b1-5b82-4494-88e4-708d99ca4479","local_time":"20190317165634","is_ascension_mode":false,"campfire_choices":[{"floor":8,"key":"REST"},{"data":"Masterful Stab","floor":11,"key":"SMITH"},{"data":"Endless Agony","floor":15,"key":"SMITH"}],"neow_cost":"NONE","seed_source_timestamp":207191682566800,"circlet_count":0,"master_deck":["Defend_G","Defend_G","Defend_G","Defend_G","Defend_G","Strike_G","Strike_G","Strike_G","Strike_G","Strike_G","Survivor","Neutralize","Masterful Stab+1","Flying Knee","Outmaneuver","Well Laid Plans","Quick Slash","Slice","Outmaneuver","Endless Agony+1","Dash","After Image","Dagger Throw+1"],"relics":["Ring of the Snake","Meat on the Bone","Ancient Tea Set","Snake Skull","Regal Pillow","Philosopher\u0027s Stone"],"potions_floor_usage":[1,6,6,14,16,18,19],"damage_taken":[{"damage":0,"enemies":"2 Louse","floor":1,"turns":3},{"damage":22,"enemies":"3 Sentries","floor":6,"turns":8},{"damage":2,"enemies":"Jaw Worm","floor":7,"turns":3},{"damage":0,"enemies":"Small Slimes","floor":10,"turns":2},{"damage":5,"enemies":"Blue Slaver","floor":13,"turns":3},{"damage":4,"enemies":"Red Slaver","floor":14,"turns":2},{"damage":58,"enemies":"The Guardian","floor":16,"turns":18},{"damage":11,"enemies":"3 Byrds","floor":18,"turns":6},{"damage":24,"enemies":"Colosseum Slavers","floor":19,"turns":5},{"damage":51,"enemies":"Colosseum Nobs","floor":19,"turns":4}],"seed_played":"6130653172223430975","potions_obtained":[{"floor":0,"key":"Block Potion"},{"floor":0,"key":"FairyPotion"},{"floor":0,"key":"Block Potion"},{"floor":1,"key":"Weak Potion"},{"floor":10,"key":"Weak Potion"},{"floor":13,"key":"Dexterity Potion"},{"floor":16,"key":"Fire Potion"},{"floor":18,"key":"EssenceOfSteel"}],"is_trial":false,"path_per_floor":["M","?","?","$","T","E","M","R","T","M","R","$","M","M","R","B",null,"M","?"],"character_chosen":"THE_SILENT","items_purchased":["Masterful Stab","Flying Knee","Outmaneuver","Well Laid Plans"],"campfire_rested":1,"item_purchase_floors":[4,4,4,4],"current_hp_per_floor":[70,70,45,45,45,35,45,66,66,66,66,66,61,57,57,19,70,59,0],"gold":163,"neow_bonus":"THREE_SMALL_POTIONS","is_prod":false,"is_daily":false,"chose_seed":false,"campfire_upgraded":2,"win_rate":0.0,"timestamp":1552856194,"path_taken":["M","?","?","?","?","E","M","R","T","M","R","$","?","M","R","BOSS","M","?"],"build_version":"2019-01-23","purchased_purges":2,"victory":false,"max_hp_per_floor":[70,70,70,70,70,70,70,70,70,70,70,70,70,70,70,70,70,70,70],"card_choices":[{"not_picked":["Flying Knee","Dodge and Roll"],"picked":"Bane","floor":1},{"not_picked":["Masterful Stab","PiercingWail"],"picked":"Quick Slash","floor":6},{"not_picked":["Flying Knee","Blade Dance"],"picked":"Slice","floor":7},{"not_picked":["Acrobatics","Underhanded Strike"],"picked":"Outmaneuver","floor":10},{"not_picked":["Flying Knee","Distraction"],"picked":"Endless Agony","floor":13},{"not_picked":["Reflex","Calculated Gamble"],"picked":"Dash","floor":14},{"not_picked":["Wraith Form v2","Storm of Steel"],"picked":"After Image","floor":16},{"not_picked":["Deflect","Escape Plan"],"picked":"Dagger Throw+1","floor":18}],"player_experience":72065,"relics_obtained":[{"floor":5,"key":"Ancient Tea Set"},{"floor":6,"key":"Snake Skull"},{"floor":9,"key":"Regal Pillow"}],"event_choices":[{"damage_healed":0,"gold_gain":175,"player_choice":"AGREE","damage_taken":0,"max_hp_gain":0,"max_hp_loss":0,"event_name":"Liars Game","floor":2,"gold_loss":0,"cards_obtained":["Doubt"]},{"damage_healed":0,"gold_gain":0,"player_choice":"Success","damage_taken":25,"relics_obtained":["Meat on the Bone"],"max_hp_gain":0,"max_hp_loss":0,"event_name":"Scrap Ooze","floor":3,"gold_loss":0},{"damage_healed":0,"gold_gain":0,"player_choice":"Fight","damage_taken":0,"max_hp_gain":0,"max_hp_loss":0,"event_name":"Colosseum","floor":19,"gold_loss":0},{"damage_healed":0,"gold_gain":0,"player_choice":"Fought Nobs","damage_taken":0,"max_hp_gain":0,"max_hp_loss":0,"event_name":"Colosseum","floor":19,"gold_loss":0}],"is_beta":false,"boss_relics":[{"not_picked":["Coffee Dripper","Sozu"],"picked":"Philosopher\u0027s Stone"}],"items_purged_floors":[4,12],"is_endless":false,"potions_floor_spawned":[1,10,13,16,18],"killed_by":"Colosseum Nobs","ascension_level":0}