{"gold_per_floor":[11,0,11,24,24,41,41,41,41,79,104,104,29,64,64,189,189,209,243,243,243,243,243,286,286,332,332],"floor_reached":27,"playtime":1152,"items_purged":["Defend_B"],"score":249,"play_id":"21cf1096-8489-4ffb-a5e6-5d7840796b3b","local_time":"20190309132326","is_ascension_mode":true,"campfire_choices":[{"floor":12,"key":"REST"},{"floor":15,"key":"REST"},{"floor":23,"key":"REST"},{"floor":25,"key":"REST"}],"neow_cost":"NO_GOLD","seed_source_timestamp":342111793999555,"circlet_count":0,"master_deck":["Strike_B","Strike_B","Defend_B","Defend_B","Zap","Dualcast","Sweeping Beam","Double Energy","Sunder","Auto Shields","Parasite","FTL","White Noise","Auto Shields","Core Surge","Beam Cell","Turbo+1","Auto Shields+1"],"relics":["Cracked Core","Peace Pipe","Golden Idol","Nunchaku","Regal Pillow","Empty Cage","Red Mask","Blood Vial","Happy Flower"],"potions_floor_usage":[14,16,27],"damage_taken":[{"damage":6,"enemies":"Jaw Worm","floor":1,"turns":3},{"damage":0,"enemies":"2 Louse","floor":3,"turns":2},{"damage":5,"enemies":"Small Slimes","floor":4,"turns":3},{"damage":0,"enemies":"3 Louse","floor":6,"turns":2},{"damage":30,"enemies":"Gremlin Nob","floor":10,"turns":5},{"damage":2,"enemies":"Looter","floor":11,"turns":4},{"damage":21,"enemies":"3 Sentries","floor":14,"turns":7},{"damage":30,"enemies":"Hexaghost","floor":16,"turns":9},{"damage":16,"enemies":"Shell Parasite","floor":18,"turns":7},{"damage":31,"enemies":"Masked Bandits","floor":19,"turns":6},{"damage":18,"enemies":"Colosseum Slavers","floor":21,"turns":4},{"damage":40,"enemies":"Slavers","floor":24,"turns":7},{"damage":55,"enemies":"Gremlin Leader","floor":27,"turns":5}],"seed_played":"1203550450565361861","potions_obtained":[{"floor":3,"key":"PowerPotion"},{"floor":4,"key":"Fruit Juice"},{"floor":6,"key":"Poison Potion"},{"floor":24,"key":"EssenceOfSteel"}],"is_trial":false,"path_per_floor":["?","?","?","?","?","?","?","?"],"character_chosen":"DEFECT","items_purchased":[],"campfire_rested":4,"item_purchase_floors":[],"current_hp_per_floor":[69,69,69,64,64,64,75,69,69,39,37,57,57,41,74,44,74,58,27,27,9,9,46,6,43,43,0],"gold":332,"neow_bonus":"ONE_RARE_RELIC","is_prod":false,"is_daily":false,"chose_seed":false,"campfire_upgraded":0,"win_rate":0,"timestamp":1552134206,"path_taken":["M","?","M","M","?","M","?","?","T","E","M","R","$","E","R","BOSS","M","?","?","?","?","R","E","R","T","E"],"build_version":"2019-01-23","purchased_purges":1,"victory":false,"max_hp_per_floor":[75,75,75,75,75,75,75,69,69,69,69,69,69,74,74,74,74,74,74,74,74,74,74,74,74,74,74],"card_choices":[{"not_picked":["Rebound","Skim"],"picked":"Sweeping Beam","floor":1},{"not_picked":["Compile Driver","Hologram"],"picked":"Double Energy","floor":3},{"not_picked":["Beam Cell","Storm"],"picked":"Sunder","floor":4},{"not_picked":["Leap","Turbo"],"picked":"Auto Shields","floor":6},{"not_picked":["Lockon","Streamline"],"picked":"FTL","floor":10},{"not_picked":["Compile Driver","Heatsinks"],"picked":"White Noise","floor":11},{"not_picked":["Coolheaded","Consume"],"picked":"Auto Shields","floor":14},{"not_picked":["Seek","Biased Cognition"],"picked":"Core Surge","floor":16},{"not_picked":["Coolheaded","Turbo"],"picked":"Beam Cell","floor":18},{"not_picked":["Stack+1","Glacier+1"],"picked":"Turbo+1","floor":19},{"not_picked":["Leap","Melter+1"],"picked":"Auto Shields+1","floor":24}],"player_experience":184476,"relics_obtained":[{"floor":10,"key":"Nunchaku"},{"floor":14,"key":"Regal Pillow"},{"floor":19,"key":"Red Mask"},{"floor":24,"key":"Blood Vial"},{"floor":26,"key":"Happy Flower"}],"event_choices":[{"damage_healed":0,"gold_gain":0,"player_choice":"Left Gold","damage_taken":0,"max_hp_gain":0,"max_hp_loss":0,"event_name":"World of Goop","floor":2,"gold_loss":11},{"cards_removed":["Strike_B"],"damage_healed":0,"gold_gain":0,"player_choice":"Forget","damage_taken":0,"max_hp_gain":0,"max_hp_loss":0,"event_name":"Living Wall","floor":5,"gold_loss":0},{"damage_healed":18,"gold_gain":0,"player_choice":"Healed and dodged fight","damage_taken":0,"max_hp_gain":0,"max_hp_loss":0,"event_name":"Mushrooms","floor":7,"gold_loss":0,"cards_obtained":["Parasite"]},{"damage_healed":0,"gold_gain":0,"player_choice":"Lose Max HP","damage_taken":0,"relics_obtained":["Golden Idol"],"max_hp_gain":0,"max_hp_loss":6,"event_name":"Golden Idol","floor":8,"gold_loss":0},{"damage_healed":0,"gold_gain":0,"player_choice":"Fought Bandits","damage_taken":0,"max_hp_gain":0,"max_hp_loss":0,"event_name":"Masked Bandits","floor":19,"gold_loss":0},{"damage_healed":0,"gold_gain":0,"player_choice":"Ignored","damage_taken":0,"max_hp_gain":0,"max_hp_loss":0,"event_name":"Vampires","floor":20,"gold_loss":0},{"damage_healed":0,"gold_gain":0,"player_choice":"Fight","damage_taken":0,"max_hp_gain":0,"max_hp_loss":0,"event_name":"Colosseum","floor":21,"gold_loss":0},{"damage_healed":0,"gold_gain":0,"player_choice":"Fled From Nobs","damage_taken":0,"max_hp_gain":0,"max_hp_loss":0,"event_name":"Colosseum","floor":21,"gold_loss":0},{"damage_healed":0,"gold_gain":0,"player_choice":"Ignored","damage_taken":0,"max_hp_gain":0,"max_hp_loss":0,"event_name":"Ghosts","floor":22,"gold_loss":0}],"is_beta":false,"boss_relics":[{"not_picked":["Inserter","Lizard Tail"],"picked":"Empty Cage"}],"items_purged_floors":[13],"is_endless":false,"potions_floor_spawned":[3,4,6,21,24],"killed_by":"Gremlin Leader","ascension_level":1}