{"gold_per_floor":[216,231,245,255,42,42,42,42,67,77,91,104,104,104,104,209,209,221,221,221,241,241,241,252,252,301,325,262,309,332,376,388,501,513,540,53,53,15,15,15,27,27,107,107,107,107,117,217,217,217,217,217,72,106,106],"floor_reached":55,"playtime":1543,"items_purged":["Strike_B"],"score":695,"play_id":"900043ab-69d7-466d-b705-516f3f30f1b9","local_time":"20190315205207","is_ascension_mode":false,"campfire_choices":[{"data":"Zap","floor":6,"key":"SMITH"},{"data":"Defragment","floor":8,"key":"SMITH"},{"floor":13,"key":"REST"},{"data":"White Noise","floor":15,"key":"SMITH"},{"floor":23,"key":"REST"},{"floor":25,"key":"REST"},{"floor":32,"key":"REST"},{"floor":40,"key":"RECALL"},{"floor":42,"key":"REST"},{"floor":49,"key":"REST"},{"floor":52,"key":"REST"}],"neow_cost":"NONE","seed_source_timestamp":72564344600582,"circlet_count":0,"master_deck":["Defend_B","Defend_B","Defend_B","Zap+1","Dualcast","Steam","Defragment+1","White Noise+1","Loop","Self Repair","Electrodynamics","Ball Lightning","BootSequence","Hello World","Redo","Machine Learning","Defragment+1","Echo Form","Echo Form","Storm","Apotheosis","Self Repair","Auto Shields+1"],"relics":["Cracked Core","Art of War","Omamori","Fusion Hammer","DataDisk","Pantograph","MawBank","Bottled Tornado","Nunchaku","Empty Cage","Dodecahedron","Ancient Tea Set","Letter Opener","Calipers","Happy Flower","Pen Nib"],"potions_floor_usage":[12,27,33,50,50],"damage_taken":[{"damage":1,"enemies":"Cultist","floor":1,"turns":3},{"damage":1,"enemies":"Jaw Worm","floor":2,"turns":3},{"damage":0,"enemies":"2 Louse","floor":3,"turns":3},{"damage":0,"enemies":"Blue Slaver","floor":4,"turns":4},{"damage":5,"enemies":"Looter","floor":10,"turns":2},{"damage":21,"enemies":"Exordium Wildlife","floor":11,"turns":4},{"damage":7,"enemies":"Lots of Slimes","floor":12,"turns":2},{"damage":69,"enemies":"Slime Boss","floor":16,"turns":9},{"damage":20,"enemies":"Shell Parasite","floor":18,"turns":5},{"damage":0,"enemies":"Chosen","floor":21,"turns":4},{"damage":14,"enemies":"Snake Plant","floor":24,"turns":3},{"damage":10,"enemies":"Cultist and Chosen","floor":27,"turns":4},{"damage":44,"enemies":"Book of Stabbing","floor":29,"turns":6},{"damage":10,"enemies":"Sentry and Sphere","floor":30,"turns":3},{"damage":0,"enemies":"Gremlin Leader","floor":31,"turns":4},{"damage":26,"enemies":"Champ","floor":33,"turns":7},{"damage":0,"enemies":"3 Shapes","floor":35,"turns":2},{"damage":0,"enemies":"3 Darklings","floor":41,"turns":3},{"damage":21,"enemies":"Transient","floor":47,"turns":5},{"damage":0,"enemies":"Mind Bloom Boss Battle","floor":48,"turns":3},{"damage":17,"enemies":"Donu and Deca","floor":50,"turns":4},{"damage":76,"enemies":"Shield and Spear","floor":54,"turns":4},{"damage":61,"enemies":"The Heart","floor":55,"turns":3}],"seed_played":"-9099744889892156320","potions_obtained":[{"floor":1,"key":"Explosive Potion"},{"floor":10,"key":"FearPotion"},{"floor":12,"key":"Ancient Potion"},{"floor":24,"key":"Block Potion"},{"floor":29,"key":"EssenceOfSteel"},{"floor":33,"key":"Strength Potion"}],"is_trial":false,"path_per_floor":["M","?","M","M","?","?","?","T","?","M","$","?","$","M","?","T","?"],"character_chosen":"DEFECT","items_purchased":["Art of War","White Noise","Storm","Dodecahedron","Ancient Tea Set","Self Repair","Happy Flower"],"campfire_rested":7,"item_purchase_floors":[5,5,36,36,36,38,53],"current_hp_per_floor":[74,73,73,73,73,73,73,73,73,68,47,47,69,74,74,5,80,67,67,67,67,67,80,73,80,80,77,77,40,37,44,68,61,80,80,80,80,80,80,80,80,80,80,80,80,80,79,80,80,73,80,80,80,34,0],"gold":106,"neow_bonus":"HUNDRED_GOLD","is_prod":false,"is_daily":false,"chose_seed":false,"campfire_upgraded":3,"win_rate":0,"timestamp":1552679527,"path_taken":["M","?","M","M","$","R","?","R","T","M","?","?","R","?","R","BOSS","M","?","?","M","?","R","M","R","T","M","?","E","?","E","R","BOSS","M","?","?","?","$","R","?","R","T","$","?","?","M","?","R","BOSS","R","$","E","BOSS"],"build_version":"2019-01-23","purchased_purges":1,"victory":false,"max_hp_per_floor":[75,75,75,75,75,75,75,75,75,75,75,75,75,80,80,80,80,80,80,80,80,80,80,80,80,80,80,80,80,80,80,80,80,80,80,80,80,80,80,80,80,80,80,80,80,80,80,80,80,80,80,80,80,80,80],"card_choices":[{"not_picked":["Rip and Tear","Scrape","Barrage"],"picked":"SKIP","floor":1},{"not_picked":["Coolheaded","Compile Driver","Go for the Eyes"],"picked":"SKIP","floor":2},{"not_picked":["Steam Power","Lockon"],"picked":"Steam","floor":3},{"not_picked":["Rebound","Amplify"],"picked":"Defragment","floor":4},{"not_picked":["Chaos","Redo"],"picked":"Loop","floor":10},{"not_picked":["Steam Power","Barrage"],"picked":"Self Repair","floor":11},{"not_picked":["Darkness","Streamline","Turbo"],"picked":"SKIP","floor":12},{"not_picked":["Meteor Strike","Creative AI"],"picked":"Electrodynamics","floor":16},{"not_picked":["Skim","Barrage"],"picked":"Ball Lightning","floor":18},{"not_picked":["Lockon","Turbo"],"picked":"Redo","floor":21},{"not_picked":["Genetic Algorithm+1","Sweeping Beam","Lockon"],"picked":"SKIP","floor":24},{"not_picked":["Rebound","Beam Cell"],"picked":"Machine Learning","floor":27},{"not_picked":["Ball Lightning","Gash+1"],"picked":"Defragment+1","floor":29},{"not_picked":["Compile Driver+1","Recycle"],"picked":"Echo Form","floor":30},{"not_picked":["Turbo","Sweeping Beam","Melter+1"],"picked":"SKIP","floor":31},{"not_picked":["Thunder Strike","Multi-Cast"],"picked":"Echo Form","floor":33},{"not_picked":["Go for the Eyes","Gash+1","Darkness+1"],"picked":"SKIP","floor":35},{"not_picked":["PanicButton","Blind"],"picked":"Apotheosis","floor":37},{"not_picked":["Hello World","Compile Driver","Gash"],"picked":"SKIP","floor":41},{"not_picked":["Leap+1","Auto Shields+1","Compile Driver"],"picked":"SKIP","floor":47},{"not_picked":["Ball Lightning","Reprogram+1"],"picked":"Auto Shields+1","floor":54}],"player_experience":327270,"relics_obtained":[{"floor":9,"key":"Omamori"},{"floor":22,"key":"Pantograph"},{"floor":26,"key":"MawBank"},{"floor":29,"key":"Bottled Tornado"},{"floor":31,"key":"Nunchaku"},{"floor":46,"key":"Letter Opener"},{"floor":48,"key":"Calipers"},{"floor":54,"key":"Pen Nib"}],"event_choices":[{"damage_healed":0,"gold_gain":0,"player_choice":"Cursed","damage_taken":0,"max_hp_gain":0,"max_hp_loss":0,"event_name":"Wheel of Change","floor":7,"gold_loss":0,"cards_obtained":["Decay"]},{"damage_healed":0,"gold_gain":0,"player_choice":"Donut","damage_taken":0,"max_hp_gain":5,"max_hp_loss":0,"event_name":"Big Fish","floor":14,"gold_loss":0},{"damage_healed":0,"gold_gain":0,"player_choice":"Opened","damage_taken":0,"relics_obtained":["DataDisk"],"max_hp_gain":0,"max_hp_loss":0,"event_name":"The Mausoleum","floor":19,"gold_loss":0,"cards_obtained":["Writhe"]},{"damage_healed":0,"gold_gain":0,"cards_transformed":["Strike_B","Defend_B"],"player_choice":"Became Test Subject","damage_taken":0,"max_hp_gain":0,"max_hp_loss":0,"event_name":"Drug Dealer","floor":20,"gold_loss":0,"cards_obtained":["BootSequence","Hello World"]},{"cards_removed":["Decay"],"damage_healed":0,"gold_gain":0,"player_choice":"Gave Gold","damage_taken":0,"max_hp_gain":0,"max_hp_loss":0,"event_name":"Beggar","floor":28,"gold_loss":75},{"damage_healed":0,"gold_gain":0,"player_choice":"Memory 1","damage_taken":0,"max_hp_gain":0,"max_hp_loss":0,"event_name":"SensoryStone","floor":37,"gold_loss":0},{"damage_healed":0,"gold_gain":0,"player_choice":"Ignored","damage_taken":0,"max_hp_gain":0,"max_hp_loss":0,"event_name":"Mysterious Sphere","floor":45,"gold_loss":0},{"damage_healed":0,"gold_gain":0,"player_choice":"Fight","damage_taken":0,"max_hp_gain":0,"max_hp_loss":0,"event_name":"MindBloom","floor":48,"gold_loss":0}],"is_beta":false,"boss_relics":[{"not_picked":["Sozu","FrozenCore"],"picked":"Fusion Hammer"},{"not_picked":["Coffee Dripper","Snecko Eye"],"picked":"Empty Cage"}],"items_purged_floors":[36],"is_endless":false,"potions_floor_spawned":[1,10,12,24,29,33,48],"killed_by":"The Heart","ascension_level":0}