{"gold_per_floor":[117,67,67,83,100,100,134,150,150,160,160,180,32,47,47,142,142,162,179,191,204,204,204,239,239,239,258,274,292,292,192,192,288,288,301,5,24,0,19,19,29,44,44,61,76,76,76,76,76,76],"floor_reached":51,"playtime":3501,"items_purged":["Strike_R","Strike_R"],"score":652,"play_id":"4a63a947-ad66-4276-a82a-6e0cc5fdbd62","local_time":"20180910040251","is_ascension_mode":false,"campfire_choices":[{"data":"Armaments","floor":6,"key":"SMITH"},{"data":"Bash","floor":11,"key":"SMITH"},{"data":"True Grit","floor":15,"key":"SMITH"},{"data":"Demon Form","floor":23,"key":"SMITH"},{"floor":25,"key":"REST"},{"floor":30,"key":"REST"},{"data":"Shockwave","floor":32,"key":"SMITH"},{"data":"Inflame","floor":40,"key":"SMITH"},{"floor":46,"key":"REST"},{"data":"Offering","floor":49,"key":"SMITH"}],"neow_cost":"","seed_source_timestamp":0,"circlet_count":0,"master_deck":["Strike_R","Strike_R","Defend_R","Defend_R","Defend_R","Defend_R","Bash+1","Twin Strike","Armaments+1","Flex","Flex","Iron Wave","Inflame+1","True Grit+1","Demon Form+1","Battle Trance","Shrug It Off","RitualDagger","Flame Barrier","Thunderclap","Cleave","Shockwave+1","Offering+1","Pommel Strike","Warcry","Cleave","Reaper"],"special_seed":0,"relics":["Burning Blood","Dream Catcher","Bottled Lightning","Self Forming Clay","Cursed Key","Gremlin Horn","Eternal Feather","Paper Frog","Red Mask","FossilizedHelix"],"potions_floor_usage":[33,50],"damage_taken":[{"damage":6.0,"enemies":"Cultist","floor":1.0,"turns":3.0},{"damage":0,"enemies":"Small Slimes","floor":4,"turns":3},{"damage":5,"enemies":"2 Louse","floor":5,"turns":3},{"damage":15,"enemies":"Lagavulin","floor":7,"turns":7},{"damage":2,"enemies":"Blue Slaver","floor":8,"turns":4},{"damage":7,"enemies":"3 Louse","floor":10,"turns":3},{"damage":5,"enemies":"Lots of Slimes","floor":12,"turns":6},{"damage":3,"enemies":"Gremlin Gang","floor":14,"turns":4},{"damage":35,"enemies":"The Guardian","floor":16,"turns":12},{"damage":20,"enemies":"Shell Parasite","floor":18,"turns":6},{"damage":0,"enemies":"Chosen","floor":19,"turns":4},{"damage":21,"enemies":"Snake Plant","floor":20,"turns":4},{"damage":9,"enemies":"Centurion and Healer","floor":21,"turns":6},{"damage":18,"enemies":"Book of Stabbing","floor":24,"turns":6},{"damage":27,"enemies":"3 Cultists","floor":27,"turns":7},{"damage":3,"enemies":"Snecko","floor":28,"turns":6},{"damage":1,"enemies":"Centurion and Healer","floor":29,"turns":9},{"damage":28,"enemies":"Champ","floor":33,"turns":8},{"damage":11,"enemies":"3 Shapes","floor":35,"turns":10},{"damage":6,"enemies":"Orb Walker","floor":37,"turns":2},{"damage":14,"enemies":"Sphere and 2 Shapes","floor":39,"turns":5},{"damage":45,"enemies":"Spire Growth","floor":41,"turns":6},{"damage":11,"enemies":"3 Darklings","floor":42,"turns":5},{"damage":0,"enemies":"Jaw Worm Horde","floor":44,"turns":3},{"damage":24,"enemies":"Sphere and 2 Shapes","floor":45,"turns":6},{"damage":18,"enemies":"Mind Bloom Boss Battle","floor":47,"turns":6},{"damage":67,"enemies":"Awakened One","floor":50,"turns":12}],"seed_played":"-3274633782181440909","potions_obtained":[{"floor":1,"key":"Regen Potion"},{"floor":4,"key":"Energy Potion"},{"floor":10,"key":"Energy Potion"},{"floor":12,"key":"SteroidPotion"},{"floor":29,"key":"FairyPotion"},{"floor":41,"key":"Energy Potion"}],"is_trial":false,"path_per_floor":["M","?","?","M","M","R","E","M","T","M","R","M","$","M","R","B",null,"M","M","M","M","?","R","E","R","T","M","M","M","R","$","R","B",null,"M","$","M","?","M","R","M","M","T","M","M","R","?","T","R","B"],"character_chosen":"IRONCLAD","items_purchased":["Inflame","Paper Frog","Pommel Strike"],"campfire_rested":3,"item_purchase_floors":[13,36,36],"current_hp_per_floor":[80,80,77,80,80,80,71,75,75,74,74,75,75,78,78,49,80,66,72,57,54,48,48,36,60,60,39,42,47,71,71,71,49,80,75,75,75,75,67,80,41,36,36,42,24,63,79,79,80,73],"gold":76,"neow_bonus":"","is_prod":false,"is_daily":false,"chose_seed":false,"campfire_upgraded":7,"win_rate":0.0,"timestamp":1536544971,"path_taken":["M","?","?","?","M","R","E","M","T","?","R","M","$","M","R","BOSS","M","?","M","?","?","R","E","R","T","M","M","M","R","?","R","BOSS","M","$","M","?","M","R","M","M","T","M","?","R","?","?","R","BOSS"],"build_version":"2018-09-06","purchased_purges":2,"victory":true,"max_hp_per_floor":[80,80,80,80,80,80,80,80,80,80,80,80,80,80,80,80,80,80,80,80,80,80,80,80,80,80,80,80,80,80,80,80,80,80,80,80,80,80,80,80,80,80,80,80,80,80,80,80,80,80],"card_choices":[{"not_picked":["Carnage","Corruption"],"picked":"Twin Strike","floor":1},{"not_picked":["Burning Pact","Dual Wield","Ghostly Armor"],"picked":"SKIP","floor":4},{"not_picked":["Ghostly Armor","Hemokinesis"],"picked":"Armaments","floor":5},{"not_picked":["Blood for Blood","Pummel"],"picked":"Flex","floor":7},{"not_picked":["Seeing Red","Clash","Armaments"],"picked":"SKIP","floor":8},{"not_picked":["Armaments","Twin Strike"],"picked":"Flex","floor":10},{"not_picked":["Body Slam","Feel No Pain"],"picked":"Iron Wave","floor":12},{"not_picked":["Metallicize","Clash"],"picked":"True Grit","floor":14},{"not_picked":["Juggernaut","Brutality"],"picked":"Demon Form","floor":16},{"not_picked":["Warcry","Inflame"],"picked":"Battle Trance","floor":18},{"not_picked":["Metallicize","Armaments"],"picked":"Shrug It Off","floor":19},{"not_picked":["Sword Boomerang","Anger","Clothesline+1"],"picked":"SKIP","floor":20},{"not_picked":["True Grit","Armaments","Clash"],"picked":"SKIP","floor":21},{"not_picked":["Warcry","Twin Strike+1"],"picked":"Flame Barrier","floor":24},{"not_picked":["Bloodletting","Body Slam"],"picked":"Thunderclap","floor":27},{"not_picked":["Flex","Sword Boomerang+1","Fiend Fire"],"picked":"SKIP","floor":28},{"not_picked":["Clash","Twin Strike"],"picked":"Cleave","floor":29},{"not_picked":["Anger","Searing Blow"],"picked":"Shockwave","floor":30},{"not_picked":["Feed","Berserk"],"picked":"Offering","floor":33},{"not_picked":["Second Wind+1","Body Slam+1","Clash"],"picked":"SKIP","floor":35},{"not_picked":["Headbutt","Shrug It Off+1"],"picked":"Warcry","floor":37},{"not_picked":["Headbutt","Dropkick+1","Armaments"],"picked":"SKIP","floor":39},{"not_picked":["Intimidate","Pummel"],"picked":"Cleave","floor":41},{"not_picked":["Fire Breathing","Perfected Strike+1","Armaments+1"],"picked":"SKIP","floor":42},{"not_picked":["Entrench","Sever Soul","Iron Wave+1"],"picked":"SKIP","floor":44},{"not_picked":["Dual Wield+1","True Grit","Cleave"],"picked":"SKIP","floor":45},{"not_picked":["Shrug It Off+1","Blood for Blood+1"],"picked":"Reaper","floor":46}],"player_experience":0,"relics_obtained":[{"floor":7,"key":"Bottled Lightning"},{"floor":9,"key":"Self Forming Clay"},{"floor":24,"key":"Gremlin Horn"},{"floor":47,"key":"FossilizedHelix"}],"event_choices":[{"event_name":"The Cleric","player_choice":"Card Removal","floor":2,"damage_taken":0},{"event_name":"Scrap Ooze","player_choice":"success","floor":3,"damage_taken":3},{"event_name":"Nest","player_choice":"Joined the Cult","floor":22,"damage_taken":0},{"event_name":"Tomb of Lord Red Mask","player_choice":"Paid","floor":38,"damage_taken":0},{"event_name":"MindBloom","player_choice":"Fight","floor":47,"damage_taken":0}],"is_beta":true,"boss_relics":[{"not_picked":["Mark of Pain","Philosopher\u0027s Stone"],"picked":"Cursed Key"},{"not_picked":["Lizard Tail","Runic Pyramid"],"picked":"Eternal Feather"}],"items_purged_floors":[13,31],"is_endless":false,"potions_floor_spawned":[1,4,10,12,18,21,29,41,42,44,45],"ascension_level":0}