{"gold_per_floor":[114,114,46,46,7,21,31,49,49,49,49,66,85,85,85,188,188,204,219,318,318,318,318,336,336],"floor_reached":25,"playtime":1483,"items_purged":[],"score":193,"play_id":"d1d406dc-9463-41c6-85f4-12e0eb2884e7","local_time":"20190205181656","is_ascension_mode":false,"campfire_choices":[{"floor":10,"key":"REST"},{"floor":15,"key":"REST"},{"floor":23,"key":"REST"}],"neow_cost":"NONE","seed_source_timestamp":114524931164413,"circlet_count":0,"master_deck":["Strike_R","Strike_R","Strike_R","Strike_R","Defend_R","Defend_R","Defend_R","Defend_R","Bash","Spot Weakness","Inflame","Inflame","Heavy Blade","Flex","Heavy Blade","Heavy Blade","Shrug It Off","Armaments"],"relics":["Burning Blood","Sundial","Orrery"],"potions_floor_usage":[16,16,18,24],"damage_taken":[{"damage":1,"enemies":"Cultist","floor":1,"turns":3},{"damage":10,"enemies":"Jaw Worm","floor":6,"turns":4},{"damage":2,"enemies":"Small Slimes","floor":7,"turns":4},{"damage":23,"enemies":"Red Slaver","floor":8,"turns":4},{"damage":31,"enemies":"Exordium Wildlife","floor":12,"turns":4},{"damage":9,"enemies":"2 Fungi Beasts","floor":13,"turns":4},{"damage":16,"enemies":"Slime Boss","floor":16,"turns":7},{"damage":16,"enemies":"Shell Parasite","floor":18,"turns":6},{"damage":58,"enemies":"3 Byrds","floor":19,"turns":7},{"damage":37,"enemies":"Shelled Parasite and Fungi","floor":24,"turns":8},{"damage":20,"enemies":"Gremlin Leader","floor":25,"turns":4}],"seed_played":"-1501032464397773762","potions_obtained":[{"floor":7,"key":"Dexterity Potion"},{"floor":8,"key":"Fire Potion"},{"floor":13,"key":"AttackPotion"},{"floor":16,"key":"Block Potion"},{"floor":19,"key":"Ancient Potion"}],"is_trial":false,"path_per_floor":["?","$","?","M","M","?","?","?","?"],"character_chosen":"IRONCLAD","items_purchased":["Inflame","Inflame"],"campfire_rested":3,"item_purchase_floors":[3,5],"current_hp_per_floor":[80,73,73,78,78,74,78,61,61,85,85,60,57,57,82,72,85,75,23,23,23,23,48,17,0],"gold":336,"neow_bonus":"THREE_CARDS","is_prod":false,"is_daily":false,"chose_seed":false,"campfire_upgraded":0,"win_rate":0,"timestamp":1549387016,"path_taken":["M","?","?","?","$","?","M","M","T","R","$","?","M","?","R","BOSS","M","M","?","?","?","R","M","E"],"build_version":"2019-01-23","purchased_purges":0,"victory":false,"max_hp_per_floor":[80,80,80,85,85,85,85,85,85,85,85,85,85,85,85,85,85,85,85,85,85,85,85,85,85],"card_choices":[{"not_picked":["Anger","Thunderclap"],"picked":"Spot Weakness","floor":0},{"not_picked":["Wild Strike","Uppercut","Body Slam"],"picked":"SKIP","floor":1},{"not_picked":["Thunderclap","Dropkick"],"picked":"Heavy Blade","floor":6},{"not_picked":["Entrench","Blood for Blood"],"picked":"Flex","floor":7},{"not_picked":["Flame Barrier","Barricade","Battle Trance"],"picked":"SKIP","floor":8},{"not_picked":["Iron Wave","Flame Barrier","Hemokinesis"],"picked":"SKIP","floor":12},{"not_picked":["Sever Soul","Clash","True Grit"],"picked":"SKIP","floor":13},{"not_picked":["Carnage","Flex"],"picked":"Heavy Blade","floor":17},{"not_picked":["Warcry","Shockwave"],"picked":"Heavy Blade","floor":17},{"not_picked":["Disarm","Perfected Strike"],"picked":"Shrug It Off","floor":17},{"not_picked":["Burning Pact+1","Rupture+1","Body Slam+1"],"picked":"SKIP","floor":18},{"not_picked":["Havoc","Second Wind"],"picked":"Armaments","floor":19},{"not_picked":["Uppercut","Bloodletting","Sever Soul+1"],"picked":"SKIP","floor":24}],"player_experience":96245,"relics_obtained":[{"floor":9,"key":"Sundial"}],"event_choices":[{"cards_removed":["Strike_R"],"damage_healed":0,"gold_gain":0,"player_choice":"Card Removal","damage_taken":7,"max_hp_gain":0,"max_hp_loss":0,"event_name":"Golden Wing","floor":2,"gold_loss":0},{"damage_healed":0,"gold_gain":0,"player_choice":"Donut","damage_taken":0,"max_hp_gain":5,"max_hp_loss":0,"event_name":"Big Fish","floor":4,"gold_loss":0},{"damage_healed":0,"gold_gain":0,"player_choice":"Leave","damage_taken":0,"max_hp_gain":0,"max_hp_loss":0,"event_name":"FaceTrader","floor":14,"gold_loss":0},{"damage_healed":0,"gold_gain":99,"player_choice":"Stole From Cult","damage_taken":0,"max_hp_gain":0,"max_hp_loss":0,"event_name":"Nest","floor":20,"gold_loss":0},{"damage_healed":0,"gold_gain":0,"player_choice":"Ignored","damage_taken":0,"max_hp_gain":0,"max_hp_loss":0,"event_name":"Cursed Tome","floor":21,"gold_loss":0},{"damage_healed":0,"gold_gain":0,"player_choice":"0 cards matched","damage_taken":0,"max_hp_gain":0,"max_hp_loss":0,"event_name":"Match and Keep!","floor":22,"gold_loss":0,"cards_obtained":[]}],"is_beta":false,"boss_relics":[{"not_picked":["Black Star","Snecko Eye"],"picked":"Orrery"}],"items_purged_floors":[],"is_endless":false,"potions_floor_spawned":[7,8,13,16,19],"killed_by":"Gremlin Leader","ascension_level":0}