{"gold_per_floor":[113,113,113,125,125,160,175,175,175,188,204,229,229,242,242,315,315,333,112,112,162,173,173,173],"floor_reached":24,"playtime":937,"items_purged":["Strike_R"],"score":404,"play_id":"06cf9718-2998-4848-8261-8d2579cbb560","local_time":"20190319223506","is_ascension_mode":true,"campfire_choices":[{"data":"Evolve","floor":8.0,"key":"SMITH"},{"floor":15.0,"key":"REST"},{"data":"Demon Form","floor":23,"key":"SMITH"}],"neow_cost":"NONE","seed_source_timestamp":8864696857067,"circlet_count":0,"master_deck":["AscendersBane","Defend_R+1","Defend_R","Defend_R","Defend_R","Bash+1","Corruption","Metallicize","Evolve+1","Wild Strike","Wild Strike","Demon Form+1","Limit Break","Searing Blow+1","Sword Boomerang+1","Feel No Pain+1","Power Through+1","Ghostly","Ghostly","Ghostly","Pummel"],"special_seed":0,"relics":["Burning Blood","NeowsBlessing","Mercury Hourglass","Letter Opener","Lantern","Champion Belt","Astrolabe","Omamori"],"potions_floor_usage":[22],"damage_taken":[{"damage":0.0,"enemies":"Small Slimes","floor":1.0,"turns":1.0},{"damage":0.0,"enemies":"Jaw Worm","floor":4.0,"turns":1.0},{"damage":0.0,"enemies":"3 Sentries","floor":6.0,"turns":1.0},{"damage":6.0,"enemies":"Cultist","floor":7.0,"turns":4.0},{"damage":4.0,"enemies":"2 Fungi Beasts","floor":10.0,"turns":3.0},{"damage":6.0,"enemies":"Lots of Slimes","floor":11.0,"turns":4.0},{"damage":23.0,"enemies":"Gremlin Nob","floor":12.0,"turns":4.0},{"damage":8.0,"enemies":"3 Louse","floor":14.0,"turns":2.0},{"damage":21.0,"enemies":"Hexaghost","floor":16.0,"turns":7.0},{"damage":56.0,"enemies":"3 Byrds","floor":18.0,"turns":5.0},{"damage":19,"enemies":"Spheric Guardian","floor":22,"turns":5},{"damage":12,"enemies":"Centurion and Healer","floor":24,"turns":9}],"seed_played":"-7022338045542116519","potions_obtained":[{"floor":1.0,"key":"FairyPotion"},{"floor":10.0,"key":"PowerPotion"},{"floor":14.0,"key":"Energy Potion"},{"floor":18.0,"key":"Block Potion"}],"is_trial":false,"path_per_floor":["M","?","?","M","?","E","M","R","T","M","M","E","?","M","R","B",null,"M","$","?","?","M","R","M"],"character_chosen":"IRONCLAD","items_purchased":["Omamori"],"campfire_rested":1,"item_purchase_floors":[19],"current_hp_per_floor":[74,51,25,31,24,30,30,30,30,32,32,15,20,18,42,27,67,17,17,17,13,10,10,0],"gold":173,"neow_bonus":"THREE_ENEMY_KILL","is_prod":false,"is_daily":false,"chose_seed":false,"campfire_upgraded":2,"win_rate":0,"timestamp":1553002506,"path_taken":["M","?","?","M","?","E","M","R","T","?","M","E","?","M","R","BOSS","M","$","?","?","M","R","?"],"build_version":"2019-01-23","purchased_purges":1,"victory":false,"max_hp_per_floor":[75,75,75,75,75,75,75,75,75,75,75,75,80,80,80,80,80,80,80,40,40,40,40,40],"card_choices":[{"not_picked":["Perfected Strike","Dual Wield"],"picked":"Corruption","floor":1.0},{"not_picked":["True Grit","Thunderclap"],"picked":"Metallicize","floor":4.0},{"not_picked":["Pommel Strike","Body Slam"],"picked":"Evolve","floor":6.0},{"not_picked":["Rupture","Perfected Strike"],"picked":"Wild Strike","floor":7.0},{"not_picked":["Reckless Charge","Bloodletting","Flex"],"picked":"SKIP","floor":10.0},{"not_picked":["Clash","True Grit"],"picked":"Wild Strike","floor":11.0},{"not_picked":["Blood for Blood","Clash","Cleave"],"picked":"SKIP","floor":12.0},{"not_picked":["Shockwave","Twin Strike"],"picked":"Demon Form","floor":14.0},{"not_picked":["Bludgeon","Immolate"],"picked":"Limit Break","floor":16.0},{"not_picked":["Havoc","Cleave"],"picked":"Power Through+1","floor":18.0},{"not_picked":["Corruption","Warcry"],"picked":"Pummel","floor":22}],"player_experience":445493,"relics_obtained":[{"floor":6.0,"key":"Letter Opener"},{"floor":9.0,"key":"Lantern"},{"floor":12.0,"key":"Champion Belt"}],"event_choices":[{"damage_healed":0.0,"max_hp_gain":0.0,"max_hp_loss":0.0,"gold_gain":0.0,"event_name":"Shining Light","player_choice":"Entered Light","floor":2.0,"gold_loss":0.0,"damage_taken":23.0,"cards_upgraded":["Defend_R","Bash"]},{"damage_healed":0.0,"max_hp_gain":0.0,"max_hp_loss":0.0,"gold_gain":0.0,"event_name":"Scrap Ooze","player_choice":"Success","floor":3.0,"gold_loss":0.0,"damage_taken":26.0,"relics_obtained":["Mercury Hourglass"]},{"cards_removed":["Strike_R"],"damage_healed":0.0,"max_hp_gain":0.0,"max_hp_loss":0.0,"gold_gain":0.0,"event_name":"Golden Wing","player_choice":"Card Removal","floor":5.0,"gold_loss":0.0,"damage_taken":7.0},{"damage_healed":0.0,"max_hp_gain":5.0,"max_hp_loss":0.0,"gold_gain":0.0,"event_name":"Big Fish","player_choice":"Donut","floor":13.0,"gold_loss":0.0,"damage_taken":0.0},{"damage_healed":0.0,"max_hp_gain":0.0,"max_hp_loss":40.0,"gold_gain":0.0,"event_name":"Ghosts","player_choice":"Became a Ghost","floor":20.0,"gold_loss":0.0,"damage_taken":0.0,"cards_obtained":["Ghostly","Ghostly","Ghostly"]},{"damage_healed":0,"gold_gain":50,"player_choice":"Touch","damage_taken":4,"max_hp_gain":0,"max_hp_loss":0,"event_name":"FaceTrader","floor":21,"gold_loss":0}],"is_beta":false,"boss_relics":[{"not_picked":["Fusion Hammer","Tiny House"],"picked":"Astrolabe"}],"items_purged_floors":[19],"is_endless":false,"potions_floor_spawned":[1,10,11,14,18],"killed_by":"Centurion and Healer","ascension_level":15}