{"gold_per_floor":[116,116,116,116,137,137,173,197,197,197,235,254,254,279,279,279],"floor_reached":16,"playtime":718,"items_purged":[],"score":110,"play_id":"2a27b474-57dd-4250-8d85-85c45808ed55","local_time":"20190307133252","is_ascension_mode":false,"campfire_choices":[{"floor":6,"key":"RECALL"},{"floor":10,"key":"REST"},{"floor":13,"key":"REST"},{"floor":15,"key":"REST"}],"neow_cost":"NONE","seed_source_timestamp":170298906146222,"circlet_count":0,"master_deck":["Strike_R","Strike_R","Strike_R","Strike_R","Strike_R","Defend_R","Defend_R","Defend_R","Defend_R","Bash","Clothesline","Shrug It Off","Thunderclap","Flex","Heavy Blade","Flame Barrier"],"relics":["Burning Blood","Golden Idol","Charon\u0027s Ashes","Bottled Flame"],"potions_floor_usage":[16],"damage_taken":[{"damage":0,"enemies":"2 Louse","floor":1,"turns":2},{"damage":3,"enemies":"Jaw Worm","floor":5,"turns":3},{"damage":61,"enemies":"Gremlin Nob","floor":7,"turns":6},{"damage":0,"enemies":"Small Slimes","floor":8,"turns":3},{"damage":23,"enemies":"3 Sentries","floor":11,"turns":6},{"damage":12,"enemies":"Exordium Wildlife","floor":12,"turns":6},{"damage":29,"enemies":"Gremlin Gang","floor":14,"turns":7},{"damage":54,"enemies":"Hexaghost","floor":16,"turns":12}],"seed_played":"-7543132950727643030","potions_obtained":[{"floor":5,"key":"GamblersBrew"},{"floor":12,"key":"SpeedPotion"},{"floor":14,"key":"FearPotion"}],"is_trial":false,"path_per_floor":["?","?","?","M","M"],"character_chosen":"IRONCLAD","items_purchased":[],"campfire_rested":3,"item_purchase_floors":[],"current_hp_per_floor":[80,80,85,79,79,79,24,30,30,53,36,30,53,30,53,0],"gold":279,"neow_bonus":"THREE_CARDS","is_prod":false,"is_daily":false,"chose_seed":false,"campfire_upgraded":0,"win_rate":0,"timestamp":1551961972,"path_taken":["M","?","?","?","?","R","E","M","T","R","E","?","R","M","R","BOSS"],"build_version":"2019-01-23","purchased_purges":0,"victory":false,"max_hp_per_floor":[80,80,85,79,79,79,79,79,79,79,79,79,79,79,79,79],"card_choices":[{"not_picked":["Thunderclap","Headbutt"],"picked":"Clothesline","floor":0},{"not_picked":["Warcry","Clothesline","Perfected Strike"],"picked":"SKIP","floor":1},{"not_picked":["Headbutt","Sword Boomerang"],"picked":"Shrug It Off","floor":5},{"not_picked":["Entrench","Searing Blow"],"picked":"Thunderclap","floor":7},{"not_picked":["True Grit","Burning Pact"],"picked":"Flex","floor":8},{"not_picked":["Immolate","Dual Wield","Havoc"],"picked":"SKIP","floor":11},{"not_picked":["Reckless Charge","Thunderclap"],"picked":"Heavy Blade","floor":12},{"not_picked":["Rupture","True Grit"],"picked":"Flame Barrier","floor":14}],"player_experience":162539,"relics_obtained":[{"floor":7,"key":"Charon\u0027s Ashes"},{"floor":11,"key":"Bottled Flame"}],"event_choices":[{"damage_healed":0,"gold_gain":0,"player_choice":"Ignored","damage_taken":0,"max_hp_gain":0,"max_hp_loss":0,"event_name":"Shining Light","floor":2,"gold_loss":0},{"damage_healed":0,"gold_gain":0,"player_choice":"Donut","damage_taken":0,"max_hp_gain":5,"max_hp_loss":0,"event_name":"Big Fish","floor":3,"gold_loss":0},{"damage_healed":0,"gold_gain":0,"player_choice":"Lose Max HP","damage_taken":0,"relics_obtained":["Golden Idol"],"max_hp_gain":0,"max_hp_loss":6,"event_name":"Golden Idol","floor":4,"gold_loss":0}],"is_beta":false,"boss_relics":[],"items_purged_floors":[],"is_endless":false,"potions_floor_spawned":[5,12,14],"killed_by":"Hexaghost","ascension_level":0}