{"path_per_floor":["M","M","M","?","?","R","M","R","T","R","?","R","?","?","R","B",null,"M","?","M","?","?","R","M","R","T"],"character_chosen":"IRONCLAD","items_purchased":[],"gold_per_floor":[119,130,142,142,142,142,160,160,160,160,125,125,125,175,175,300,300,321,421,441,441,441,441,464,464,464],"floor_reached":27,"campfire_rested":5,"playtime":1168,"current_hp_per_floor":[73,52,34,14,14,38,23,47,47,47,67,67,49,49,73,4,80,67,67,9,9,9,33,13,37,37],"items_purged":[],"gold":464,"play_id":"aeb90d7d-e99a-4bfc-8fcb-286ea66a1796","is_prod":false,"is_daily":false,"is_ascension_mode":false,"campfire_upgraded":2,"path_taken":["M","M","M","?","?","R","M","R","T","R","?","R","?","?","R","BOSS","M","?","M","?","?","R","?","R","T","M"],"build_version":"2018-01-25-PROD3","purchased_purges":0,"victory":false,"master_deck":["Strike_R+1","Strike_R+1","Strike_R+1","Defend_R+1","Defend_R+1","Defend_R+1","Bash","Whirlwind","Searing Blow+2","Headbutt","Injury","Bash","Demon Form","Pummel","Offering","Dark Embrace+1","Battle Trance+1","Brutality+1","Spot Weakness","Combust+1","Writhe","Dark Embrace","Combust"],"max_hp_per_floor":[80,80,80,80,80,80,80,80,80,80,80,80,80,80,80,80,80,80,80,80,80,80,80,80,80,80],"relics":["Runic Pyramid","Golden Idol","Torii","Dodecahedron","Astrolabe","Prayer Wheel","Blood Vial"],"card_choices":[{"not_picked":["Clothesline","Infernal Blade"],"picked":"Whirlwind"},{"not_picked":["Sword Boomerang","Body Slam"],"picked":"Searing Blow"},{"not_picked":["Warcry","True Grit"],"picked":"Headbutt"},{"not_picked":["Dual Wield","Power Through"],"picked":"Pummel"},{"not_picked":["Brutality","Bludgeon"],"picked":"Offering"},{"not_picked":["Sword Boomerang","Heavy Blade"],"picked":"Spot Weakness"},{"not_picked":["Battle Trance","Clothesline"],"picked":"Combust"},{"not_picked":["Shrug It Off","Anger"],"picked":"Dark Embrace"},{"not_picked":["Shrug It Off","Pommel Strike"],"picked":"Combust"}],"player_experience":26813,"potions_floor_usage":[24,24,24],"damage_taken":[{"damage":7.0,"enemies":"Small Slimes","floor":1.0,"turns":3.0},{"damage":21.0,"enemies":"2 Louse","floor":2.0,"turns":3.0},{"damage":18.0,"enemies":"Jaw Worm","floor":3.0,"turns":3.0},{"damage":15.0,"enemies":"Looter","floor":7.0,"turns":4.0},{"damage":69,"enemies":"Hexaghost","floor":16,"turns":9},{"damage":13,"enemies":"Chosen","floor":18,"turns":4},{"damage":58,"enemies":"3 Byrds","floor":20,"turns":5},{"damage":32,"enemies":"3 Cultists","floor":24,"turns":5},{"damage":45,"enemies":"Snake Plant","floor":27,"turns":3}],"event_choices":[{"event_name":"Golden Idol","player_choice":"Take Damage","floor":4.0,"damage_taken":0.0},{"event_name":"Match and Keep!","player_choice":"3 cards matched","floor":5.0,"damage_taken":0.0},{"event_name":"The Cleric","player_choice":"Healed","floor":11.0,"damage_taken":0.0},{"event_name":"Scrap Ooze","player_choice":"success","floor":13.0,"damage_taken":18.0},{"event_name":"Golden Wing","player_choice":"Gained Gold","floor":14.0,"damage_taken":0.0},{"event_name":"Golden Shrine","player_choice":"Pray","floor":19,"damage_taken":0},{"event_name":"Back to Basics","player_choice":"Simplicity","floor":21,"damage_taken":0},{"event_name":"The Mausoleum","player_choice":"Yes","floor":22,"damage_taken":0}],"boss_relics":[{"not_picked":["Runic Dome","Philosopher\u0027s Stone"],"picked":"Astrolabe"}],"potions_floor_spawned":[3,7,16,18],"seed_played":"-1854413722362082039","killed_by":"Snake Plant","ascension_level":0,"is_trial":false}