{"gold_per_floor":[118,118,129,146,159,184,195,195,222,252,263,263,273,290,290,392,392,409,409,396,410,342,342,342],"floor_reached":24,"playtime":850,"items_purged":[],"score":237,"play_id":"fa722a68-6a48-49b0-b2c5-bbedb0ebae56","local_time":"20190320190137","is_ascension_mode":false,"campfire_choices":[{"floor":8,"key":"REST"},{"data":"Blade Dance","floor":12,"key":"SMITH"},{"data":"Accuracy","floor":15,"key":"SMITH"},{"floor":23,"key":"REST"}],"neow_cost":"NONE","seed_source_timestamp":498632738718010,"circlet_count":0,"master_deck":["Defend_G","Defend_G","Defend_G","Defend_G","Defend_G","Survivor","Neutralize","Backstab","Footwork","Blade Dance+1","Dash","Accuracy","Cloak And Dagger","Accuracy+1","Slice","Flying Knee","Acrobatics","Die Die Die","Prepared","Bite","Bite","Bite","Bite","Bite","Backflip","Accuracy"],"relics":["Ring of the Snake","NeowsBlessing","The Specimen","Centennial Puzzle","Smiling Mask","Runic Pyramid","Juzu Bracelet"],"potions_floor_usage":[10,10,16,24],"damage_taken":[{"damage":0,"enemies":"Cultist","floor":1,"turns":1},{"damage":0,"enemies":"Small Slimes","floor":3,"turns":1},{"damage":0,"enemies":"Jaw Worm","floor":4,"turns":1},{"damage":8,"enemies":"2 Fungi Beasts","floor":5,"turns":4},{"damage":19,"enemies":"Lagavulin","floor":6,"turns":10},{"damage":0,"enemies":"Looter","floor":7,"turns":3},{"damage":12,"enemies":"Gremlin Nob","floor":10,"turns":5},{"damage":3,"enemies":"Large Slime","floor":11,"turns":5},{"damage":0,"enemies":"3 Louse","floor":13,"turns":4},{"damage":0,"enemies":"Looter","floor":14,"turns":2},{"damage":18,"enemies":"Hexaghost","floor":16,"turns":12},{"damage":0,"enemies":"Chosen","floor":18,"turns":4},{"damage":14,"enemies":"2 Thieves","floor":20,"turns":4},{"damage":36,"enemies":"Cultist and Chosen","floor":21,"turns":7},{"damage":37,"enemies":"Book of Stabbing","floor":24,"turns":4}],"seed_played":"-2402403835285940715","potions_obtained":[{"floor":1,"key":"EssenceOfSteel"},{"floor":3,"key":"SmokeBomb"},{"floor":6,"key":"GhostInAJar"},{"floor":10,"key":"Fire Potion"},{"floor":13,"key":"Explosive Potion"},{"floor":16,"key":"Strength Potion"},{"floor":21,"key":"Block Potion"}],"is_trial":false,"path_per_floor":["?","M","M","?","?"],"character_chosen":"THE_SILENT","items_purchased":[],"campfire_rested":2,"item_purchase_floors":[],"current_hp_per_floor":[70,70,70,70,62,43,43,64,64,52,49,49,49,49,49,31,70,70,49,41,17,17,31,0],"gold":342,"neow_bonus":"THREE_ENEMY_KILL","is_prod":false,"is_daily":false,"chose_seed":false,"campfire_upgraded":2,"win_rate":0,"timestamp":1553104897,"path_taken":["M","?","M","?","M","E","M","R","T","E","M","R","M","?","R","BOSS","M","?","M","M","?","R","E"],"build_version":"2019-01-23","purchased_purges":0,"victory":false,"max_hp_per_floor":[70,70,70,70,70,70,70,70,70,70,70,70,70,70,70,70,70,70,49,49,49,49,49,49],"card_choices":[{"not_picked":["Acrobatics","Leg Sweep"],"picked":"Backstab","floor":1},{"not_picked":["Prepared","Dagger Spray"],"picked":"Footwork","floor":3},{"not_picked":["Deflect","Flying Knee"],"picked":"Blade Dance","floor":4},{"not_picked":["Flechettes","Deflect"],"picked":"Dash","floor":5},{"not_picked":["Dagger Throw","Crippling Poison"],"picked":"Accuracy","floor":6},{"not_picked":["After Image","Expertise"],"picked":"Cloak And Dagger","floor":7},{"not_picked":["Escape Plan","Deadly Poison"],"picked":"Accuracy","floor":10},{"not_picked":["Flying Knee","Skewer"],"picked":"Slice","floor":11},{"not_picked":["Backflip","Noxious Fumes"],"picked":"Flying Knee","floor":13},{"not_picked":["Dodge and Roll","Deadly Poison"],"picked":"Acrobatics","floor":14},{"not_picked":["Tools of the Trade","Unload"],"picked":"Die Die Die","floor":16},{"not_picked":["Poisoned Stab+1","Acrobatics"],"picked":"Prepared","floor":18},{"not_picked":["Slice","Predator"],"picked":"Backflip","floor":20},{"not_picked":["Dodge and Roll+1","Quick Slash+1"],"picked":"Accuracy","floor":21}],"player_experience":439335,"relics_obtained":[{"floor":6,"key":"The Specimen"},{"floor":9,"key":"Centennial Puzzle"},{"floor":10,"key":"Smiling Mask"}],"event_choices":[{"damage_healed":0,"gold_gain":0,"player_choice":"Bought 0 Potions","damage_taken":0,"max_hp_gain":0,"max_hp_loss":0,"event_name":"The Woman in Blue","floor":2,"gold_loss":0},{"damage_healed":0,"gold_gain":0,"player_choice":"Became a vampire","damage_taken":0,"max_hp_gain":0,"max_hp_loss":21,"event_name":"Vampires","floor":19,"gold_loss":0,"cards_obtained":["Bite","Bite","Bite","Bite","Bite"]},{"damage_healed":0,"gold_gain":0,"player_choice":"Paid Gold","damage_taken":0,"relics_obtained":["Juzu Bracelet"],"max_hp_gain":0,"max_hp_loss":0,"event_name":"WeMeetAgain","floor":22,"gold_loss":68}],"is_beta":false,"boss_relics":[{"not_picked":["Runic Dome","Eternal Feather"],"picked":"Runic Pyramid"}],"items_purged_floors":[],"is_endless":false,"potions_floor_spawned":[1,3,6,10,13,16,20,21],"killed_by":"Book of Stabbing","ascension_level":0}