{"gold_per_floor":[110,127,77,90,106,106,124,136,159,159,215,232,232,244,244,343,343,361,390,410,460,43,43,68,68,94,94,110,25,25,35,35,35],"floor_reached":33,"playtime":1315,"items_purged":[],"score":404,"play_id":"ddccd5fa-88ac-4ab7-b00d-f9f4be21c686","local_time":"20181114123423","is_ascension_mode":true,"campfire_choices":[{"data":"Bouncing Flask","floor":6.0,"key":"SMITH"},{"data":"Corpse Explosion","floor":10.0,"key":"SMITH"},{"data":"All Out Attack","floor":13.0,"key":"SMITH"},{"floor":15.0,"key":"REST"},{"data":"Well Laid Plans","floor":23.0,"key":"SMITH"},{"data":"Riddle With Holes","floor":25.0,"key":"SMITH"},{"data":"Blur","floor":30.0,"key":"SMITH"},{"data":"Predator","floor":32.0,"key":"SMITH"}],"neow_cost":"NONE","seed_source_timestamp":260869555613940,"circlet_count":0,"master_deck":["AscendersBane","Defend_G","Defend_G","Defend_G","Defend_G","Defend_G","Strike_G","Strike_G","Strike_G","Strike_G","Survivor","Neutralize","Bouncing Flask+1","Quick Slash","Dagger Throw","PiercingWail","Corpse Explosion+1","Cloak And Dagger","Well Laid Plans+1","All Out Attack+1","Unload","Quick Slash+1","Blur+1","Riddle With Holes+1","Acrobatics","Quick Slash","Predator+1"],"special_seed":0,"relics":["Velvet Choker","Ancient Tea Set","Tiny Chest","Coffee Dripper","Red Mask","Potion Belt","Bottled Tornado","Vajra","Bag of Preparation","Bag of Marbles","Dream Catcher"],"potions_floor_usage":[33,33],"damage_taken":[{"damage":0.0,"enemies":"Jaw Worm","floor":1.0,"turns":6.0},{"damage":7.0,"enemies":"2 Louse","floor":2.0,"turns":4.0},{"damage":3.0,"enemies":"Small Slimes","floor":4.0,"turns":3.0},{"damage":20.0,"enemies":"2 Fungi Beasts","floor":5.0,"turns":4.0},{"damage":1.0,"enemies":"Blue Slaver","floor":7.0,"turns":3.0},{"damage":0.0,"enemies":"Looter","floor":8.0,"turns":4.0},{"damage":5.0,"enemies":"3 Sentries","floor":11.0,"turns":2.0},{"damage":0.0,"enemies":"2 Fungi Beasts","floor":12.0,"turns":2.0},{"damage":4.0,"enemies":"Gremlin Gang","floor":14.0,"turns":3.0},{"damage":7.0,"enemies":"Hexaghost","floor":16.0,"turns":9.0},{"damage":11.0,"enemies":"Shell Parasite","floor":18.0,"turns":5.0},{"damage":0.0,"enemies":"Masked Bandits","floor":19.0,"turns":2.0},{"damage":0.0,"enemies":"Spheric Guardian","floor":20.0,"turns":3.0},{"damage":16.0,"enemies":"Slavers","floor":24.0,"turns":4.0},{"damage":0.0,"enemies":"Colosseum Slavers","floor":27.0,"turns":2.0},{"damage":0.0,"enemies":"Snecko","floor":28.0,"turns":3.0},{"damage":0.0,"enemies":"Cultist and Chosen","floor":31.0,"turns":3.0},{"damage":46,"enemies":"Collector","floor":33,"turns":5}],"seed_played":"3879074714070832233","potions_obtained":[{"floor":2.0,"key":"Poison Potion"},{"floor":4.0,"key":"FearPotion"},{"floor":11.0,"key":"Swift Potion"},{"floor":16.0,"key":"LiquidBronze"},{"floor":18.0,"key":"SkillPotion"},{"floor":19.0,"key":"Fire Potion"},{"floor":20.0,"key":"GamblersBrew"},{"floor":31.0,"key":"Fire Potion"}],"is_trial":false,"path_per_floor":["M","M","?","M","M","R","M","M","T","R","E","M","R","M","R","B",null,"M","?","M","T","$","R","E","R","T","?","M","M","?","R","M","R","B"],"character_chosen":"THE_SILENT","items_purchased":["Bottled Tornado","Vajra","Acrobatics"],"campfire_rested":1,"item_purchase_floors":[22,22,22],"current_hp_per_floor":[63,56,56,53,33,33,32,32,32,32,27,27,27,23,44,37,62,51,51,51,51,51,51,35,35,35,35,35,35,35,35,35,0],"gold":35,"neow_bonus":"BOSS_RELIC","is_prod":false,"is_daily":false,"chose_seed":false,"campfire_upgraded":7,"win_rate":0,"timestamp":1542224063,"path_taken":["M","M","?","M","M","R","M","M","T","R","E","M","R","M","R","BOSS","M","?","M","?","$","R","E","R","T","?","M","?","R","M","R","BOSS"],"build_version":"2018-11-08","purchased_purges":0,"victory":false,"max_hp_per_floor":[70,70,70,70,70,70,70,70,70,70,70,70,70,70,70,70,70,70,70,70,70,70,70,70,70,70,70,70,70,70,70,70,70],"card_choices":[{"not_picked":["Deadly Poison","Caltrops"],"picked":"Bouncing Flask","floor":1.0},{"not_picked":["Deflect","Outmaneuver"],"picked":"Quick Slash","floor":2.0},{"not_picked":["Choke","Heel Hook"],"picked":"Dagger Throw","floor":4.0},{"not_picked":["Bane","Slice"],"picked":"PiercingWail","floor":5.0},{"not_picked":["Acrobatics","Dagger Spray"],"picked":"Corpse Explosion","floor":7.0},{"not_picked":["Bouncing Flask","Dagger Spray"],"picked":"Cloak And Dagger","floor":8.0},{"not_picked":["PiercingWail","Deflect"],"picked":"Well Laid Plans","floor":11.0},{"not_picked":["Outmaneuver","Prepared"],"picked":"All Out Attack","floor":12.0},{"not_picked":["Masterful Stab","Escape Plan","Doppelganger"],"picked":"SKIP","floor":14.0},{"not_picked":["After Image","Venomology"],"picked":"Unload","floor":16.0},{"not_picked":["Cloak And Dagger","Masterful Stab"],"picked":"Quick Slash+1","floor":18.0},{"not_picked":["Flying Knee","Bane"],"picked":"Blur","floor":19.0},{"not_picked":["Deflect","PiercingWail"],"picked":"Riddle With Holes","floor":20.0},{"not_picked":["Bullet Time","Poisoned Stab"],"picked":"Quick Slash","floor":24.0},{"not_picked":["Bane+1","Endless Agony","Sucker Punch"],"picked":"SKIP","floor":28.0},{"not_picked":["All Out Attack+1","Backflip"],"picked":"Predator","floor":31.0}],"player_experience":609806,"relics_obtained":[{"floor":9.0,"key":"Ancient Tea Set"},{"floor":11.0,"key":"Tiny Chest"},{"floor":19.0,"key":"Red Mask"},{"floor":21.0,"key":"Potion Belt"},{"floor":24.0,"key":"Bag of Preparation"},{"floor":26.0,"key":"Bag of Marbles"}],"event_choices":[{"cards_removed":["Strike_G"],"damage_healed":0.0,"max_hp_gain":0.0,"max_hp_loss":0.0,"gold_gain":0.0,"event_name":"The Cleric","player_choice":"Card Removal","floor":3.0,"gold_loss":50.0,"damage_taken":0.0},{"damage_healed":0.0,"max_hp_gain":0.0,"max_hp_loss":0.0,"gold_gain":0.0,"event_name":"Masked Bandits","player_choice":"Fought Bandits","floor":19.0,"gold_loss":0.0,"damage_taken":0.0},{"damage_healed":0.0,"max_hp_gain":0.0,"max_hp_loss":0.0,"gold_gain":0.0,"event_name":"Colosseum","player_choice":"Fight","floor":27.0,"gold_loss":0.0,"damage_taken":0.0},{"damage_healed":0.0,"max_hp_gain":0.0,"max_hp_loss":0.0,"gold_gain":0.0,"event_name":"Colosseum","player_choice":"Fled From Nobs","floor":27.0,"gold_loss":0.0,"damage_taken":0.0},{"damage_healed":0.0,"max_hp_gain":0.0,"max_hp_loss":0.0,"gold_gain":0.0,"event_name":"Addict","player_choice":"Obtained Relic","floor":29.0,"gold_loss":85.0,"damage_taken":0.0,"relics_obtained":["Dream Catcher"]}],"is_beta":false,"boss_relics":[{"not_picked":["HoveringKite","Runic Pyramid"],"picked":"Coffee Dripper"}],"items_purged_floors":[],"is_endless":false,"potions_floor_spawned":[2,4,11,16,18,19,20,31],"killed_by":"Collector","ascension_level":10}