{"gold_per_floor":[110,110,110,10,21,56,56,56,56,56,6,25,25,25,25,120,120,137,149,149,163,163,163,163],"floor_reached":24,"playtime":869,"items_purged":["Regret"],"score":192,"play_id":"e5fc25a6-3e6b-4649-9087-8f42e342bb55","local_time":"20190308134803","is_ascension_mode":false,"campfire_choices":[{"floor":7,"key":"REST"},{"floor":10,"key":"RECALL"},{"data":"Pommel Strike","floor":13,"key":"SMITH"},{"data":"Bash","floor":15,"key":"SMITH"},{"floor":23,"key":"REST"}],"neow_cost":"NONE","seed_source_timestamp":257461884230666,"circlet_count":0,"master_deck":["Strike_R+1","Strike_R+1","Strike_R+1","Defend_R+1","Defend_R+1","Defend_R+1","Bash+1","Pommel Strike+1","Flex+1","Armaments+1","Flame Barrier+1","Bludgeon","Sword Boomerang","Heavy Blade"],"relics":["Burning Blood","Toxic Egg 2","Ornamental Fan","Juzu Bracelet","Sundial","White Beast Statue"],"potions_floor_usage":[],"damage_taken":[{"damage":5,"enemies":"2 Louse","floor":1,"turns":4},{"damage":1,"enemies":"Cultist","floor":5,"turns":3},{"damage":37,"enemies":"3 Sentries","floor":6,"turns":12},{"damage":3,"enemies":"Small Slimes","floor":12,"turns":2},{"damage":28,"enemies":"The Guardian","floor":16,"turns":12},{"damage":17,"enemies":"2 Thieves","floor":18,"turns":4},{"damage":19,"enemies":"Chosen","floor":19,"turns":5},{"damage":17,"enemies":"Colosseum Slavers","floor":20,"turns":4},{"damage":22,"enemies":"Centurion and Healer","floor":21,"turns":9},{"damage":15,"enemies":"Snecko","floor":24,"turns":3}],"seed_played":"4479450166599538660","potions_obtained":[{"floor":12,"key":"Weak Potion"},{"floor":16,"key":"FearPotion"},{"floor":18,"key":"Swift Potion"},{"floor":21,"key":"Regen Potion"}],"is_trial":false,"path_per_floor":["?","?","?","?","?","?"],"character_chosen":"IRONCLAD","items_purchased":["Flex+1"],"campfire_rested":2,"item_purchase_floors":[4],"current_hp_per_floor":[80,73,73,73,78,47,71,71,71,71,71,74,74,74,74,52,80,69,56,45,29,29,53,38],"gold":163,"neow_bonus":"REMOVE_CARD","is_prod":false,"is_daily":false,"chose_seed":false,"campfire_upgraded":2,"win_rate":0,"timestamp":1552049283,"path_taken":["M","?","?","$","M","E","R","?","T","R","?","M","R","$","R","BOSS","M","M","?","M","?","R","M"],"build_version":"2019-01-23","purchased_purges":1,"victory":false,"max_hp_per_floor":[80,80,80,80,80,80,80,80,80,80,80,80,80,80,80,80,80,80,80,80,80,80,80,80],"card_choices":[{"not_picked":["Clothesline","Clash"],"picked":"Pommel Strike","floor":1},{"not_picked":["Metallicize","Body Slam","Ghostly Armor+1"],"picked":"SKIP","floor":5},{"not_picked":["Burning Pact+1","Body Slam"],"picked":"Armaments+1","floor":6},{"not_picked":["Feed","Thunderclap","Perfected Strike"],"picked":"SKIP","floor":12},{"not_picked":["Exhume+1","Impervious+1"],"picked":"Bludgeon","floor":16},{"not_picked":["Dropkick+1","Anger","Metallicize"],"picked":"SKIP","floor":18},{"not_picked":["Perfected Strike+1","Wild Strike"],"picked":"Sword Boomerang","floor":19},{"not_picked":["Immolate","Twin Strike"],"picked":"Heavy Blade","floor":21}],"player_experience":172967,"relics_obtained":[{"floor":6,"key":"Juzu Bracelet"},{"floor":9,"key":"Sundial"}],"event_choices":[{"damage_healed":0,"gold_gain":0,"player_choice":"Success","damage_taken":7,"relics_obtained":["Toxic Egg 2"],"max_hp_gain":0,"max_hp_loss":0,"event_name":"Scrap Ooze","floor":2,"gold_loss":0},{"damage_healed":0,"gold_gain":0,"player_choice":"Box","damage_taken":0,"relics_obtained":["Ornamental Fan"],"max_hp_gain":0,"max_hp_loss":0,"event_name":"Big Fish","floor":3,"gold_loss":0,"cards_obtained":["Regret"]},{"damage_healed":0,"gold_gain":0,"cards_transformed":["Strike_R"],"player_choice":"Transformed","damage_taken":0,"max_hp_gain":0,"max_hp_loss":0,"event_name":"Transmorgrifier","floor":8,"gold_loss":0,"cards_obtained":["Flame Barrier"]},{"cards_removed":["Defend_R"],"damage_healed":0,"gold_gain":0,"player_choice":"Card Removal","damage_taken":0,"max_hp_gain":0,"max_hp_loss":0,"event_name":"The Cleric","floor":11,"gold_loss":50},{"damage_healed":0,"gold_gain":0,"player_choice":"Fight","damage_taken":0,"max_hp_gain":0,"max_hp_loss":0,"event_name":"Colosseum","floor":20,"gold_loss":0},{"damage_healed":0,"gold_gain":0,"player_choice":"Fled From Nobs","damage_taken":0,"max_hp_gain":0,"max_hp_loss":0,"event_name":"Colosseum","floor":20,"gold_loss":0},{"damage_healed":0,"gold_gain":0,"player_choice":"Simplicity","damage_taken":0,"max_hp_gain":0,"max_hp_loss":0,"event_name":"Back to Basics","floor":22,"gold_loss":0,"cards_upgraded":["Strike_R","Strike_R","Strike_R","Defend_R","Defend_R","Defend_R"]}],"is_beta":false,"boss_relics":[{"not_picked":["Calling Bell","Coffee Dripper"],"picked":"White Beast Statue"}],"items_purged_floors":[4],"is_endless":false,"potions_floor_spawned":[12,16,18,19,20,21],"killed_by":"Snecko","ascension_level":0}