{"gold_per_floor":[109,188,198,198,217,105,139,139,139,139,157,184,195,214,214,315,315,335,349,448,461,474,474,505,420,420,420,420,445,457,502,514,526],"floor_reached":33,"playtime":4217,"items_purged":["Defend_R"],"score":295,"play_id":"17259b72-2b3a-4d6f-923a-2b049469a50d","local_time":"20190311152327","is_ascension_mode":false,"campfire_choices":[{"floor":10,"key":"REST"},{"floor":15,"key":"REST"},{"floor":23,"key":"REST"},{"floor":27,"key":"REST"},{"floor":30,"key":"REST"},{"floor":32,"key":"REST"}],"neow_cost":"NONE","seed_source_timestamp":13738371240550,"circlet_count":0,"master_deck":["Strike_R","Strike_R","Strike_R","Strike_R","Defend_R","Defend_R","Defend_R","Bash","Heavy Blade","Metallicize+1","Armaments","Rupture","Cleave","Twin Strike","Combust","Brutality","Whirlwind+1","Anger","Anger","Dual Wield","Immolate","Flex+1"],"relics":["Burning Blood","Pear","Bag of Marbles","Anchor","Philosopher\u0027s Stone","Girya","Dream Catcher","Lantern","MawBank","Red Mask"],"potions_floor_usage":[21,24,24,33,33,33],"damage_taken":[{"damage":7,"enemies":"2 Louse","floor":1,"turns":3},{"damage":2,"enemies":"Small Slimes","floor":3,"turns":4},{"damage":7,"enemies":"Jaw Worm","floor":5,"turns":4},{"damage":42,"enemies":"3 Sentries","floor":7,"turns":14},{"damage":2,"enemies":"3 Louse","floor":11,"turns":3},{"damage":37,"enemies":"Lagavulin","floor":12,"turns":7},{"damage":4,"enemies":"Blue Slaver","floor":13,"turns":3},{"damage":7,"enemies":"Gremlin Gang","floor":14,"turns":4},{"damage":44,"enemies":"The Guardian","floor":16,"turns":12},{"damage":24,"enemies":"Spheric Guardian","floor":18,"turns":5},{"damage":11,"enemies":"Shell Parasite","floor":19,"turns":4},{"damage":32,"enemies":"Cultist and Chosen","floor":21,"turns":5},{"damage":4,"enemies":"Chosen and Byrds","floor":22,"turns":4},{"damage":65,"enemies":"Gremlin Leader","floor":24,"turns":4},{"damage":39,"enemies":"Book of Stabbing","floor":29,"turns":5},{"damage":24,"enemies":"Masked Bandits","floor":31,"turns":4},{"damage":56,"enemies":"Champ","floor":33,"turns":6}],"seed_played":"-8258324866006693512","potions_obtained":[{"floor":1,"key":"Fire Potion"},{"floor":7,"key":"SteroidPotion"},{"floor":11,"key":"FearPotion"},{"floor":16,"key":"LiquidBronze"},{"floor":19,"key":"Ancient Potion"},{"floor":22,"key":"Regen Potion"},{"floor":24,"key":"FearPotion"},{"floor":31,"key":"Weak Potion"}],"is_trial":false,"path_per_floor":["M","?","M","?","M","$","E","?","T","R","M","E","M","M","R","B",null,"M","M","?","M","M","R","E","?","T","R","?","E","R","?","R","B"],"character_chosen":"IRONCLAD","items_purchased":["Rupture"],"campfire_rested":6,"item_purchase_floors":[6],"current_hp_per_floor":[79,79,80,80,79,79,53,53,53,80,84,53,55,54,81,43,90,72,67,67,41,43,70,23,23,23,50,50,17,44,26,53,0],"gold":526,"neow_bonus":"REMOVE_CARD","is_prod":false,"is_daily":false,"chose_seed":false,"campfire_upgraded":0,"win_rate":0.0,"timestamp":1552314207,"path_taken":["M","?","M","?","M","?","E","?","T","R","?","E","?","M","R","BOSS","M","M","?","M","M","R","E","?","T","R","?","E","R","?","R","BOSS"],"build_version":"2019-01-23","purchased_purges":1,"victory":false,"max_hp_per_floor":[80,80,80,80,80,80,90,90,90,90,90,90,90,90,90,90,90,90,90,90,90,90,90,90,90,90,90,90,90,90,90,90,90],"card_choices":[{"not_picked":["Sentinel","Clothesline"],"picked":"Heavy Blade","floor":1},{"not_picked":["Wild Strike","Spot Weakness"],"picked":"Metallicize","floor":3},{"not_picked":["Entrench","Metallicize"],"picked":"Armaments","floor":5},{"not_picked":["Fire Breathing","Impervious"],"picked":"Cleave","floor":7},{"not_picked":["Havoc","Warcry","Second Wind"],"picked":"SKIP","floor":11},{"not_picked":["Disarm","Pommel Strike"],"picked":"Twin Strike","floor":12},{"not_picked":["Entrench","Power Through"],"picked":"Combust","floor":13},{"not_picked":["Sword Boomerang","Perfected Strike","Havoc"],"picked":"SKIP","floor":14},{"not_picked":["Exhume","Feed"],"picked":"Brutality","floor":16},{"not_picked":["Uppercut","Cleave"],"picked":"Whirlwind+1","floor":18},{"not_picked":["Headbutt","Heavy Blade","Uppercut"],"picked":"SKIP","floor":19},{"not_picked":["Clash","Twin Strike"],"picked":"Anger","floor":21},{"not_picked":["Disarm+1","Dropkick"],"picked":"Anger","floor":22},{"not_picked":["Hemokinesis","Clash+1"],"picked":"Dual Wield","floor":24},{"not_picked":["Burning Pact","Warcry"],"picked":"Immolate","floor":29},{"not_picked":["Reckless Charge+1","Shrug It Off"],"picked":"Flex+1","floor":32}],"player_experience":37492,"relics_obtained":[{"floor":7,"key":"Pear"},{"floor":9,"key":"Bag of Marbles"},{"floor":12,"key":"Anchor"},{"floor":24,"key":"Girya"},{"floor":26,"key":"Lantern"},{"floor":29,"key":"MawBank"},{"floor":31,"key":"Red Mask"}],"event_choices":[{"damage_healed":0,"gold_gain":79,"player_choice":"Gained Gold","damage_taken":0,"max_hp_gain":0,"max_hp_loss":0,"event_name":"Golden Wing","floor":2,"gold_loss":0},{"damage_healed":0,"gold_gain":0,"player_choice":"Grow","damage_taken":0,"max_hp_gain":0,"max_hp_loss":0,"event_name":"Living Wall","floor":4,"gold_loss":0,"cards_upgraded":["Metallicize"]},{"damage_healed":0,"gold_gain":0,"player_choice":"Ignored","damage_taken":0,"max_hp_gain":0,"max_hp_loss":0,"event_name":"Liars Game","floor":8,"gold_loss":0},{"damage_healed":0,"gold_gain":99,"player_choice":"Stole From Cult","damage_taken":0,"max_hp_gain":0,"max_hp_loss":0,"event_name":"Nest","floor":20,"gold_loss":0},{"damage_healed":0,"gold_gain":0,"player_choice":"Obtained Relic","damage_taken":0,"relics_obtained":["Dream Catcher"],"max_hp_gain":0,"max_hp_loss":0,"event_name":"Addict","floor":25,"gold_loss":85},{"damage_healed":0,"gold_gain":0,"player_choice":"Ignored","damage_taken":0,"max_hp_gain":0,"max_hp_loss":0,"event_name":"Vampires","floor":28,"gold_loss":0},{"damage_healed":0,"gold_gain":0,"player_choice":"Fought Bandits","damage_taken":0,"max_hp_gain":0,"max_hp_loss":0,"event_name":"Masked Bandits","floor":31,"gold_loss":0}],"is_beta":false,"boss_relics":[{"not_picked":["Cursed Key","White Beast Statue"],"picked":"Philosopher\u0027s Stone"}],"items_purged_floors":[6],"is_endless":false,"potions_floor_spawned":[1,7,11,16,19,22,24,31],"killed_by":"Champ","ascension_level":0}