{"gold_per_floor":[111,186,198,198,215,215,240,240,264,229,247,282,118,143,143,246,246,262,212,40,52,66,92,92,92],"floor_reached":25,"playtime":1326,"items_purged":["Strike_B"],"score":263,"play_id":"a38798f1-b6be-472c-846f-2d336353fc85","local_time":"20190318180607","is_ascension_mode":true,"campfire_choices":[{"data":"Sunder","floor":6,"key":"SMITH"},{"floor":8,"key":"REST"},{"floor":15,"key":"REST"},{"floor":24,"key":"REST"}],"neow_cost":"NONE","seed_source_timestamp":1508679999315,"circlet_count":0,"master_deck":["Strike_B","Strike_B","Defend_B","Defend_B","Defend_B","Defend_B","Zap","Dualcast","Thunder Strike+1","Ball Lightning+1","Gash","Sunder+1","Auto Shields","Defragment","Conserve Battery","Creative AI","Tempest","Gash","Redo","Biased Cognition","Leap","Defragment","Consume","BootSequence","Static Discharge","Go for the Eyes"],"relics":["Cracked Core","Potion Belt","Whetstone","Mummified Hand","Bottled Tornado","Velvet Choker","Peace Pipe"],"potions_floor_usage":[16,16,16,16],"damage_taken":[{"damage":3,"enemies":"2 Louse","floor":1,"turns":3},{"damage":9,"enemies":"Jaw Worm","floor":3,"turns":3},{"damage":0,"enemies":"Cultist","floor":5,"turns":2},{"damage":25,"enemies":"Lagavulin","floor":7,"turns":6},{"damage":3,"enemies":"Large Slime","floor":11,"turns":4},{"damage":24,"enemies":"Gremlin Nob","floor":12,"turns":4},{"damage":18,"enemies":"Lagavulin","floor":14,"turns":4},{"damage":13,"enemies":"Slime Boss","floor":16,"turns":7},{"damage":9,"enemies":"Shell Parasite","floor":18,"turns":4},{"damage":2,"enemies":"Chosen","floor":21,"turns":3},{"damage":11,"enemies":"Centurion and Healer","floor":22,"turns":4},{"damage":51,"enemies":"Book of Stabbing","floor":23,"turns":6},{"damage":25,"enemies":"Slavers","floor":25,"turns":2}],"seed_played":"2415417866977372374","potions_obtained":[{"floor":5,"key":"Explosive Potion"},{"floor":7,"key":"LiquidBronze"},{"floor":12,"key":"LiquidBronze"},{"floor":14,"key":"Swift Potion"},{"floor":23,"key":"SteroidPotion"}],"is_trial":false,"path_per_floor":["M","?","M","?","M","R","E","R","T","?","M","E","$","E","R","B",null,"M","?","$","M","M","E","R","E"],"character_chosen":"DEFECT","items_purchased":["Tempest","Gash","Defragment","Consume","BootSequence"],"campfire_rested":3,"item_purchase_floors":[13,13,20,20,20],"current_hp_per_floor":[72,61,52,52,52,52,27,49,49,67,64,40,40,22,44,31,75,66,66,66,64,53,2,24,0],"gold":92,"neow_bonus":"ONE_RANDOM_RARE_CARD","is_prod":false,"is_daily":false,"chose_seed":false,"campfire_upgraded":1,"win_rate":0,"timestamp":1552943167,"path_taken":["M","?","M","?","M","R","E","R","T","?","M","E","$","E","R","BOSS","M","?","$","?","M","E","R","E"],"build_version":"2019-01-23","purchased_purges":1,"victory":false,"max_hp_per_floor":[75,75,75,75,75,75,75,75,75,75,75,75,75,75,75,75,75,75,75,75,75,75,75,75,75],"card_choices":[{"not_picked":["Stack","Static Discharge"],"picked":"Ball Lightning","floor":1},{"not_picked":["Cold Snap","Compile Driver"],"picked":"Gash","floor":3},{"not_picked":["Cold Snap","Redo"],"picked":"Auto Shields","floor":5},{"not_picked":["Beam Cell","Lockon"],"picked":"Defragment","floor":7},{"not_picked":["Sweeping Beam","Stack"],"picked":"Conserve Battery","floor":11},{"not_picked":["Glacier","Beam Cell"],"picked":"Creative AI","floor":12},{"not_picked":["Streamline","Cold Snap"],"picked":"Redo","floor":14},{"not_picked":["Seek","Rainbow"],"picked":"Biased Cognition","floor":16},{"not_picked":["Coolheaded","Redo+1"],"picked":"Leap","floor":18},{"not_picked":["Cold Snap","Undo"],"picked":"Static Discharge","floor":21},{"not_picked":["Doom and Gloom","Streamline","Glacier"],"picked":"SKIP","floor":22},{"not_picked":["Hello World","Hologram"],"picked":"Go for the Eyes","floor":23}],"player_experience":96635,"relics_obtained":[{"floor":7,"key":"Potion Belt"},{"floor":9,"key":"Whetstone"},{"floor":12,"key":"Mummified Hand"},{"floor":14,"key":"Bottled Tornado"},{"floor":23,"key":"Peace Pipe"}],"event_choices":[{"damage_healed":0,"gold_gain":75,"player_choice":"Gather Gold","damage_taken":11,"max_hp_gain":0,"max_hp_loss":0,"event_name":"World of Goop","floor":2,"gold_loss":0},{"damage_healed":0,"gold_gain":0,"cards_transformed":["Strike_B"],"player_choice":"Change","damage_taken":0,"max_hp_gain":0,"max_hp_loss":0,"event_name":"Living Wall","floor":4,"gold_loss":0,"cards_obtained":["Sunder"]},{"damage_healed":18,"gold_gain":0,"player_choice":"Healed","damage_taken":0,"max_hp_gain":0,"max_hp_loss":0,"event_name":"The Cleric","floor":10,"gold_loss":35},{"damage_healed":0,"gold_gain":0,"player_choice":"Bet on Owner","damage_taken":0,"max_hp_gain":0,"max_hp_loss":0,"event_name":"The Joust","floor":19,"gold_loss":50}],"is_beta":false,"boss_relics":[{"not_picked":["White Beast Statue","Coffee Dripper"],"picked":"Velvet Choker"}],"items_purged_floors":[13],"is_endless":false,"potions_floor_spawned":[5,7,12,14,23],"killed_by":"Slavers","ascension_level":2}