{"gold_per_floor":[113,113,127,39,55,83,83,94,94,125,142,142,142,161,161,257,257,267,281,295,27,27,27,27,27],"floor_reached":25,"playtime":1150,"items_purged":[],"score":345,"play_id":"806e7ede-4b61-4f4c-8aec-1eff015e5c1f","local_time":"20181019001325","is_ascension_mode":true,"campfire_choices":[{"floor":7,"key":"REST"},{"floor":13,"key":"REST"},{"data":"Fusion","floor":15,"key":"SMITH"},{"data":"Loop","floor":23,"key":"SMITH"}],"neow_cost":"NONE","seed_source_timestamp":1299455482298598,"circlet_count":0,"master_deck":["Strike_B","Strike_B","Defend_B+1","Defend_B+1","Defend_B","Defend_B","Zap","Dualcast","AscendersBane","Machine Learning","Coolheaded","Gash","Fusion+1","Ball Lightning","Hologram","Beam Cell","Barrage","Self Repair","Scrape","Conserve Battery","Biased Cognition","Go for the Eyes","Defragment","Loop+1"],"special_seed":0,"relics":["Cracked Core","Cables","Pear","Orichalcum","Oddly Smooth Stone","Empty Cage","Toolbox","Nilry\u0027s Codex"],"potions_floor_usage":[6,10,16,25],"damage_taken":[{"damage":7.0,"enemies":"2 Louse","floor":1.0,"turns":3.0},{"damage":0.0,"enemies":"Jaw Worm","floor":3.0,"turns":6.0},{"damage":0,"enemies":"Cultist","floor":5,"turns":3},{"damage":18,"enemies":"3 Sentries","floor":6,"turns":8},{"damage":8,"enemies":"Large Slime","floor":8,"turns":5},{"damage":16,"enemies":"Lagavulin","floor":10,"turns":5},{"damage":16,"enemies":"Gremlin Gang","floor":11,"turns":5},{"damage":7,"enemies":"Exordium Wildlife","floor":14,"turns":4},{"damage":20,"enemies":"The Guardian","floor":16,"turns":12},{"damage":24,"enemies":"2 Thieves","floor":18,"turns":4},{"damage":8,"enemies":"Chosen","floor":19,"turns":5},{"damage":11,"enemies":"Centurion and Healer","floor":20,"turns":7},{"damage":46,"enemies":"Book of Stabbing","floor":25,"turns":5}],"seed_played":"7429275341291087833","potions_obtained":[{"floor":3,"key":"Block Potion"},{"floor":8,"key":"Strength Potion"},{"floor":10,"key":"Fruit Juice"},{"floor":14,"key":"PowerPotion"},{"floor":16,"key":"Energy Potion"},{"floor":19,"key":"SpeedPotion"}],"is_trial":false,"path_per_floor":["M","?","M","$","M","E","R","M","T","E","M","?","R","M","R","B",null,"M","M","M","$","?","R","?"],"character_chosen":"DEFECT","items_purchased":["Fusion","Ball Lightning","Loop","Toolbox"],"campfire_rested":2,"item_purchase_floors":[4,4,21,21],"current_hp_per_floor":[61,46,46,46,46,28,50,42,52,41,32,32,59,59,59,46,79,62,61,57,57,57,57,41,0],"gold":27,"neow_bonus":"ONE_RANDOM_RARE_CARD","is_prod":false,"is_daily":false,"chose_seed":false,"campfire_upgraded":2,"win_rate":0,"timestamp":1539929605,"path_taken":["M","?","M","$","M","E","R","M","T","E","M","?","R","M","R","BOSS","M","M","?","$","?","R","?","E"],"build_version":"2018-10-18","purchased_purges":0,"victory":false,"max_hp_per_floor":[75,75,75,75,75,75,75,75,85,90,90,90,90,90,90,90,90,90,90,90,90,90,90,90,90],"card_choices":[{"not_picked":["Force Field","Sweeping Beam"],"picked":"Coolheaded","floor":1.0},{"not_picked":["Redo","BootSequence"],"picked":"Gash","floor":3},{"not_picked":["Undo","Blizzard"],"picked":"Hologram","floor":5},{"not_picked":["Machine Learning","Chill"],"picked":"Beam Cell","floor":6},{"not_picked":["Sweeping Beam","Redo"],"picked":"Barrage","floor":8},{"not_picked":["Glacier","Amplify"],"picked":"Self Repair","floor":10},{"not_picked":["Stack","Undo"],"picked":"Scrape","floor":11},{"not_picked":["Sweeping Beam","Leap"],"picked":"Conserve Battery","floor":14},{"not_picked":["Multi-Cast","Seek"],"picked":"Biased Cognition","floor":16},{"not_picked":["Stack","Blizzard"],"picked":"Go for the Eyes","floor":18},{"not_picked":["Rebound","Cold Snap"],"picked":"Defragment","floor":19},{"not_picked":["Sweeping Beam","Leap","Barrage"],"picked":"SKIP","floor":20}],"player_experience":528946,"relics_obtained":[{"floor":6,"key":"Cables"},{"floor":9,"key":"Pear"},{"floor":10,"key":"Orichalcum"},{"floor":12,"key":"Oddly Smooth Stone"},{"floor":24,"key":"Nilry\u0027s Codex"}],"event_choices":[{"damage_healed":0.0,"max_hp_gain":0.0,"max_hp_loss":0.0,"gold_gain":0.0,"event_name":"Shining Light","player_choice":"Entered Light","floor":2.0,"gold_loss":0.0,"damage_taken":15.0,"cards_upgraded":["Defend_B","Defend_B"]},{"damage_healed":0,"gold_gain":0,"player_choice":"Relic","damage_taken":0,"max_hp_gain":0,"max_hp_loss":0,"event_name":"Wheel of Change","floor":12,"gold_loss":0},{"damage_healed":0,"gold_gain":0,"player_choice":"Obtained Book","damage_taken":16,"max_hp_gain":0,"max_hp_loss":0,"event_name":"Cursed Tome","floor":24,"gold_loss":0}],"is_beta":false,"boss_relics":[{"not_picked":["Lizard Tail","Fusion Hammer"],"picked":"Empty Cage"}],"items_purged_floors":[],"is_endless":false,"potions_floor_spawned":[3,8,10,14,16,19,20],"killed_by":"Book of Stabbing","ascension_level":10}