{"gold_per_floor":[115,129,404,417,428,428,458,475,475,475,492,502,455,455,455,556,556,572,592,60,60,0,0,30,30,30,30,48,3,3,3,3,3],"floor_reached":33,"playtime":2170,"items_purged":["Regret"],"score":265,"play_id":"bd2e2c8d-fb8f-48c3-929d-e0092f983879","local_time":"20190313190026","is_ascension_mode":false,"campfire_choices":[{"floor":6.0,"key":"REST"},{"floor":10.0,"key":"REST"},{"floor":15.0,"key":"REST"},{"floor":23.0,"key":"REST"},{"floor":25.0,"key":"REST"},{"floor":27.0,"key":"REST"},{"floor":32.0,"key":"REST"}],"neow_cost":"NONE","seed_source_timestamp":0,"circlet_count":0,"master_deck":["Strike_B+1","Strike_B+1","Strike_B+1","Defend_B+1","Defend_B+1","Defend_B+1","Defend_B+1","Zap","Dualcast","Hologram","Tempest","Coolheaded+1","Reinforced Body","Barrage","Self Repair","Rainbow","Compile Driver","Streamline","Bandage Up","Leap","Shame","Amplify","Double Energy","Leap"],"special_seed":0,"relics":["Cracked Core","Mercury Hourglass","War Paint","Boot","Busted Crown","Strawberry","ClockworkSouvenir","Shuriken","Ornamental Fan","Happy Flower","Torii"],"potions_floor_usage":[33,33],"damage_taken":[{"damage":7.0,"enemies":"2 Louse","floor":1.0,"turns":3.0},{"damage":5.0,"enemies":"Cultist","floor":2.0,"turns":4.0},{"damage":10.0,"enemies":"Jaw Worm","floor":4.0,"turns":4.0},{"damage":16.0,"enemies":"3 Louse","floor":5.0,"turns":3.0},{"damage":25.0,"enemies":"3 Sentries","floor":7.0,"turns":11.0},{"damage":2.0,"enemies":"2 Fungi Beasts","floor":8.0,"turns":3.0},{"damage":4.0,"enemies":"Exordium Wildlife","floor":11.0,"turns":4.0},{"damage":8.0,"enemies":"3 Louse","floor":12.0,"turns":3.0},{"damage":76.0,"enemies":"Hexaghost","floor":16.0,"turns":16.0},{"damage":23.0,"enemies":"2 Thieves","floor":18.0,"turns":4.0},{"damage":15.0,"enemies":"Shell Parasite","floor":19.0,"turns":6.0},{"damage":86.0,"enemies":"Book of Stabbing","floor":24.0,"turns":10.0},{"damage":20.0,"enemies":"Snecko","floor":28.0,"turns":6.0},{"damage":123,"enemies":"Automaton","floor":33,"turns":12}],"seed_played":"2961469514480183236","potions_obtained":[{"floor":1.0,"key":"FairyPotion"},{"floor":7.0,"key":"Explosive Potion"},{"floor":11.0,"key":"SteroidPotion"},{"floor":12.0,"key":"Fruit Juice"},{"floor":19.0,"key":"Regen Potion"},{"floor":24.0,"key":"EssenceOfSteel"},{"floor":28.0,"key":"Poison Potion"}],"is_trial":false,"path_per_floor":["M","M","?","M","M","R","E","M","T","R","M","M","?","?","R","B",null,"M","M","$","?","?","R","E","R","T","R","M","$","?","T","R","B"],"character_chosen":"DEFECT","items_purchased":["Bandage Up","Strawberry","ClockworkSouvenir","Leap","Leap"],"campfire_rested":7,"item_purchase_floors":[20,20,20,20,29],"current_hp_per_floor":[68,63,63,53,37,59,34,32,32,54,50,42,42,35,57,8,80,57,42,49,49,49,75,14,40,40,66,57,57,57,57,83,0],"gold":3,"neow_bonus":"TRANSFORM_CARD","is_prod":false,"is_daily":false,"chose_seed":false,"campfire_upgraded":0,"win_rate":0,"timestamp":1552514426,"path_taken":["M","M","?","M","M","R","E","M","T","R","M","?","?","?","R","BOSS","M","M","$","?","?","R","E","R","T","R","M","?","?","?","R","BOSS"],"build_version":"2019-01-23","purchased_purges":1,"victory":false,"max_hp_per_floor":[75,75,75,75,75,75,75,75,75,75,75,75,75,75,75,80,80,80,80,87,87,87,87,87,87,87,87,87,87,87,87,87,87],"card_choices":[{"not_picked":["Rebound","White Noise","Lockon"],"picked":"SKIP","floor":1.0},{"not_picked":["Chaos","Genetic Algorithm"],"picked":"Tempest","floor":2.0},{"not_picked":["Rebound","Redo"],"picked":"Coolheaded","floor":4.0},{"not_picked":["Turbo","Rebound"],"picked":"Reinforced Body","floor":5.0},{"not_picked":["Recycle","Undo"],"picked":"Barrage","floor":7.0},{"not_picked":["Storm","Hologram","Compile Driver"],"picked":"SKIP","floor":8.0},{"not_picked":["Beam Cell","Heatsinks","Steam"],"picked":"SKIP","floor":11.0},{"not_picked":["Force Field","Reboot"],"picked":"Self Repair","floor":12.0},{"not_picked":["Machine Learning","Biased Cognition"],"picked":"Rainbow","floor":16.0},{"not_picked":[],"picked":"Compile Driver","floor":18.0},{"not_picked":[],"picked":"Streamline","floor":19.0},{"not_picked":[],"picked":"Amplify","floor":24.0},{"not_picked":[],"picked":"Double Energy","floor":28.0}],"player_experience":81812,"relics_obtained":[{"floor":7.0,"key":"Mercury Hourglass"},{"floor":9.0,"key":"War Paint"},{"floor":24.0,"key":"Ornamental Fan"},{"floor":26.0,"key":"Happy Flower"},{"floor":31.0,"key":"Torii"}],"event_choices":[{"damage_healed":0.0,"max_hp_gain":0.0,"max_hp_loss":0.0,"gold_gain":275.0,"event_name":"Golden Shrine","player_choice":"Desecrate","floor":3.0,"gold_loss":0.0,"damage_taken":0.0,"cards_obtained":["Regret"]},{"damage_healed":0.0,"max_hp_gain":0.0,"max_hp_loss":0.0,"gold_gain":0.0,"event_name":"World of Goop","player_choice":"Left Gold","floor":13.0,"gold_loss":47.0,"damage_taken":0.0},{"damage_healed":0.0,"max_hp_gain":0.0,"max_hp_loss":0.0,"gold_gain":0.0,"event_name":"Scrap Ooze","player_choice":"Success","floor":14.0,"gold_loss":0.0,"damage_taken":7.0,"relics_obtained":["Boot"]},{"damage_healed":0.0,"max_hp_gain":0.0,"max_hp_loss":0.0,"gold_gain":0.0,"event_name":"Addict","player_choice":"Stole Relic","floor":21.0,"gold_loss":0.0,"damage_taken":0.0,"relics_obtained":["Shuriken"],"cards_obtained":["Shame"]},{"damage_healed":0.0,"max_hp_gain":0.0,"max_hp_loss":0.0,"gold_gain":0.0,"event_name":"Masked Bandits","player_choice":"Paid Fearfully","floor":22.0,"gold_loss":60.0,"damage_taken":0.0},{"damage_healed":0.0,"max_hp_gain":0.0,"max_hp_loss":0.0,"gold_gain":0.0,"event_name":"Back to Basics","player_choice":"Simplicity","floor":30.0,"gold_loss":0.0,"damage_taken":0.0,"cards_upgraded":["Strike_B","Strike_B","Strike_B","Defend_B","Defend_B","Defend_B"]}],"is_beta":false,"boss_relics":[{"not_picked":["Fusion Hammer","Velvet Choker"],"picked":"Busted Crown"}],"items_purged_floors":[20],"is_endless":false,"potions_floor_spawned":[1,7,11,12,19,24,28],"killed_by":"Automaton","ascension_level":0}