{"gold_per_floor":[119,119,35,35,35,60,71,71,125,158,5,5,23,40,40,141,141,141,141,141,141,141,141,65,65,65,65,65,65,65,65,65,65,65,65,29,29,29,29,29,29,29,29,29,29,29,29,29,29,29],"floor_reached":51,"playtime":2799,"items_purged":[],"score":1047,"play_id":"2627db44-7565-4386-a6ce-1213a693a21e","local_time":"20180821122045","is_ascension_mode":true,"campfire_choices":[{"data":"Zap","floor":8,"key":"SMITH"},{"data":"Dualcast","floor":12,"key":"SMITH"},{"data":"Coolheaded","floor":15,"key":"SMITH"},{"data":"Defragment","floor":23,"key":"SMITH"},{"data":"Coolheaded","floor":27,"key":"SMITH"},{"floor":32,"key":"REST"},{"data":"Defragment","floor":41,"key":"SMITH"},{"data":"Transmutation","floor":46,"key":"SMITH"},{"floor":49,"key":"REST"}],"neow_cost":"NONE","seed_source_timestamp":175891016147922,"circlet_count":0,"master_deck":["Strike_B+1","Strike_B+1","Strike_B+1","Defend_B+1","Defend_B+1","Defend_B+1","Defend_B+1","Dualcast+1","Chaos+1","Self Repair","Beam Cell","Beam Cell","Coolheaded+1","Conserve Battery","Ball Lightning","Streamline","Echo Form","Defragment+1","Coolheaded+1","Fusion+1","Redo+1","Steam","Stack","Cold Snap","Ball Lightning+1","Sunder+1","Go for the Eyes","Echo Form","Coolheaded+1","Defragment+1","Thinking Ahead","Transmutation+1","Impatience","Hologram","Cold Snap","Hologram+1","Go for the Eyes+1","Conserve Battery+1"],"relics":["Cracked Core","NeowsBlessing","Ancient Tea Set","Art of War","Mummified Hand","Lantern","Ectoplasm","Pear","Sozu","Happy Flower","Potion Belt","Incense Burner","Thread and Needle"],"potions_floor_usage":[10,30,50,50,50],"damage_taken":[{"damage":0,"enemies":"Small Slimes","floor":1,"turns":1},{"damage":0,"enemies":"3 Sentries","floor":6,"turns":1},{"damage":0,"enemies":"Jaw Worm","floor":7,"turns":1},{"damage":38,"enemies":"Lagavulin","floor":10,"turns":7},{"damage":0,"enemies":"Cultist","floor":13,"turns":3},{"damage":7,"enemies":"Blue Slaver","floor":14,"turns":3},{"damage":19,"enemies":"The Guardian","floor":16,"turns":9},{"damage":3,"enemies":"Chosen","floor":18,"turns":5},{"damage":3,"enemies":"Spheric Guardian","floor":20,"turns":4},{"damage":9,"enemies":"Centurion and Healer","floor":21,"turns":6},{"damage":54,"enemies":"Sentry and Sphere","floor":22,"turns":6},{"damage":1,"enemies":"Snake Plant","floor":28,"turns":4},{"damage":18,"enemies":"Shelled Parasite and Fungi","floor":29,"turns":5},{"damage":6,"enemies":"Snecko","floor":30,"turns":6},{"damage":2,"enemies":"Chosen and Byrds","floor":31,"turns":4},{"damage":34,"enemies":"Collector","floor":33,"turns":12},{"damage":3,"enemies":"Orb Walker","floor":35,"turns":3},{"damage":18,"enemies":"3 Shapes","floor":38,"turns":5},{"damage":11,"enemies":"Giant Head","floor":40,"turns":7},{"damage":4,"enemies":"Sphere and 2 Shapes","floor":42,"turns":6},{"damage":10,"enemies":"3 Darklings","floor":44,"turns":5},{"damage":16,"floor":45,"turns":8},{"damage":12,"enemies":"Nemesis","floor":47,"turns":9},{"damage":0,"enemies":"Spire Growth","floor":48,"turns":5},{"damage":75,"enemies":"Awakened One","floor":50,"turns":14}],"seed_played":"-3639180605146742994","potions_obtained":[{"floor":7,"key":"Poison Potion"},{"floor":14,"key":"GamblersBrew"},{"floor":16,"key":"SteroidPotion"},{"floor":22,"key":"Block Potion"},{"floor":31,"key":"Ancient Potion"},{"floor":33,"key":"FocusPotion"}],"is_trial":false,"path_per_floor":["M","?","$","?","?","E","M","R","T","E","$","R","M","M","R","B",null,"M","?","M","M","M","R","$","?","T","R","M","M","M","M","R","B",null,"M","$","?","M","?","E","R","M","T","M","?","R","E","M","R","B"],"character_chosen":"DEFECT","items_purchased":["Self Repair","Beam Cell","Lantern","Steam","Stack","Defragment"],"campfire_rested":2,"item_purchase_floors":[3,3,11,24,24,36],"current_hp_per_floor":[68,61,61,66,66,73,73,73,73,42,42,42,49,49,49,37,69,73,65,69,67,20,20,20,20,30,30,36,25,26,24,51,24,74,78,78,68,57,57,56,56,59,59,67,58,58,53,53,80,12],"gold":29,"neow_bonus":"THREE_ENEMY_KILL","is_prod":false,"is_daily":false,"chose_seed":false,"campfire_upgraded":7,"win_rate":0,"timestamp":1534875645,"path_taken":["M","?","?","?","?","E","?","R","T","E","?","R","M","M","R","BOSS","M","?","M","M","M","R","$","?","T","R","?","M","M","M","R","BOSS","M","$","?","M","?","E","R","M","T","M","?","R","E","M","R","BOSS"],"build_version":"2018-08-16","purchased_purges":0,"victory":true,"max_hp_per_floor":[75,75,75,80,80,80,80,80,80,80,80,80,80,80,80,80,80,80,80,80,80,80,80,80,80,90,90,90,90,90,90,90,90,90,90,90,90,90,90,90,90,90,90,90,90,90,90,90,90,90],"card_choices":[{"not_picked":["Steam","Gash"],"picked":"Chaos","floor":1},{"not_picked":["BootSequence","FTL"],"picked":"Beam Cell","floor":6},{"not_picked":["Sunder","Rebound"],"picked":"Coolheaded","floor":7},{"not_picked":["Chill","Aggregate"],"picked":"Conserve Battery","floor":10},{"not_picked":["Glacier","Compile Driver"],"picked":"Ball Lightning","floor":13},{"not_picked":["Hologram","FTL"],"picked":"Streamline","floor":14},{"not_picked":["Creative AI","Seek"],"picked":"Echo Form","floor":16},{"not_picked":["Gash","Turbo+1"],"picked":"Defragment","floor":18},{"not_picked":["Gash","Reinforced Body"],"picked":"Coolheaded","floor":20},{"not_picked":["BootSequence","Gash+1"],"picked":"Fusion+1","floor":21},{"not_picked":["Rebound+1","Thunder Strike"],"picked":"Redo+1","floor":22},{"not_picked":["Streamline","Rebound+1"],"picked":"Cold Snap","floor":28},{"not_picked":["Genetic Algorithm+1","Rebound"],"picked":"Ball Lightning+1","floor":29},{"not_picked":["Sweeping Beam","Redo"],"picked":"Sunder+1","floor":30},{"not_picked":["FTL+1","Darkness"],"picked":"Go for the Eyes","floor":31},{"not_picked":["Rainbow","Amplify"],"picked":"Echo Form","floor":33},{"not_picked":["Cold Snap+1","Rebound"],"picked":"Coolheaded+1","floor":35},{"not_picked":["HandOfGreed","Bandage Up"],"picked":"Thinking Ahead","floor":37},{"not_picked":["Good Instincts","HandOfGreed"],"picked":"Transmutation","floor":37},{"not_picked":["Mind Blast","Forethought"],"picked":"Impatience","floor":37},{"not_picked":["Cold Snap+1","Compile Driver+1"],"picked":"Hologram","floor":38},{"not_picked":["Reprogram+1","Rip and Tear"],"picked":"Cold Snap","floor":40},{"not_picked":["Turbo","Beam Cell+1","Blizzard"],"picked":"SKIP","floor":42},{"not_picked":["Sunder","Turbo"],"picked":"Hologram+1","floor":44},{"not_picked":["Barrage","Reprogram"],"picked":"Go for the Eyes+1","floor":45},{"not_picked":["Compile Driver","Turbo"],"picked":"Conserve Battery+1","floor":47},{"not_picked":["FTL","Steam+1","Turbo"],"picked":"SKIP","floor":48}],"player_experience":412018,"relics_obtained":[{"floor":6,"key":"Ancient Tea Set"},{"floor":9,"key":"Art of War"},{"floor":10,"key":"Mummified Hand"},{"floor":26,"key":"Pear"},{"floor":40,"key":"Happy Flower"},{"floor":43,"key":"Potion Belt"},{"floor":45,"key":"Incense Burner"},{"floor":47,"key":"Thread and Needle"}],"event_choices":[{"event_name":"Golden Wing","player_choice":"Card Removal","floor":2,"damage_taken":0},{"event_name":"Big Fish","player_choice":"Donut","floor":4,"damage_taken":0},{"event_name":"Living Wall","player_choice":"Grow","floor":5,"damage_taken":0},{"event_name":"FaceTrader","player_choice":"Touch","floor":19,"damage_taken":0},{"event_name":"Back to Basics","player_choice":"Simplicity","floor":25,"damage_taken":0},{"event_name":"SensoryStone","player_choice":"Memory 3","floor":37,"damage_taken":0},{"event_name":"Falling","player_choice":"Removed Skill","floor":39,"damage_taken":0},{"event_name":"MindBloom","player_choice":"Fight","floor":45,"damage_taken":0}],"is_beta":false,"boss_relics":[{"not_picked":["White Beast Statue","Cursed Key"],"picked":"Ectoplasm"},{"not_picked":["Pandora\u0027s Box","Fusion Hammer"],"picked":"Sozu"}],"items_purged_floors":[],"is_endless":false,"potions_floor_spawned":[7,14,16,22,29,31,33,35,40,48],"ascension_level":8}