{"path_per_floor":["M","?","M","?","?","R","E","R","T","M","M","T","?","?","R","B",null,"M","?","$","M","M","R","M","R","T","?","?","M","E","$","R"],"character_chosen":"DEFECT","items_purchased":["Runic Capacitor","Creative AI"],"gold_per_floor":[118,118,135,310,310,310,338,338,338,348,368,393,393,343,343,438,438,454,454,22,32,48,48,59,59,84,84,84,102,134,34,34,34],"floor_reached":33,"campfire_rested":4,"playtime":1251,"current_hp_per_floor":[60,45,41,41,41,41,16,38,38,38,24,24,24,24,46,28,75,69,69,69,69,35,35,22,44,44,44,30,7,8,8,34,0],"items_purged":["Strike_B","Strike_B"],"gold":34,"score":302,"play_id":"6832fe2d-2548-4397-b4cb-36410b60fbdb","local_time":"20180510192725","is_prod":false,"is_daily":false,"chose_seed":false,"is_ascension_mode":true,"campfire_upgraded":2,"timestamp":1525998445,"path_taken":["M","?","M","?","?","R","E","R","T","?","M","?","?","?","R","BOSS","M","?","$","M","M","R","M","R","T","?","?","M","E","$","R","BOSS"],"build_version":"2018-05-10","seed_source_timestamp":158248590922364,"purchased_purges":2,"victory":false,"master_deck":["Strike_B","Defend_B","Defend_B+1","Defend_B+1","Defend_B","Zap+1","Dualcast+1","Ball Lightning","Ball Lightning","Barrage+1","Fusion","Auto Shields","Thunder Strike","Chaos","Leap+1","Creative AI","White Noise","Glacier","Lockon+1","Ball Lightning"],"max_hp_per_floor":[75,75,75,75,75,75,75,75,75,75,75,75,75,75,75,75,75,75,75,75,75,75,75,75,75,75,75,80,80,87,87,87,87],"relics":["Cracked Core","DataDisk","Question Card","Bronze Scales","Orrery","Lantern","Runic Capacitor","Juzu Bracelet","Strawberry"],"card_choices":[{"not_picked":["Go for the Eyes","Stack"],"picked":"Ball Lightning","floor":1},{"not_picked":["Stack","Coolheaded"],"picked":"Ball Lightning","floor":3},{"not_picked":["Sweeping Beam","Turbo"],"picked":"Barrage","floor":7},{"not_picked":["Leap","Scrape","Coolheaded"],"picked":"Fusion","floor":10},{"not_picked":["Cold Snap","Gash","Undo"],"picked":"Auto Shields","floor":11},{"not_picked":["Rainbow","Reboot","Fission"],"picked":"Thunder Strike","floor":16},{"not_picked":["Sunder","Impulse","Thunder Strike"],"picked":"Chaos","floor":17},{"not_picked":["Steam","Skim","Streamline"],"picked":"Leap","floor":18},{"not_picked":["Coolheaded","Turbo","Hologram"],"picked":"White Noise","floor":21},{"not_picked":["BootSequence","Blizzard","Scrape"],"picked":"Glacier","floor":22},{"not_picked":["Sweeping Beam","BootSequence","Leap"],"picked":"Lockon","floor":24},{"not_picked":["Force Field","Leap","Skim"],"picked":"Ball Lightning","floor":30}],"player_experience":79789,"potions_floor_usage":[7,11,16,16,18,29,30],"damage_taken":[{"damage":15,"enemies":"Small Slimes","floor":1,"turns":3},{"damage":4,"enemies":"Jaw Worm","floor":3,"turns":2},{"damage":25,"enemies":"Gremlin Nob","floor":7,"turns":4},{"damage":0,"enemies":"2 Louse","floor":10,"turns":2},{"damage":14,"enemies":"Exordium Thugs","floor":11,"turns":3},{"damage":18,"enemies":"The Guardian","floor":16,"turns":9},{"damage":6,"enemies":"Shell Parasite","floor":18,"turns":4},{"damage":0,"enemies":"Chosen","floor":21,"turns":5},{"damage":34,"enemies":"Snake Plant","floor":22,"turns":4},{"damage":13,"enemies":"Snecko","floor":24,"turns":5},{"damage":23,"enemies":"Slaver and Parasite","floor":29,"turns":4},{"damage":6,"enemies":"Book of Stabbing","floor":30,"turns":4},{"damage":40,"enemies":"Collector","floor":33,"turns":7}],"event_choices":[{"event_name":"Shining Light","player_choice":"Entered Light","floor":2,"damage_taken":0},{"event_name":"Liars Game","player_choice":"agreed","floor":4,"damage_taken":0},{"event_name":"Upgrade Shrine","player_choice":"Upgraded","floor":5,"damage_taken":0},{"event_name":"The Lab","player_choice":"Got Potions","floor":13,"damage_taken":0},{"event_name":"The Cleric","player_choice":"Card Removal","floor":14,"damage_taken":0},{"event_name":"The Mausoleum","player_choice":"Yes","floor":19,"damage_taken":0},{"event_name":"Back to Basics","player_choice":"Elegance","floor":27,"damage_taken":0},{"event_name":"Forgotten Altar","player_choice":"Shed Blood","floor":28,"damage_taken":0}],"boss_relics":[{"not_picked":["Calling Bell","Snecko Eye"],"picked":"Orrery"}],"potions_floor_spawned":[3,10,24,29],"seed_played":"9217791047873747648","killed_by":"Collector","ascension_level":3,"is_trial":false}