{"gold_per_floor":[117,117,117,117,117,137,137,156,156,168,168,197,197,217,217,316,316,332,115,130,143,17,17,17,36,36,13,13,13,13,13,13,116,116,132,132,132,132],"floor_reached":38,"playtime":1936,"items_purged":["Defend_G"],"score":370,"play_id":"b7ed9ab4-dba5-4f73-b186-4153ac7be4a7","local_time":"20190319205429","is_ascension_mode":false,"campfire_choices":[{"floor":7,"key":"REST"},{"data":"Skewer","floor":11,"key":"SMITH"},{"data":"A Thousand Cuts","floor":13,"key":"SMITH"},{"floor":15,"key":"REST"},{"floor":23,"key":"REST"},{"floor":28,"key":"REST"},{"data":"Glass Knife","floor":30,"key":"SMITH"},{"data":"Noxious Fumes","floor":32,"key":"SMITH"}],"neow_cost":"NONE","seed_source_timestamp":393726718026000,"circlet_count":0,"master_deck":["Defend_G","Defend_G","Defend_G","Strike_G","Strike_G+1","Strike_G+1","Survivor","Neutralize+1","Deadly Poison","Skewer+1","Leg Sweep","Catalyst","A Thousand Cuts+1","Slice","Glass Knife+1","Dagger Spray","Deadly Poison","Noxious Fumes+1","Caltrops","Backflip","Blade Dance+1","Burst","Prepared+1","Eviscerate+1","Deadly Poison+1","Riddle With Holes+1","Panache"],"relics":["Ring of the Snake","Mercury Hourglass","Mummified Hand","Gremlin Horn","Matryoshka","WristBlade","Snake Skull","Bottled Lightning","Regal Pillow","Astrolabe"],"potions_floor_usage":[12,16,16,21,21,21,25,33,38],"damage_taken":[{"damage":1,"enemies":"2 Louse","floor":1,"turns":4},{"damage":0,"enemies":"Small Slimes","floor":6,"turns":2},{"damage":0,"enemies":"Jaw Worm","floor":8,"turns":3},{"damage":7,"enemies":"Looter","floor":10,"turns":3},{"damage":7,"enemies":"Gremlin Nob","floor":12,"turns":3},{"damage":7,"enemies":"Exordium Thugs","floor":14,"turns":2},{"damage":31,"enemies":"The Guardian","floor":16,"turns":8},{"damage":2,"enemies":"Chosen","floor":18,"turns":4},{"damage":23,"enemies":"3 Byrds","floor":20,"turns":3},{"damage":27,"enemies":"Centurion and Healer","floor":21,"turns":5},{"damage":5,"enemies":"Sentry and Sphere","floor":25,"turns":4},{"damage":47,"enemies":"Collector","floor":33,"turns":6},{"damage":35,"enemies":"3 Darklings","floor":35,"turns":4},{"damage":42,"enemies":"2 Orb Walkers","floor":38,"turns":3}],"seed_played":"76757397440825718","potions_obtained":[{"floor":8,"key":"SteroidPotion"},{"floor":12,"key":"SkillPotion"},{"floor":14,"key":"Poison Potion"},{"floor":16,"key":"Weak Potion"},{"floor":20,"key":"Regen Potion"},{"floor":21,"key":"Swift Potion"}],"is_trial":false,"path_per_floor":["M","?","?","T","?","M","R","M","T","M","R","E","R","M","R","B",null,"M","$","M","M","$","R","$","M","T","$","R","$","R","?","R","B",null,"M","?","?","?"],"character_chosen":"THE_SILENT","items_purchased":["Deadly Poison","Noxious Fumes","Swift Potion","Backflip","Poison Potion","PowerPotion","Quick Slash"],"campfire_rested":4,"item_purchase_floors":[19,19,19,22,22,22,27],"current_hp_per_floor":[69,55,48,48,48,48,69,69,69,62,62,55,55,48,69,38,70,68,68,45,32,32,53,53,48,48,48,69,69,69,69,69,22,70,35,35,35,0],"gold":132,"neow_bonus":"UPGRADE_CARD","is_prod":false,"is_daily":false,"chose_seed":false,"campfire_upgraded":4,"win_rate":0.0,"timestamp":1553043269,"path_taken":["M","?","?","?","?","M","R","M","T","?","R","E","R","M","R","BOSS","M","?","M","?","?","R","?","?","T","$","R","$","R","?","R","BOSS","M","?","?","?"],"build_version":"2019-01-23","purchased_purges":1,"victory":false,"max_hp_per_floor":[70,70,70,70,70,70,70,70,70,70,70,70,70,70,70,70,70,70,70,70,70,70,70,70,70,70,70,70,70,70,70,70,70,70,70,70,70,70],"card_choices":[{"not_picked":["Blade Dance","PiercingWail"],"picked":"Deadly Poison","floor":1},{"not_picked":["Bane","Acrobatics"],"picked":"Skewer","floor":6},{"not_picked":["Backflip","Underhanded Strike"],"picked":"Leg Sweep","floor":8},{"not_picked":["Outmaneuver","Blade Dance"],"picked":"Catalyst","floor":10},{"not_picked":["Slice","Flying Knee"],"picked":"A Thousand Cuts","floor":12},{"not_picked":["Accuracy","Sucker Punch"],"picked":"Slice","floor":14},{"not_picked":["Corpse Explosion","Venomology"],"picked":"Glass Knife","floor":16},{"not_picked":["Expertise","Dagger Throw"],"picked":"Dagger Spray","floor":18},{"not_picked":["Flying Knee","Deadly Poison"],"picked":"Caltrops","floor":20},{"not_picked":["Dodge and Roll","Blade Dance","PiercingWail"],"picked":"SKIP","floor":21},{"not_picked":["Dash","Flechettes"],"picked":"Blade Dance+1","floor":25},{"not_picked":["After Image","Unload"],"picked":"Burst","floor":33},{"not_picked":["Distraction+1","Dagger Throw"],"picked":"Riddle With Holes+1","floor":35},{"not_picked":["Dark Shackles","Good Instincts"],"picked":"Panache","floor":36}],"player_experience":77891,"relics_obtained":[{"floor":4,"key":"Mummified Hand"},{"floor":9,"key":"Gremlin Horn"},{"floor":12,"key":"Matryoshka"},{"floor":26,"key":"Snake Skull"},{"floor":26,"key":"Bottled Lightning"}],"event_choices":[{"damage_healed":0,"gold_gain":0,"player_choice":"Entered Light","damage_taken":14,"max_hp_gain":0,"max_hp_loss":0,"event_name":"Shining Light","floor":2,"gold_loss":0,"cards_upgraded":["Strike_G","Strike_G"]},{"damage_healed":0,"gold_gain":0,"player_choice":"Success","damage_taken":7,"relics_obtained":["Mercury Hourglass"],"max_hp_gain":0,"max_hp_loss":0,"event_name":"Scrap Ooze","floor":3,"gold_loss":0},{"cards_removed":["Defend_R"],"damage_healed":0,"gold_gain":0,"player_choice":"Took Card","damage_taken":0,"max_hp_gain":0,"max_hp_loss":0,"event_name":"NoteForYourself","floor":5,"gold_loss":0,"cards_obtained":["Defend_R"]},{"damage_healed":0,"gold_gain":0,"player_choice":"Opened","damage_taken":0,"relics_obtained":["Regal Pillow"],"max_hp_gain":0,"max_hp_loss":0,"event_name":"The Mausoleum","floor":31,"gold_loss":0},{"damage_healed":0,"gold_gain":0,"player_choice":"Memory 1","damage_taken":0,"max_hp_gain":0,"max_hp_loss":0,"event_name":"SensoryStone","floor":36,"gold_loss":0},{"cards_removed":["Quick Slash"],"damage_healed":0,"gold_gain":0,"player_choice":"Removed Attack","damage_taken":0,"max_hp_gain":0,"max_hp_loss":0,"event_name":"Falling","floor":37,"gold_loss":0},{"damage_healed":0,"gold_gain":0,"player_choice":"Fight","damage_taken":0,"max_hp_gain":0,"max_hp_loss":0,"event_name":"Mysterious Sphere","floor":38,"gold_loss":0}],"is_beta":false,"boss_relics":[{"not_picked":["Cursed Key","HoveringKite"],"picked":"WristBlade"},{"not_picked":["White Beast Statue","Busted Crown"],"picked":"Astrolabe"}],"items_purged_floors":[19],"is_endless":false,"potions_floor_spawned":[8,12,14,16,20,21],"killed_by":"2 Orb Walkers","ascension_level":0}