{"gold_per_floor":[114,189,209,3,21,21,34,34,86,96,111,186,82,93,93,193,193,211,222,234,234,234,234,252,266,293,293],"floor_reached":27,"playtime":1268,"items_purged":["Strike_G"],"score":259,"play_id":"350766f2-8981-4f33-8dab-ad59fd4c4a65","local_time":"20180731155916","is_ascension_mode":false,"campfire_choices":[{"data":"Tactician","floor":6.0,"key":"SMITH"},{"data":"Infinite Blades","floor":8.0,"key":"SMITH"},{"data":"Envenom","floor":15,"key":"SMITH"},{"data":"Phantasmal Killer","floor":23,"key":"SMITH"}],"neow_cost":"NONE","seed_source_timestamp":0,"circlet_count":0,"master_deck":["Defend_G","Defend_G","Defend_G","Defend_G","Defend_G","Strike_G","Strike_G","Strike_G","Survivor","Neutralize","Sucker Punch","Acrobatics","Flash of Steel","Footwork","Tactician+1","Infinite Blades+1","Escape Plan","PiercingWail","Blur","Dagger Spray","Envenom+1","Phantasmal Killer+1","Accuracy+1","All Out Attack+1","Quick Slash+1","Tools of the Trade","Deflect"],"special_seed":0,"relics":["Sozu"],"potions_floor_usage":[],"damage_taken":[{"damage":0.0,"enemies":"Jaw Worm","floor":1.0,"turns":5.0},{"damage":0.0,"enemies":"Cultist","floor":3.0,"turns":4.0},{"damage":0.0,"enemies":"2 Louse","floor":5.0,"turns":3.0},{"damage":1.0,"enemies":"Large Slime","floor":7.0,"turns":9.0},{"damage":3.0,"enemies":"Exordium Wildlife","floor":10.0,"turns":4.0},{"damage":15,"enemies":"Lots of Slimes","floor":11,"turns":5},{"damage":1,"enemies":"Blue Slaver","floor":14,"turns":4},{"damage":0,"enemies":"The Guardian","floor":16,"turns":13},{"damage":4,"enemies":"Shell Parasite","floor":18,"turns":9},{"damage":30,"enemies":"Spheric Guardian","floor":19,"turns":6},{"damage":7,"enemies":"3 Cultists","floor":20,"turns":4},{"damage":13,"enemies":"Snecko","floor":24,"turns":4},{"damage":11,"enemies":"Snake Plant","floor":25,"turns":4},{"damage":6,"enemies":"Cultist and Chosen","floor":27,"turns":3}],"seed_played":"2281841987689204206","potions_obtained":[],"is_trial":false,"path_per_floor":["M","?","M","$","M","R","M","R","T","M","M","?","$","M","R","B",null,"M","M","M","?","?","R","M","M","T"],"character_chosen":"THE_SILENT","items_purchased":["Flash of Steel","Footwork","Blur","Dagger Spray"],"campfire_rested":0,"item_purchase_floors":[4,4,13,13],"current_hp_per_floor":[70,63,63,63,63,63,62,62,62,59,44,33,33,32,32,32,70,66,36,29,29,29,29,16,5,5,0],"gold":293,"neow_bonus":"BOSS_RELIC","is_prod":false,"is_daily":false,"chose_seed":false,"campfire_upgraded":4,"win_rate":0,"timestamp":1533074356,"path_taken":["M","?","M","$","M","R","M","R","T","M","M","?","$","M","R","BOSS","M","M","M","?","?","R","?","M","T","M"],"build_version":"2018-07-26","purchased_purges":1,"victory":false,"max_hp_per_floor":[70,70,70,70,70,70,70,70,70,70,70,70,70,70,70,70,70,70,70,70,70,70,70,70,70,70,70],"card_choices":[{"not_picked":["Outmaneuver","Dagger Spray"],"picked":"Sucker Punch","floor":1.0},{"not_picked":["Leg Sweep","Concentrate"],"picked":"Acrobatics","floor":3.0},{"not_picked":["Bane","Dagger Throw"],"picked":"Tactician","floor":5.0},{"not_picked":["Dodge and Roll","Well Laid Plans"],"picked":"Infinite Blades","floor":7.0},{"not_picked":["Bane","Quick Slash"],"picked":"Escape Plan","floor":10.0},{"not_picked":["Poisoned Stab","Dagger Throw"],"picked":"PiercingWail","floor":11},{"not_picked":["Setup","Sucker Punch"],"picked":"Envenom","floor":14},{"not_picked":["Night Terror","Venomology"],"picked":"Phantasmal Killer","floor":16},{"not_picked":["Reflex","Sucker Punch"],"picked":"Accuracy+1","floor":18},{"not_picked":["Noxious Fumes","Outmaneuver+1"],"picked":"All Out Attack+1","floor":19},{"not_picked":["Bane","Poisoned Stab"],"picked":"Quick Slash+1","floor":20},{"not_picked":["Sucker Punch","Flechettes"],"picked":"Tools of the Trade","floor":24},{"not_picked":["Distraction","Setup"],"picked":"Deflect","floor":25}],"player_experience":313329,"relics_obtained":[],"event_choices":[{"event_name":"FaceTrader","player_choice":"Touch","floor":2.0,"damage_taken":0.0},{"event_name":"World of Goop","player_choice":"Gather Gold","floor":12,"damage_taken":0},{"event_name":"Bonfire Elementals","player_choice":"BASIC","floor":21,"damage_taken":0},{"event_name":"Ghosts","player_choice":"Ignored","floor":22,"damage_taken":0}],"is_beta":false,"boss_relics":[{"not_picked":["Snecko Eye","Cursed Key","Orrery"]}],"items_purged_floors":[4],"is_endless":false,"potions_floor_spawned":[3,7,11,16,20,25],"killed_by":"Cultist and Chosen","ascension_level":0}