{"gold_per_floor":[115,115,131,146,167,167,198,198,198,221,221,257,16,16,16,147,147,167,190,190,29,48,48,48,48,48,63,81,105,139,39,39,170,170,195,33,33,58,78,78,411,411,434,434,446,466,466,482,482,482],"floor_reached":51,"playtime":1322,"items_purged":["Strike_R","Strike_R","Defend_R"],"score":704,"play_id":"538dbec6-57c7-489f-9924-b89793e13d93","local_time":"20180912122928","is_ascension_mode":false,"campfire_choices":[{"data":"Bash","floor":6.0,"key":"SMITH"},{"data":"Double Tap","floor":8.0,"key":"SMITH"},{"data":"Rage","floor":11.0,"key":"SMITH"},{"floor":15.0,"key":"REST"},{"data":"Whirlwind","floor":23,"key":"SMITH"},{"data":"Flex","floor":25,"key":"SMITH"},{"data":"Metallicize","floor":32,"key":"SMITH"},{"data":"1","floor":40,"key":"LIFT"},{"data":"2","floor":42,"key":"LIFT"},{"data":"3","floor":44,"key":"LIFT"},{"floor":49,"key":"REST"}],"neow_cost":"NONE","seed_source_timestamp":134050200485895,"circlet_count":0,"master_deck":["Strike_R+1","Strike_R+1","Strike_R+1","Defend_R","Defend_R","Defend_R","Bash+1","Twin Strike+1","Sword Boomerang","Double Tap+1","Rage+1","Whirlwind+1","Thunderclap","Shrug It Off","Flex+1","Dropkick","Double Tap","Dropkick","Twin Strike+1","Armaments+1"],"special_seed":0,"relics":["Burning Blood","Lantern","Kunai","Unceasing Top","Girya","Red Skull","Busted Crown","MutagenicStrength","Mango","Whetstone","Fusion Hammer","Regal Pillow"],"potions_floor_usage":[20,20,30,33,50,50],"damage_taken":[{"damage":8.0,"enemies":"2 Louse","floor":1.0,"turns":2.0},{"damage":3.0,"enemies":"Small Slimes","floor":3.0,"turns":3.0},{"damage":1.0,"enemies":"Cultist","floor":4.0,"turns":3.0},{"damage":6.0,"enemies":"Exordium Wildlife","floor":5.0,"turns":5.0},{"damage":31.0,"enemies":"Lagavulin","floor":7.0,"turns":5.0},{"damage":0.0,"enemies":"Large Slime","floor":10.0,"turns":5.0},{"damage":11.0,"enemies":"3 Sentries","floor":12.0,"turns":8.0},{"damage":44.0,"enemies":"The Guardian","floor":16.0,"turns":10.0},{"damage":0.0,"enemies":"3 Byrds","floor":18.0,"turns":3.0},{"damage":4.0,"enemies":"2 Thieves","floor":19.0,"turns":4.0},{"damage":13,"enemies":"Colosseum Slavers","floor":20,"turns":2},{"damage":28,"enemies":"3 Cultists","floor":22,"turns":5},{"damage":2,"enemies":"Centurion and Healer","floor":27,"turns":5},{"damage":0,"enemies":"Chosen and Byrds","floor":28,"turns":1},{"damage":11,"enemies":"Snake Plant","floor":29,"turns":3},{"damage":26,"enemies":"Gremlin Leader","floor":30,"turns":6},{"damage":18,"enemies":"Collector","floor":33,"turns":6},{"damage":6,"enemies":"Orb Walker","floor":35,"turns":3},{"damage":20,"enemies":"3 Shapes","floor":38,"turns":1},{"damage":7,"enemies":"3 Darklings","floor":39,"turns":4},{"damage":0,"enemies":"Spire Growth","floor":45,"turns":2},{"damage":19,"enemies":"4 Shapes","floor":46,"turns":2},{"damage":25,"enemies":"Maw","floor":48,"turns":4},{"damage":62,"enemies":"Awakened One","floor":50,"turns":5}],"seed_played":"7935679340901263354","potions_obtained":[{"floor":3.0,"key":"Swift Potion"},{"floor":10.0,"key":"Energy Potion"},{"floor":16.0,"key":"SmokeBomb"},{"floor":18.0,"key":"Regen Potion"},{"floor":19.0,"key":"Strength Potion"},{"floor":22,"key":"Strength Potion"},{"floor":28,"key":"PowerPotion"},{"floor":38,"key":"Strength Potion"},{"floor":45,"key":"PowerPotion"}],"is_trial":false,"path_per_floor":["M","?","M","M","M","R","E","R","T","M","R","E","$","?","R","B",null,"M","M","?","$","M","R","?","R","T","M","M","M","E","$","R","B",null,"M","$","?","M","M","R","?","R","T","R","M","M","?","M","R","B"],"character_chosen":"IRONCLAD","items_purchased":["Red Skull","Thunderclap","Shrug It Off","Flex","Dropkick","Dropkick"],"campfire_rested":2,"item_purchase_floors":[13,13,13,21,21,36],"current_hp_per_floor":[78,58,61,66,66,66,41,41,41,47,47,42,42,26,50,12,80,80,80,73,73,51,51,51,51,65,69,75,70,50,50,50,38,94,94,94,94,80,79,79,79,79,79,79,85,72,72,53,94,38],"gold":482,"neow_bonus":"RANDOM_COMMON_RELIC","is_prod":false,"is_daily":false,"chose_seed":false,"campfire_upgraded":6,"win_rate":0,"timestamp":1536776968,"path_taken":["M","?","?","M","M","R","E","R","T","M","R","E","$","?","R","BOSS","M","M","?","$","M","R","?","R","T","M","M","M","E","?","R","BOSS","M","$","?","M","M","R","?","R","T","R","?","M","?","?","R","BOSS"],"build_version":"2018-09-06","purchased_purges":3,"victory":true,"max_hp_per_floor":[80,80,80,80,80,80,80,80,80,80,80,80,80,80,80,80,80,80,80,80,80,80,80,80,80,94,94,94,94,94,94,94,94,94,94,94,94,94,94,94,94,94,94,94,94,94,94,94,94,94],"card_choices":[{"not_picked":["Cleave","Wild Strike"],"picked":"Twin Strike","floor":1.0},{"not_picked":["Clash","Twin Strike"],"picked":"Sword Boomerang","floor":3.0},{"not_picked":["Wild Strike","Fire Breathing","Blood for Blood"],"picked":"SKIP","floor":4.0},{"not_picked":["Sever Soul","Infernal Blade"],"picked":"Double Tap","floor":5.0},{"not_picked":["Anger","Heavy Blade"],"picked":"Rage","floor":7.0},{"not_picked":["Flame Barrier","Heavy Blade","Havoc"],"picked":"SKIP","floor":10.0},{"not_picked":["Perfected Strike","Fire Breathing"],"picked":"Whirlwind","floor":12.0},{"not_picked":["Perfected Strike"],"picked":"SKIP","floor":18.0},{"not_picked":["True Grit+1"],"picked":"SKIP","floor":19.0},{"not_picked":["Sword Boomerang"],"picked":"SKIP","floor":22},{"not_picked":[],"picked":"Metallicize","floor":27},{"not_picked":["Havoc"],"picked":"SKIP","floor":28},{"not_picked":["Clash"],"picked":"SKIP","floor":29},{"not_picked":["Ghostly Armor"],"picked":"SKIP","floor":30},{"not_picked":[],"picked":"Double Tap","floor":33},{"not_picked":["Wild Strike"],"picked":"SKIP","floor":35},{"not_picked":[],"picked":"Twin Strike+1","floor":38},{"not_picked":[],"picked":"Armaments+1","floor":39},{"not_picked":["Carnage"],"picked":"SKIP","floor":45},{"not_picked":["Burning Pact+1"],"picked":"SKIP","floor":46},{"not_picked":["Perfected Strike"],"picked":"SKIP","floor":48}],"player_experience":476369,"relics_obtained":[{"floor":7.0,"key":"Kunai"},{"floor":9.0,"key":"Unceasing Top"},{"floor":12.0,"key":"Girya"},{"floor":26,"key":"Mango"},{"floor":30,"key":"Whetstone"},{"floor":43,"key":"Regal Pillow"}],"event_choices":[{"event_name":"Golden Idol","player_choice":"Take Damage","floor":2.0,"damage_taken":0.0},{"event_name":"Shining Light","player_choice":"Entered Light","floor":14.0,"damage_taken":0.0},{"event_name":"Colosseum","player_choice":"Fight","floor":20,"damage_taken":0},{"event_name":"Colosseum","player_choice":"Fled From Nobs","floor":20,"damage_taken":0},{"event_name":"Drug Dealer","player_choice":"Inject Mutagens","floor":24,"damage_taken":0},{"event_name":"Falling","player_choice":"Removed Power","floor":37,"damage_taken":0},{"event_name":"The Moai Head","player_choice":"Gave Idol","floor":41,"damage_taken":0},{"event_name":"Mysterious Sphere","player_choice":"Ignore","floor":47,"damage_taken":0}],"is_beta":false,"boss_relics":[{"not_picked":["Philosopher\u0027s Stone","Runic Dome"],"picked":"Busted Crown"},{"not_picked":["Black Star","Runic Pyramid"],"picked":"Fusion Hammer"}],"items_purged_floors":[21,31,36],"is_endless":false,"potions_floor_spawned":[3,10,16,18,19,22,28,29,38,45,48],"ascension_level":0}