{"gold_per_floor":[115,129,98,98,116,143,143,156,207,279,279],"floor_reached":11,"playtime":764,"items_purged":[],"score":73,"play_id":"893a16b8-384f-48be-9b78-f7dcbd371fb1","local_time":"20180628132031","is_ascension_mode":false,"campfire_choices":[{"data":"Envenom","floor":7,"key":"SMITH"}],"neow_cost":"FIFTY_PERCENT_DAMAGE","seed_source_timestamp":161019830504772,"circlet_count":0,"master_deck":["Defend_G","Defend_G","Defend_G","Defend_G","Defend_G","Strike_G","Strike_G","Strike_G","Strike_G","Strike_G","Survivor","Neutralize","Envenom+1","Heel Hook","Bane","Deflect","Dagger Throw","Footwork"],"relics":["Ring of the Snake","Mummified Hand","Boot","Meat on the Bone"],"potions_floor_usage":[11],"damage_taken":[{"damage":1,"enemies":"2 Louse","floor":1,"turns":4},{"damage":3,"enemies":"Jaw Worm","floor":2,"turns":5},{"damage":3,"enemies":"Small Slimes","floor":5,"turns":4},{"damage":22,"enemies":"3 Sentries","floor":6,"turns":11},{"damage":0,"enemies":"Blue Slaver","floor":8,"turns":2},{"damage":18,"enemies":"Lagavulin","floor":11,"turns":8}],"seed_played":"-960236877434833541","potions_obtained":[{"floor":2,"key":"FairyPotion"},{"floor":6,"key":"SkillPotion"}],"is_trial":false,"path_per_floor":["M","M","?","?","M","E","R","M","T","T"],"character_chosen":"THE_SILENT","items_purchased":[],"campfire_rested":0,"item_purchase_floors":[],"current_hp_per_floor":[34,31,31,36,33,11,11,11,11,11,0],"gold":279,"neow_bonus":"THREE_RARE_CARDS","is_prod":false,"is_daily":false,"chose_seed":false,"campfire_upgraded":1,"win_rate":0.0,"timestamp":1530213631,"path_taken":["M","M","?","?","M","E","R","M","T","?","E"],"build_version":"2018-06-21v2","purchased_purges":0,"victory":false,"max_hp_per_floor":[70,70,70,75,75,75,75,75,75,75,75],"card_choices":[{"not_picked":["Venomology","Phantasmal Killer"],"picked":"Envenom","floor":0},{"not_picked":["Dagger Throw","PiercingWail"],"picked":"Heel Hook","floor":1},{"not_picked":["Outmaneuver","Dagger Spray"],"picked":"Bane","floor":2},{"not_picked":["Flying Knee","Bane"],"picked":"Deflect","floor":5},{"not_picked":["Burst","Slice"],"picked":"Dagger Throw","floor":6},{"not_picked":["Slice","Backstab"],"picked":"Footwork","floor":8}],"player_experience":49329,"relics_obtained":[{"floor":6,"key":"Mummified Hand"},{"floor":9,"key":"Boot"},{"floor":10,"key":"Meat on the Bone"}],"event_choices":[{"event_name":"World of Goop","player_choice":"Left","floor":3,"damage_taken":0},{"event_name":"Big Fish","player_choice":"Donut","floor":4,"damage_taken":0}],"boss_relics":[],"items_purged_floors":[],"is_endless":false,"potions_floor_spawned":[2,6],"killed_by":"Lagavulin","ascension_level":0}