{"gold_per_floor":[219,233,87,37,37,65,65,96,121,121,141,194,194,209,209,312,312,328,343,343,343,363,363,383,400,400,400,411,421,421,421,421,421],"floor_reached":33,"playtime":1803,"items_purged":["Strike_R"],"score":296,"play_id":"fb45b322-dc4a-4498-9324-f868f2d49dd9","local_time":"20180919020745","is_ascension_mode":true,"campfire_choices":[{"floor":7,"key":"REST"},{"data":"Shockwave","floor":13,"key":"SMITH"},{"data":"Flame Barrier","floor":15,"key":"SMITH"},{"floor":23,"key":"REST"},{"floor":27,"key":"REST"},{"floor":32,"key":"REST"}],"neow_cost":"NONE","seed_source_timestamp":307267493461061,"circlet_count":0,"master_deck":["Strike_R+1","Strike_R+1","Strike_R+1","Defend_R+1","Defend_R+1","Defend_R+1","Defend_R+1","Bash+1","Twin Strike+1","Inflame","Shockwave+1","Flame Barrier+1","Warcry","Feel No Pain","Pommel Strike","Offering","Shrug It Off"],"relics":["Burning Blood","Whetstone","Ancient Tea Set","Vajra","Strawberry","White Beast Statue","Nilry\u0027s Codex","Charon\u0027s Ashes"],"potions_floor_usage":[22,22,29,33,33,33],"damage_taken":[{"damage":6,"enemies":"Cultist","floor":1,"turns":3},{"damage":8,"enemies":"2 Louse","floor":2,"turns":3},{"damage":35,"enemies":"3 Sentries","floor":6,"turns":10},{"damage":16,"enemies":"Gremlin Nob","floor":8,"turns":4},{"damage":2,"enemies":"Small Slimes","floor":11,"turns":3},{"damage":8,"enemies":"Exordium Wildlife","floor":14,"turns":6},{"damage":27,"enemies":"The Guardian","floor":16,"turns":7},{"damage":16,"enemies":"3 Byrds","floor":18,"turns":3},{"damage":19,"enemies":"Chosen","floor":19,"turns":6},{"damage":12,"enemies":"Snake Plant","floor":22,"turns":2},{"damage":14,"enemies":"Snecko","floor":24,"turns":4},{"damage":18,"enemies":"Cultist and Chosen","floor":25,"turns":6},{"damage":6,"enemies":"Centurion and Healer","floor":28,"turns":4},{"damage":35,"enemies":"Sentry and Sphere","floor":29,"turns":5},{"damage":19,"enemies":"Colosseum Slavers","floor":30,"turns":5},{"damage":67,"enemies":"Automaton","floor":33,"turns":6}],"seed_played":"-2912733992547764408","potions_obtained":[{"floor":6,"key":"Poison Potion"},{"floor":14,"key":"PowerPotion"},{"floor":16,"key":"Fire Potion"},{"floor":18,"key":"Fire Potion"},{"floor":19,"key":"SkillPotion"},{"floor":22,"key":"Regen Potion"},{"floor":24,"key":"Strength Potion"},{"floor":25,"key":"Strength Potion"},{"floor":29,"key":"LiquidBronze"}],"is_trial":false,"path_per_floor":["M","M","$","?","$","E","R","E","T","?","M","?","R","M","R","B",null,"M","M","?","?","M","R","M","M","T","R","M","M","?","?","R"],"character_chosen":"IRONCLAD","items_purchased":["Shockwave"],"campfire_rested":4,"item_purchase_floors":[3],"current_hp_per_floor":[80,78,78,78,78,49,73,63,63,70,74,74,74,72,72,51,87,77,64,48,31,25,52,44,32,32,59,59,45,32,32,59,0],"gold":421,"neow_bonus":"HUNDRED_GOLD","is_prod":false,"is_daily":false,"chose_seed":false,"campfire_upgraded":2,"win_rate":1,"timestamp":1537315665,"path_taken":["M","?","$","?","$","E","R","E","T","?","M","?","R","M","R","BOSS","M","M","?","?","M","R","M","?","T","R","M","M","?","?","R","BOSS"],"build_version":"2018-09-18","purchased_purges":1,"victory":false,"max_hp_per_floor":[80,80,80,80,80,80,80,80,80,87,87,87,87,87,87,87,87,87,87,87,92,92,92,92,92,92,92,92,92,92,92,92,92],"card_choices":[{"not_picked":["Blood for Blood","Reckless Charge"],"picked":"Twin Strike","floor":1},{"not_picked":["Clash","Anger"],"picked":"Inflame","floor":2},{"not_picked":["Heavy Blade","Seeing Red"],"picked":"Flame Barrier","floor":6},{"not_picked":["Berserk","Body Slam"],"picked":"Warcry","floor":8},{"not_picked":["Flex","Perfected Strike"],"picked":"Feel No Pain","floor":11},{"not_picked":["Heavy Blade","Anger"],"picked":"Pommel Strike","floor":14},{"not_picked":["Reaper","Double Tap"],"picked":"Offering","floor":16},{"not_picked":["Pommel Strike","Bloodletting","Clothesline"],"picked":"SKIP","floor":18},{"not_picked":["Twin Strike+1","Flex","Reckless Charge"],"picked":"SKIP","floor":19},{"not_picked":["Cleave","Iron Wave","Perfected Strike+1"],"picked":"SKIP","floor":22},{"not_picked":["Pommel Strike","Clash","Sever Soul"],"picked":"SKIP","floor":24},{"not_picked":["Thunderclap","Combust+1"],"picked":"Shrug It Off","floor":25},{"not_picked":["Flex","Armaments","Perfected Strike"],"picked":"SKIP","floor":28},{"not_picked":["Headbutt","Body Slam","Armaments"],"picked":"SKIP","floor":29}],"player_experience":16257,"relics_obtained":[{"floor":6,"key":"Whetstone"},{"floor":8,"key":"Ancient Tea Set"},{"floor":9,"key":"Vajra"},{"floor":20,"key":"Nilry\u0027s Codex"},{"floor":26,"key":"Charon\u0027s Ashes"}],"event_choices":[{"event_name":"The Cleric","player_choice":"Card Removal","floor":4,"damage_taken":0},{"event_name":"WeMeetAgain","player_choice":"Potion","floor":10,"damage_taken":0},{"event_name":"Golden Wing","player_choice":"Gained Gold","floor":12,"damage_taken":0},{"event_name":"Cursed Tome","player_choice":"Obtained Book","floor":20,"damage_taken":0},{"event_name":"Forgotten Altar","player_choice":"Shed Blood","floor":21,"damage_taken":0},{"event_name":"Colosseum","player_choice":"Fight","floor":30,"damage_taken":0},{"event_name":"Colosseum","player_choice":"Fled From Nobs","floor":30,"damage_taken":0},{"event_name":"Back to Basics","player_choice":"Simplicity","floor":31,"damage_taken":0}],"is_beta":true,"boss_relics":[{"not_picked":["Orrery","Tiny House"],"picked":"White Beast Statue"}],"items_purged_floors":[3],"is_endless":false,"potions_floor_spawned":[6,14,16,18,19,22,24,25,28,29,30],"killed_by":"Automaton","ascension_level":3}