{"gold_per_floor":[112,122,138,113,35,35,48,61,61,61,61,78,98,109,109,206,206,219,219,235,114,214,214,226,226,226,241,257,311,311,330,330,435,435,453,470,470,484,484,484,497,517,567,567,567],"floor_reached":45,"playtime":2275,"items_purged":["Strike_G"],"score":465,"play_id":"1bcd7f60-86e7-416d-9b8e-8a964ce1f70d","local_time":"20180701154011","is_ascension_mode":false,"campfire_choices":[{"data":"Crippling Poison","floor":6,"key":"SMITH"},{"data":"Noxious Fumes","floor":10,"key":"SMITH"},{"floor":15,"key":"REST"},{"data":"Noxious Fumes","floor":23,"key":"SMITH"},{"floor":25,"key":"REST"},{"data":"A Thousand Cuts","floor":30,"key":"SMITH"},{"floor":32,"key":"REST"},{"data":"Burst","floor":40,"key":"SMITH"},{"floor":44,"key":"REST"}],"neow_cost":"NONE","seed_source_timestamp":427053111369922,"circlet_count":0,"master_deck":["Defend_G","Defend_G","Defend_G","Defend_G","Defend_G","Strike_G","Strike_G","Strike_G","Strike_G","Survivor","Neutralize","A Thousand Cuts+1","Crippling Poison+1","Quick Slash","Deadly Poison","Poisoned Stab","Noxious Fumes+1","Noxious Fumes+1","PiercingWail","Dodge and Roll","Flying Knee","Deflect","Envenom+1","Caltrops+1","Escape Plan+1","PiercingWail","Blur","Outmaneuver+1","Flying Knee","Flying Knee+1","Burst+1","Bouncing Flask+1","Footwork+1","Catalyst+1","Madness","Blur+1","Poisoned Stab"],"relics":["Ring of the Snake","Frozen Egg 2","Sozu","Enchiridion","Thread and Needle","Art of War","Happy Flower"],"potions_floor_usage":[33],"damage_taken":[{"damage":0,"enemies":"Cultist","floor":1,"turns":5},{"damage":0,"enemies":"Jaw Worm","floor":2,"turns":5},{"damage":2,"enemies":"Small Slimes","floor":3,"turns":5},{"damage":9,"enemies":"Exordium Thugs","floor":4,"turns":5},{"damage":11,"enemies":"Blue Slaver","floor":7,"turns":3},{"damage":11,"enemies":"Exordium Wildlife","floor":8,"turns":5},{"damage":20,"enemies":"Exordium Thugs","floor":12,"turns":6},{"damage":5,"enemies":"Lots of Slimes","floor":13,"turns":2},{"damage":5,"enemies":"3 Louse","floor":14,"turns":3},{"damage":13,"enemies":"Hexaghost","floor":16,"turns":8},{"damage":11,"enemies":"Spheric Guardian","floor":18,"turns":5},{"damage":17,"enemies":"Chosen","floor":20,"turns":4},{"damage":12,"enemies":"Snake Plant","floor":24,"turns":5},{"damage":0,"enemies":"Snecko","floor":27,"turns":5},{"damage":8,"enemies":"3 Cultists","floor":28,"turns":4},{"damage":20,"enemies":"Snake Plant","floor":31,"turns":3},{"damage":11,"enemies":"Champ","floor":33,"turns":11},{"damage":12,"enemies":"Orb Walker","floor":35,"turns":4},{"damage":2,"enemies":"3 Shapes","floor":36,"turns":6},{"damage":2,"enemies":"Sphere and 2 Shapes","floor":38,"turns":5},{"damage":26,"enemies":"3 Darklings","floor":41,"turns":4},{"damage":0,"enemies":"Maw","floor":42,"turns":6},{"damage":60,"enemies":"4 Shapes","floor":45,"turns":3}],"seed_played":"-4043483072834935544","potions_obtained":[{"floor":1,"key":"Block Potion"},{"floor":2,"key":"GhostInAJar"},{"floor":3,"key":"SpeedPotion"},{"floor":8,"key":"Explosive Potion"}],"is_trial":false,"path_per_floor":["M","M","M","M","$","R","M","M","T","R","$","M","M","M","R","B",null,"M","?","M","$","?","R","M","R","T","M","M","T","R","M","R","B",null,"M","M","?","M","?","R","M","M","T","R"],"character_chosen":"THE_SILENT","items_purchased":["Noxious Fumes","PiercingWail"],"campfire_rested":4,"item_purchase_floors":[5,21],"current_hp_per_floor":[70,70,68,59,59,59,48,37,37,37,37,17,12,7,28,15,70,59,43,26,26,26,26,14,35,35,35,27,27,27,7,28,17,70,58,56,56,54,54,54,28,28,28,49,0],"gold":567,"neow_bonus":"ONE_RANDOM_RARE_CARD","is_prod":false,"is_daily":false,"chose_seed":false,"campfire_upgraded":5,"win_rate":0.0,"timestamp":1530481211,"path_taken":["M","M","?","M","$","R","M","M","T","R","$","M","M","M","R","BOSS","M","?","M","$","?","R","?","R","T","M","M","?","R","M","R","BOSS","M","M","?","M","?","R","M","M","T","R","M"],"build_version":"2018-06-28","purchased_purges":1,"victory":false,"max_hp_per_floor":[70,70,70,70,70,70,70,70,70,70,70,70,70,70,70,70,70,70,70,70,70,70,70,70,70,70,70,70,70,70,70,70,70,70,70,70,70,70,70,70,70,70,70,70,70],"card_choices":[{"not_picked":["Catalyst","Quick Slash"],"picked":"Crippling Poison","floor":1},{"not_picked":["Dagger Spray","Slice"],"picked":"Quick Slash","floor":2},{"not_picked":["Slice","Underhanded Strike"],"picked":"Deadly Poison","floor":3},{"not_picked":["Calculated Gamble","Underhanded Strike"],"picked":"Poisoned Stab","floor":4},{"not_picked":["Riddle With Holes","Heel Hook"],"picked":"Noxious Fumes","floor":7},{"not_picked":["Deadly Poison","Acrobatics"],"picked":"PiercingWail","floor":8},{"not_picked":["Predator","Blade Dance"],"picked":"Dodge and Roll","floor":12},{"not_picked":["Predator","Slice"],"picked":"Flying Knee","floor":13},{"not_picked":["Doppelganger","Expertise"],"picked":"Deflect","floor":14},{"not_picked":["Corpse Explosion","Tools of the Trade+1"],"picked":"Envenom+1","floor":16},{"not_picked":["Finisher+1","Deflect"],"picked":"Caltrops+1","floor":18},{"not_picked":["Riddle With Holes+1","Deadly Poison"],"picked":"Escape Plan+1","floor":20},{"not_picked":["Deadly Poison","Malaise"],"picked":"Blur","floor":24},{"not_picked":["Flying Knee","Slice"],"picked":"Outmaneuver+1","floor":27},{"not_picked":["Quick Slash+1","Well Laid Plans+1"],"picked":"Flying Knee","floor":28},{"not_picked":["Dodge and Roll","Reflex"],"picked":"Flying Knee+1","floor":31},{"not_picked":["Night Terror","Storm of Steel"],"picked":"Burst","floor":33},{"not_picked":["Infinite Blades+1","Noxious Fumes+1"],"picked":"Bouncing Flask","floor":35},{"not_picked":["Underhanded Strike","Heel Hook"],"picked":"Footwork+1","floor":36},{"not_picked":["Underhanded Strike+1","Crippling Poison"],"picked":"Catalyst+1","floor":38},{"not_picked":["Apotheosis","Panacea"],"picked":"Madness","floor":39},{"not_picked":["Sucker Punch+1","Distraction"],"picked":"Blur+1","floor":41},{"not_picked":["Dagger Throw","Slice"],"picked":"Poisoned Stab","floor":42}],"player_experience":90554,"relics_obtained":[{"floor":9,"key":"Frozen Egg 2"},{"floor":19,"key":"Enchiridion"},{"floor":26,"key":"Thread and Needle"},{"floor":29,"key":"Art of War"},{"floor":43,"key":"Happy Flower"}],"event_choices":[{"event_name":"Cursed Tome","player_choice":"Obtained Book","floor":19,"damage_taken":0},{"event_name":"Golden Shrine","player_choice":"Pray","floor":22,"damage_taken":0},{"event_name":"Upgrade Shrine","player_choice":"Upgraded","floor":37,"damage_taken":0},{"event_name":"SensoryStone","player_choice":"Memory 1","floor":39,"damage_taken":0}],"boss_relics":[{"not_picked":["Orrery","Tiny House"],"picked":"Sozu"},{"not_picked":["Snecko Eye","Philosopher\u0027s Stone","Fusion Hammer"]}],"items_purged_floors":[21],"is_endless":false,"potions_floor_spawned":[1,2,3,8,13,18,24,27,33,35,41],"killed_by":"4 Shapes","ascension_level":0}