{"gold_per_floor":[110,110,126,145,245,245,263,278,278,356,374,388,399,427,427,525,525,540,630,660,676,7,26,26,26,101,101,101,136,156,176,176,277,277,296,308,9,26,42,42,58,77,77,77,87,119,119,134,134,134],"floor_reached":50,"playtime":2915,"items_purged":["Strike_B","White Noise"],"score":577,"play_id":"11e87520-0b24-4d03-a90a-6846ecdba6eb","local_time":"20180701133536","is_ascension_mode":false,"campfire_choices":[{"data":"Zap","floor":6,"key":"SMITH"},{"data":"Loop","floor":15,"key":"SMITH"},{"data":"Recycle","floor":24,"key":"SMITH"},{"floor":28,"key":"REST"},{"data":"Sunder","floor":32,"key":"SMITH"},{"data":"Biased Cognition","floor":40,"key":"SMITH"},{"data":"Tempest","floor":47,"key":"SMITH"},{"data":"Creative AI","floor":49,"key":"SMITH"}],"neow_cost":"NONE","seed_source_timestamp":418600406238364,"circlet_count":0,"master_deck":["Defend_B","Defend_B","Defend_B","Defend_B","Zap+1","Dualcast","Conserve Battery","Melter","Ball Lightning","Redo","Beam Cell","Reboot","Redo","Loop+1","Thunder Strike","Recycle+1","Swift Strike","Ball Lightning+1","Sunder+1","Storm","Bandage Up","Conserve Battery","Capacitor","Bite","Bite","Bite","Bite","Bite","Tempest+1","Stack+1","Core Surge","Biased Cognition+1","Self Repair","Stack","Zap","Aggregate","Swift Strike","Beam Cell+1","Creative AI+1"],"relics":["Cracked Core","NeowsBlessing","Thread and Needle","Unceasing Top","Sozu","Red Mask","Mercury Hourglass","Happy Flower","Bronze Scales","Bottled Flame","Bird Faced Urn","Lizard Tail","Bag of Preparation","Potion Belt","Anchor"],"potions_floor_usage":[20,33,33],"damage_taken":[{"damage":0,"enemies":"2 Louse","floor":1,"turns":1},{"damage":0,"enemies":"Cultist","floor":3,"turns":1},{"damage":0,"enemies":"Small Slimes","floor":4,"turns":1},{"damage":0,"enemies":"3 Louse","floor":7,"turns":3},{"damage":7,"enemies":"Large Slime","floor":8,"turns":5},{"damage":0,"enemies":"2 Fungi Beasts","floor":11,"turns":3},{"damage":3,"enemies":"Lots of Slimes","floor":12,"turns":3},{"damage":0,"enemies":"Gremlin Gang","floor":13,"turns":4},{"damage":12,"enemies":"Lagavulin","floor":14,"turns":5},{"damage":15,"enemies":"The Guardian","floor":16,"turns":9},{"damage":0,"enemies":"Chosen","floor":18,"turns":4},{"damage":23,"floor":20,"turns":4},{"damage":0,"enemies":"Spheric Guardian","floor":21,"turns":2},{"damage":9,"enemies":"Snecko","floor":23,"turns":4},{"damage":36,"enemies":"Slavers","floor":29,"turns":5},{"damage":0,"enemies":"Sentry and Sphere","floor":30,"turns":3},{"damage":8,"enemies":"3 Cultists","floor":31,"turns":4},{"damage":46,"enemies":"Champ","floor":33,"turns":9},{"damage":13,"enemies":"Orb Walker","floor":35,"turns":3},{"damage":0,"enemies":"3 Shapes","floor":36,"turns":2},{"damage":41,"enemies":"Maw","floor":38,"turns":6},{"damage":1,"enemies":"4 Shapes","floor":39,"turns":4},{"damage":28,"enemies":"3 Darklings","floor":41,"turns":4},{"damage":2,"enemies":"Sphere and 2 Shapes","floor":42,"turns":3},{"damage":21,"enemies":"4 Shapes","floor":45,"turns":3},{"damage":79,"enemies":"Giant Head","floor":46,"turns":8},{"damage":0,"enemies":"Maw","floor":48,"turns":6},{"damage":76,"enemies":"Time Eater","floor":50,"turns":5}],"seed_played":"4167622159704106098","potions_obtained":[{"floor":4,"key":"SpeedPotion"},{"floor":8,"key":"Regen Potion"},{"floor":11,"key":"Fire Potion"}],"is_trial":false,"path_per_floor":["M","?","M","M","?","R","M","M","T","?","M","M","M","E","R","B",null,"M","?","?","M","$","M","R","T","T","?","R","E","M","M","R","B",null,"M","M","$","M","M","R","M","M","T","?","M","E","R","M","R"],"character_chosen":"DEFECT","items_purchased":["Storm","Mercury Hourglass","Happy Flower","Bandage Up","Conserve Battery","Bag of Preparation","Stack"],"campfire_rested":1,"item_purchase_floors":[22,22,22,22,22,37,37],"current_hp_per_floor":[75,80,80,80,80,80,80,73,73,73,73,70,70,58,58,43,80,80,56,33,33,33,28,28,28,28,28,44,18,26,28,28,28,56,43,45,45,35,53,53,43,51,51,51,50,37,37,56,56,0],"gold":134,"neow_bonus":"THREE_ENEMY_KILL","is_prod":false,"is_daily":false,"chose_seed":false,"campfire_upgraded":7,"win_rate":0,"timestamp":1530473736,"path_taken":["M","?","M","M","?","R","?","M","T","?","M","M","M","E","R","BOSS","M","?","?","M","$","M","R","?","T","?","R","E","?","M","R","BOSS","M","M","$","M","M","R","M","M","T","?","M","E","R","M","R","BOSS"],"build_version":"2018-06-28","purchased_purges":2,"victory":false,"max_hp_per_floor":[75,80,80,80,80,80,80,80,80,80,80,80,80,80,80,80,80,80,80,80,80,80,80,80,80,80,56,56,56,56,56,56,56,56,56,56,56,56,56,56,56,56,56,56,56,56,56,56,56,56],"card_choices":[{"not_picked":["Barrage","Steam"],"picked":"Conserve Battery","floor":1},{"not_picked":["Skim","Steam"],"picked":"Melter","floor":3},{"not_picked":["Steam","Force Field"],"picked":"Ball Lightning","floor":4},{"not_picked":["Rebound","Sweeping Beam"],"picked":"Redo","floor":7},{"not_picked":["Rip and Tear","Leap"],"picked":"White Noise","floor":8},{"not_picked":["Auto Shields","Rebound"],"picked":"Beam Cell","floor":11},{"not_picked":["Cold Snap","Ball Lightning"],"picked":"Reboot","floor":12},{"not_picked":["Gash","Leap"],"picked":"Redo","floor":13},{"not_picked":["Genetic Algorithm","Barrage"],"picked":"Loop","floor":14},{"not_picked":["Hyperbeam","Machine Learning"],"picked":"Thunder Strike","floor":16},{"not_picked":["Hologram","Rebound+1"],"picked":"Recycle","floor":18},{"not_picked":["Gash","Doom and Gloom"],"picked":"Ball Lightning+1","floor":20},{"not_picked":["Sweeping Beam","Melter"],"picked":"Sunder","floor":21},{"not_picked":["Streamline","Go for the Eyes+1"],"picked":"Capacitor","floor":23},{"not_picked":["Turbo","Stack"],"picked":"Tempest","floor":29},{"not_picked":["Lockon","Hologram"],"picked":"Stack+1","floor":30},{"not_picked":["Rebound+1","Blizzard"],"picked":"Core Surge","floor":31},{"not_picked":["Amplify","Hyperbeam"],"picked":"Biased Cognition","floor":33},{"not_picked":["Ball Lightning+1","Redo+1"],"picked":"Self Repair","floor":35},{"not_picked":["Blizzard","Auto Shields","Barrage+1"],"picked":"SKIP","floor":36},{"not_picked":["Coolheaded","Compile Driver","Leap"],"picked":"SKIP","floor":38},{"not_picked":["Leap+1","Heatsinks","Hologram"],"picked":"SKIP","floor":39},{"not_picked":["Self Repair","Tempest","Hyperbeam"],"picked":"SKIP","floor":41},{"not_picked":["Stack","Hologram+1","Darkness"],"picked":"SKIP","floor":42},{"not_picked":["Barrage","Gash+1"],"picked":"Beam Cell+1","floor":45},{"not_picked":["Hello World","Compile Driver","Sweeping Beam"],"picked":"SKIP","floor":46},{"not_picked":["Doom and Gloom","Streamline+1"],"picked":"Creative AI","floor":48}],"player_experience":82557,"relics_obtained":[{"floor":9,"key":"Thread and Needle"},{"floor":14,"key":"Unceasing Top"},{"floor":20,"key":"Red Mask"},{"floor":25,"key":"Bronze Scales"},{"floor":26,"key":"Bottled Flame"},{"floor":29,"key":"Bird Faced Urn"},{"floor":43,"key":"Potion Belt"},{"floor":46,"key":"Anchor"}],"event_choices":[{"event_name":"Big Fish","player_choice":"Donut","floor":2,"damage_taken":0},{"event_name":"Golden Shrine","player_choice":"Pray","floor":5,"damage_taken":0},{"event_name":"Golden Wing","player_choice":"Gained Gold","floor":10,"damage_taken":0},{"event_name":"Knowing Skull","player_choice":"CARD GOLD ","floor":19,"damage_taken":0},{"event_name":"Masked Bandits","player_choice":"Fought over 630 gold","floor":20,"damage_taken":0},{"event_name":"Vampires","player_choice":"Became a vampire","floor":27,"damage_taken":0},{"event_name":"Match and Keep!","player_choice":"3 cards matched","floor":44,"damage_taken":0}],"boss_relics":[{"not_picked":["Inserter","Runic Pyramid"],"picked":"Sozu"},{"not_picked":["Runic Dome","White Beast Statue"],"picked":"Lizard Tail"}],"items_purged_floors":[22,37],"is_endless":false,"potions_floor_spawned":[4,8,11,14,18,20,23,31,35,45,46],"killed_by":"Time Eater","ascension_level":0}