{"gold_per_floor":[111,126,146,246,261,291,304,304,304,330,340,355,355,107,107,107],"floor_reached":16,"playtime":640,"items_purged":["Strike_R"],"score":171,"play_id":"54cf0a6e-1a6b-4384-8f33-a81367185085","local_time":"20181111183836","is_ascension_mode":true,"campfire_choices":[{"floor":8,"key":"REST"},{"floor":13,"key":"REST"},{"data":"Immolate","floor":15,"key":"SMITH"}],"neow_cost":"NONE","seed_source_timestamp":24309124176956,"circlet_count":0,"master_deck":["AscendersBane","Strike_R","Strike_R","Strike_R","Strike_R","Defend_R","Defend_R","Defend_R","Defend_R","Bash","Flex","Armaments","Berserk","Sword Boomerang","Pommel Strike","Pommel Strike","Cleave","Headbutt","Shrug It Off","Immolate+1"],"special_seed":0,"relics":["Burning Blood","Blood Vial","Ancient Tea Set","Boot"],"potions_floor_usage":[7,10,16],"damage_taken":[{"damage":1.0,"enemies":"Cultist","floor":1.0,"turns":3.0},{"damage":14,"enemies":"2 Louse","floor":2,"turns":2},{"damage":7,"enemies":"Jaw Worm","floor":3,"turns":5},{"damage":9,"enemies":"2 Fungi Beasts","floor":5,"turns":4},{"damage":42,"enemies":"Lagavulin","floor":6,"turns":8},{"damage":24,"enemies":"Lots of Slimes","floor":7,"turns":4},{"damage":32,"enemies":"Gremlin Nob","floor":10,"turns":4},{"damage":11,"enemies":"Blue Slaver","floor":11,"turns":4},{"damage":12,"enemies":"2 Fungi Beasts","floor":12,"turns":3},{"damage":44,"enemies":"The Guardian","floor":16,"turns":9}],"seed_played":"-4644739337104945454","potions_obtained":[{"floor":3,"key":"Ancient Potion"},{"floor":5,"key":"LiquidBronze"},{"floor":6,"key":"GamblersBrew"},{"floor":10,"key":"SpeedPotion"},{"floor":11,"key":"Ancient Potion"}],"is_trial":false,"path_per_floor":["M","M","M","M","?","M","E","M","R","T","E","M","M","R","$","R","B"],"character_chosen":"IRONCLAD","items_purchased":["Shrug It Off","Immolate"],"campfire_rested":2,"item_purchase_floors":[14,14],"current_hp_per_floor":[85,77,76,76,73,37,21,47,47,23,20,16,42,42,42,0],"gold":107,"neow_bonus":"TEN_PERCENT_HP_BONUS","is_prod":false,"is_daily":false,"chose_seed":false,"campfire_upgraded":1,"win_rate":0,"timestamp":1541986716,"path_taken":["M","?","M","?","M","E","M","R","T","E","M","M","R","?","R","BOSS"],"build_version":"2018-11-08","purchased_purges":1,"victory":false,"max_hp_per_floor":[88,88,88,88,88,88,88,88,88,88,88,88,88,88,88,88],"card_choices":[{"not_picked":["Heavy Blade","Dual Wield"],"picked":"Flex","floor":1},{"not_picked":["Burning Pact","Rupture"],"picked":"Armaments","floor":2},{"not_picked":["Sword Boomerang","Clothesline"],"picked":"Berserk","floor":3},{"not_picked":["Rupture","Armaments"],"picked":"Sword Boomerang","floor":5},{"not_picked":["Iron Wave","Anger"],"picked":"Pommel Strike","floor":6},{"not_picked":["Reckless Charge","Havoc","Fire Breathing"],"picked":"SKIP","floor":7},{"not_picked":["Blood for Blood","Combust"],"picked":"Pommel Strike","floor":10},{"not_picked":["Wild Strike","Havoc"],"picked":"Cleave","floor":11},{"not_picked":["Combust","Flex"],"picked":"Headbutt","floor":12}],"player_experience":591000,"relics_obtained":[{"floor":6,"key":"Blood Vial"},{"floor":9,"key":"Ancient Tea Set"},{"floor":10,"key":"Boot"}],"event_choices":[{"damage_healed":0,"gold_gain":100,"player_choice":"Pray","damage_taken":0,"max_hp_gain":0,"max_hp_loss":0,"event_name":"Golden Shrine","floor":4,"gold_loss":0}],"is_beta":false,"boss_relics":[],"items_purged_floors":[14],"is_endless":false,"potions_floor_spawned":[3,5,6,10,11],"killed_by":"The Guardian","ascension_level":10}