{"gold_per_floor":[109,109,120,45,120,120,21,31,31,41,41,61,73,1,1,96,96,111,128,128,51,51],"floor_reached":22,"playtime":964,"items_purged":["Strike_G"],"score":176,"play_id":"cbbceb1a-2749-4442-9e8c-14c32d51ba2d","local_time":"20180703150916","is_ascension_mode":false,"campfire_choices":[{"data":"Caltrops","floor":6,"key":"SMITH"},{"data":"Noxious Fumes","floor":11,"key":"SMITH"},{"floor":15,"key":"REST"}],"neow_cost":"NONE","seed_source_timestamp":160954829182635,"circlet_count":0,"master_deck":["Defend_G","Defend_G","Defend_G","Strike_G","Strike_G","Strike_G","Survivor","Neutralize","Caltrops+1","Cloak And Dagger","Accuracy","Cloak And Dagger","Calculated Gamble","Noxious Fumes+1","Outmaneuver","Adrenaline","Blur","Burst","Deflect","Escape Plan+1","Necronomicurse","Infinite Blades"],"relics":["Ring of the Snake","Boot","Blue Candle","Empty Cage","Necronomicon"],"potions_floor_usage":[19],"damage_taken":[{"damage":0,"enemies":"2 Louse","floor":1,"turns":3},{"damage":0,"enemies":"Cultist","floor":3,"turns":4},{"damage":0,"enemies":"Small Slimes","floor":8,"turns":4},{"damage":17,"enemies":"Exordium Thugs","floor":10,"turns":6},{"damage":5,"enemies":"Blue Slaver","floor":12,"turns":4},{"damage":0,"enemies":"2 Fungi Beasts","floor":13,"turns":4},{"damage":35,"enemies":"Slime Boss","floor":16,"turns":13},{"damage":1,"enemies":"3 Byrds","floor":18,"turns":3},{"damage":39,"enemies":"Chosen","floor":19,"turns":7},{"damage":18,"enemies":"3 Cultists","floor":22,"turns":3}],"seed_played":"-7951544780404651760","potions_obtained":[{"floor":8,"key":"GhostInAJar"},{"floor":12,"key":"SkillPotion"},{"floor":13,"key":"SteroidPotion"},{"floor":19,"key":"Weak Potion"}],"is_trial":false,"path_per_floor":["M","?","M","$","?","R","$","M","T","M","R","M","M","$","R","B",null,"M","M","?","$"],"character_chosen":"THE_SILENT","items_purchased":["Accuracy","Cloak And Dagger","Blur","Infinite Blades"],"campfire_rested":1,"item_purchase_floors":[4,7,14,21],"current_hp_per_floor":[70,63,63,63,52,52,52,52,52,35,35,30,30,30,51,16,70,69,30,14,14,0],"gold":51,"neow_bonus":"RANDOM_COMMON_RELIC","is_prod":false,"is_daily":false,"chose_seed":false,"campfire_upgraded":2,"win_rate":0.0,"timestamp":1530652156,"path_taken":["M","?","M","$","?","R","$","M","T","M","R","M","M","?","R","BOSS","M","M","?","$","M"],"build_version":"2018-06-28","purchased_purges":1,"victory":false,"max_hp_per_floor":[70,70,70,70,70,70,70,70,70,70,70,70,70,70,70,70,70,70,70,70,70,70],"card_choices":[{"not_picked":["Acrobatics","Deflect"],"picked":"Caltrops","floor":1},{"not_picked":["Quick Slash","Reflex"],"picked":"Cloak And Dagger","floor":3},{"not_picked":["Prepared","Underhanded Strike"],"picked":"Calculated Gamble","floor":8},{"not_picked":["Crippling Poison","Deflect"],"picked":"Noxious Fumes","floor":10},{"not_picked":["Backflip","Bane"],"picked":"Outmaneuver","floor":12},{"not_picked":["Poisoned Stab","Cloak And Dagger"],"picked":"Adrenaline","floor":13},{"not_picked":["Doppelganger","Bullet Time"],"picked":"Burst","floor":16},{"not_picked":["Calculated Gamble","Quick Slash"],"picked":"Deflect","floor":18},{"not_picked":["Dash","Well Laid Plans"],"picked":"Escape Plan+1","floor":19}],"player_experience":140773,"relics_obtained":[{"floor":9,"key":"Blue Candle"},{"floor":20,"key":"Necronomicon"}],"event_choices":[{"event_name":"Golden Wing","player_choice":"Card Removal","floor":2,"damage_taken":0},{"event_name":"World of Goop","player_choice":"Gather Gold","floor":5,"damage_taken":0},{"event_name":"Cursed Tome","player_choice":"Obtained Book","floor":20,"damage_taken":0}],"boss_relics":[{"not_picked":["Runic Pyramid","Ectoplasm"],"picked":"Empty Cage"}],"items_purged_floors":[7],"is_endless":false,"potions_floor_spawned":[8,12,13,16,19],"killed_by":"3 Cultists","ascension_level":0}