{"gold_per_floor":[212,212,9,29,49,82,82,82,82,14,14,14,14,14,14,111,111,122,122,134,134,61,61,14,14,96,96,107,117,117,128,128,224,224,239,256,256,54,0,0,0,10,89,89,89],"floor_reached":45,"playtime":1160,"items_purged":["Regret","Defend_B"],"score":432,"play_id":"5ac13f61-673a-4a92-8840-85cc27e5d590","local_time":"20190315224221","is_ascension_mode":false,"campfire_choices":[{"floor":7,"key":"REST"},{"floor":15,"key":"REST"},{"floor":23,"key":"RECALL"},{"floor":30,"key":"REST"},{"floor":32,"key":"REST"},{"data":"Consume","floor":40,"key":"SMITH"},{"floor":44,"key":"REST"}],"neow_cost":"NONE","seed_source_timestamp":79570055487950,"circlet_count":0,"master_deck":["Defend_B","Zap","Dualcast+1","Redo","Static Discharge","Ball Lightning+1","Leap","Consume+1","Loop","Capacitor","Amplify","Redo+1","Glacier","Barrage+1","Bite+1","Bite+1","Bite+1","Bite+1","Bite+1","Redo","Ball Lightning+1","Ball Lightning+1","Tempest","Doom and Gloom+1","BootSequence+1","Machine Learning","Thunder Strike+1","Coolheaded","Storm"],"relics":["Cracked Core","Molten Egg 2","Ornamental Fan","Juzu Bracelet","Girya","Velvet Choker","The Courier","Runic Pyramid","Whetstone","Red Mask","Mercury Hourglass"],"potions_floor_usage":[20,33,35,45],"damage_taken":[{"damage":1,"enemies":"2 Louse","floor":1,"turns":2},{"damage":12,"enemies":"Small Slimes","floor":4,"turns":2},{"damage":13,"enemies":"Jaw Worm","floor":5,"turns":3},{"damage":22,"enemies":"Gremlin Nob","floor":6,"turns":4},{"damage":35,"enemies":"Hexaghost","floor":16,"turns":6},{"damage":15,"enemies":"Shell Parasite","floor":18,"turns":6},{"damage":16,"enemies":"3 Byrds","floor":20,"turns":3},{"damage":33,"enemies":"Snake Plant","floor":28,"turns":3},{"damage":18,"enemies":"Snecko","floor":29,"turns":4},{"damage":4,"enemies":"Centurion and Healer","floor":31,"turns":5},{"damage":55,"enemies":"Champ","floor":33,"turns":9},{"damage":57,"enemies":"3 Darklings","floor":35,"turns":4},{"damage":3,"enemies":"3 Shapes","floor":36,"turns":3},{"damage":40,"enemies":"Maw","floor":42,"turns":7},{"damage":67,"enemies":"Nemesis","floor":45,"turns":5}],"seed_played":"-8592778884052029472","potions_obtained":[{"floor":5,"key":"FocusPotion"},{"floor":6,"key":"Block Potion"},{"floor":20,"key":"GamblersBrew"},{"floor":33,"key":"LiquidBronze"},{"floor":42,"key":"Explosive Potion"}],"is_trial":false,"path_per_floor":["?","?","$","T","?","?","?","$","T","?","?","?","?"],"character_chosen":"DEFECT","items_purchased":["Static Discharge","Ball Lightning+1","Capacitor","Redo","Ball Lightning+1","Ball Lightning+1","Whetstone"],"campfire_rested":5,"item_purchase_floors":[3,3,10,22,22,24,38],"current_hp_per_floor":[74,74,74,62,49,27,49,34,34,34,34,34,34,34,56,21,75,60,60,44,44,44,44,44,44,44,44,17,5,20,28,43,9,52,3,9,45,45,45,45,45,17,17,30,0],"gold":89,"neow_bonus":"HUNDRED_GOLD","is_prod":false,"is_daily":false,"chose_seed":false,"campfire_upgraded":1,"win_rate":0,"timestamp":1552686141,"path_taken":["M","?","$","M","M","E","R","?","T","?","$","?","$","?","R","BOSS","M","?","M","?","$","R","?","?","T","?","M","M","R","M","R","BOSS","M","M","?","$","?","R","?","M","T","R","E"],"build_version":"2019-01-23","purchased_purges":2,"victory":false,"max_hp_per_floor":[75,75,75,75,75,75,75,75,75,75,75,75,75,75,75,75,75,75,75,75,52,52,52,52,52,52,52,52,52,52,52,52,52,52,52,52,45,45,45,45,45,45,45,45,45],"card_choices":[{"not_picked":["Streamline","Reinforced Body"],"picked":"Redo","floor":1},{"not_picked":["Gash+1","Steam"],"picked":"Leap","floor":4},{"not_picked":["Sweeping Beam+1","Hologram"],"picked":"Consume","floor":5},{"not_picked":["Hologram","Leap"],"picked":"Loop","floor":6},{"not_picked":["Hologram","Steam Power"],"picked":"Redo+1","floor":18},{"not_picked":["Gash+1","Aggregate"],"picked":"Barrage+1","floor":20},{"not_picked":["Go for the Eyes+1","Turbo+1"],"picked":"Doom and Gloom+1","floor":28},{"not_picked":["Conserve Battery","Ball Lightning+1"],"picked":"BootSequence+1","floor":29},{"not_picked":["Coolheaded+1","Scrape+1"],"picked":"Machine Learning","floor":31},{"not_picked":["All For One+1","Machine Learning"],"picked":"Thunder Strike+1","floor":33},{"not_picked":["Compile Driver+1","Turbo"],"picked":"Coolheaded","floor":35},{"not_picked":["Reinforced Body+1","Stack"],"picked":"Storm","floor":36},{"not_picked":["Skim","Rebound+1","Reprogram+1"],"picked":"SKIP","floor":42}],"player_experience":333496,"relics_obtained":[{"floor":6,"key":"Ornamental Fan"},{"floor":9,"key":"Juzu Bracelet"},{"floor":12,"key":"Girya"},{"floor":26,"key":"The Courier"},{"floor":43,"key":"Mercury Hourglass"}],"event_choices":[{"damage_healed":0,"gold_gain":0,"player_choice":"Box","damage_taken":0,"relics_obtained":["Molten Egg 2"],"max_hp_gain":0,"max_hp_loss":0,"event_name":"Big Fish","floor":2,"gold_loss":0,"cards_obtained":["Regret"]},{"damage_healed":0,"gold_gain":0,"player_choice":"Entered Light","damage_taken":15,"max_hp_gain":0,"max_hp_loss":0,"event_name":"Shining Light","floor":8,"gold_loss":0,"cards_upgraded":["Strike_B","Dualcast"]},{"damage_healed":0,"gold_gain":0,"cards_transformed":["Strike_B"],"player_choice":"Change","damage_taken":0,"max_hp_gain":0,"max_hp_loss":0,"event_name":"Living Wall","floor":14,"gold_loss":0,"cards_obtained":["Amplify"]},{"damage_healed":0,"gold_gain":0,"player_choice":"Read","damage_taken":0,"max_hp_gain":0,"max_hp_loss":0,"event_name":"The Library","floor":19,"gold_loss":0,"cards_obtained":["Glacier"]},{"damage_healed":0,"gold_gain":0,"player_choice":"Became a vampire","damage_taken":0,"max_hp_gain":0,"max_hp_loss":23,"event_name":"Vampires","floor":21,"gold_loss":0,"cards_obtained":["Bite","Bite","Bite","Bite","Bite"]},{"damage_healed":0,"gold_gain":0,"cards_transformed":["Defend_B","Defend_B"],"player_choice":"Became Test Subject","damage_taken":0,"max_hp_gain":0,"max_hp_loss":0,"event_name":"Drug Dealer","floor":27,"gold_loss":0,"cards_obtained":["Aggregate","Tempest"]},{"damage_healed":45,"gold_gain":0,"player_choice":"Heal","damage_taken":0,"max_hp_gain":0,"max_hp_loss":7,"event_name":"The Moai Head","floor":37,"gold_loss":0},{"damage_healed":0,"gold_gain":0,"player_choice":"Paid","damage_taken":0,"relics_obtained":["Red Mask"],"max_hp_gain":0,"max_hp_loss":0,"event_name":"Tomb of Lord Red Mask","floor":39,"gold_loss":54},{"cards_removed":["Aggregate"],"damage_healed":0,"gold_gain":0,"player_choice":"Removed Skill","damage_taken":0,"max_hp_gain":0,"max_hp_loss":0,"event_name":"Falling","floor":41,"gold_loss":0}],"is_beta":false,"boss_relics":[{"not_picked":["Tiny House","Ectoplasm"],"picked":"Velvet Choker"},{"not_picked":["Coffee Dripper","Empty Cage"],"picked":"Runic Pyramid"}],"items_purged_floors":[3,38],"is_endless":false,"potions_floor_spawned":[5,6,20,33,42],"killed_by":"Nemesis","ascension_level":0}