{"gold_per_floor":[119,133,148,0,75,105,117,127,127,28,28,28,28,38,38,133,133,145,6,6,6,17,17,42,42,67,102,102,115,134,149,149,250,250,267,267,90,105,118,118,118,118,164,164,164,194,194,44,44,44],"floor_reached":51,"playtime":3745,"items_purged":["Defend_G","Decay","Strike_G+1","Writhe"],"score":688,"play_id":"5f98e9c0-4dcd-45a4-b31f-0dd786a40aec","local_time":"20180709005934","is_ascension_mode":false,"campfire_choices":[{"data":"Envenom","floor":11,"key":"SMITH"},{"data":"Malaise","floor":15,"key":"SMITH"},{"data":"Night Terror","floor":23,"key":"SMITH"},{"data":"Infinite Blades","floor":25,"key":"SMITH"},{"floor":28,"key":"REST"},{"data":"Neutralize","floor":32,"key":"SMITH"},{"data":"Sucker Punch","floor":40,"key":"SMITH"},{"data":"Terror","floor":42,"key":"SMITH"},{"data":"Accuracy","floor":44,"key":"SMITH"},{"data":"Wraith Form v2","floor":49,"key":"SMITH"}],"neow_cost":"NONE","seed_source_timestamp":625519352271533,"circlet_count":0,"master_deck":["Defend_G+1","Defend_G+1","Defend_G+1","Strike_G+1","Strike_G+1","Survivor","Neutralize+1","Tools of the Trade+1","Acrobatics+1","After Image+1","Heel Hook","Malaise+1","Heel Hook","Envenom+1","Heel Hook","Endless Agony","Deflect","Expertise","Cloak And Dagger","Doppelganger","Night Terror+1","Flying Knee","Infinite Blades+1","Accuracy+1","Footwork+1","Choke+1","Wraith Form v2+1","Sucker Punch+1","Terror+1"],"relics":["Astrolabe","Regal Pillow","Lantern","White Beast Statue","Pen Nib","Shuriken","Bag of Marbles","Blood Vial","Sozu","Snake Skull","Prayer Wheel"],"potions_floor_usage":[33,50,50],"damage_taken":[{"damage":0,"enemies":"Small Slimes","floor":1,"turns":5},{"damage":4,"enemies":"2 Louse","floor":2,"turns":3},{"damage":0,"enemies":"Cultist","floor":3,"turns":4},{"damage":5,"enemies":"Lagavulin","floor":6,"turns":9},{"damage":10,"enemies":"Large Slime","floor":7,"turns":5},{"damage":10,"enemies":"2 Fungi Beasts","floor":8,"turns":5},{"damage":0,"enemies":"Red Slaver","floor":14,"turns":4},{"damage":24,"enemies":"The Guardian","floor":16,"turns":14},{"damage":0,"enemies":"Shell Parasite","floor":18,"turns":7},{"damage":6,"enemies":"3 Byrds","floor":22,"turns":7},{"damage":27,"enemies":"Book of Stabbing","floor":24,"turns":7},{"damage":26,"enemies":"Slavers","floor":27,"turns":7},{"damage":1,"enemies":"Cultist and Chosen","floor":29,"turns":5},{"damage":1,"enemies":"3 Cultists","floor":30,"turns":6},{"damage":11,"enemies":"Snake Plant","floor":31,"turns":3},{"damage":20,"enemies":"Automaton","floor":33,"turns":10},{"damage":23,"enemies":"3 Darklings","floor":35,"turns":7},{"damage":0,"enemies":"3 Shapes","floor":38,"turns":4},{"damage":8,"enemies":"Sphere and 2 Shapes","floor":39,"turns":5},{"damage":0,"enemies":"Giant Head","floor":46,"turns":7},{"damage":30,"enemies":"Time Eater","floor":50,"turns":11}],"seed_played":"303715351619207444","potions_obtained":[{"floor":1,"key":"Fire Potion"},{"floor":6,"key":"Explosive Potion"},{"floor":7,"key":"Strength Potion"},{"floor":18,"key":"GhostInAJar"},{"floor":33,"key":"SkillPotion"}],"is_trial":false,"path_per_floor":["M","M","M","$","?","E","M","M","T","$","R","?","?","M","R","B",null,"M","$","?","?","M","R","E","R","T","E","R","M","M","M","R","B",null,"M","?","$","M","M","R","$","R","T","R","?","E","?","$","R","B"],"character_chosen":"THE_SILENT","items_purchased":["Envenom","Heel Hook","Cloak And Dagger","Infinite Blades","Sucker Punch"],"campfire_rested":1,"item_purchase_floors":[4,4,10,19,37],"current_hp_per_floor":[70,66,66,66,55,50,40,30,30,30,30,30,30,30,30,6,70,70,70,70,70,64,64,37,37,37,11,47,48,49,40,40,22,70,47,47,47,49,43,43,43,43,43,43,61,63,63,63,63,35],"gold":44,"neow_bonus":"BOSS_RELIC","is_prod":false,"is_daily":false,"chose_seed":false,"campfire_upgraded":9,"win_rate":0.0,"timestamp":1531119574,"path_taken":["M","M","M","$","?","E","M","M","T","$","R","?","?","M","R","BOSS","M","$","?","?","M","R","E","R","T","E","R","?","M","?","R","BOSS","M","?","$","?","M","R","$","R","T","R","?","E","?","$","R","BOSS"],"build_version":"2018-07-05","purchased_purges":4,"victory":true,"max_hp_per_floor":[70,70,70,70,70,70,70,70,70,70,70,70,70,70,70,70,70,70,70,70,70,70,70,70,70,70,70,70,70,70,70,70,70,70,70,70,70,70,70,70,70,70,70,70,70,70,70,70,70,70],"card_choices":[{"not_picked":["Distraction","PiercingWail"],"picked":"Heel Hook","floor":1},{"not_picked":["Quick Slash","Deflect"],"picked":"Malaise","floor":2},{"not_picked":["Bouncing Flask","Acrobatics"],"picked":"Heel Hook","floor":3},{"not_picked":["Crippling Poison","Slice"],"picked":"Endless Agony","floor":6},{"not_picked":["Eviscerate","Deadly Poison"],"picked":"Deflect","floor":7},{"not_picked":["Cloak And Dagger","PiercingWail"],"picked":"Expertise","floor":8},{"not_picked":["Deflect","Cloak And Dagger"],"picked":"Doppelganger","floor":14},{"not_picked":["Die Die Die","Bullet Time"],"picked":"Night Terror","floor":16},{"not_picked":["Cloak And Dagger","Slice+1"],"picked":"Flying Knee","floor":18},{"not_picked":["Flying Knee+1","Bane"],"picked":"Accuracy","floor":22},{"not_picked":["Quick Slash+1","Deadly Poison"],"picked":"Footwork+1","floor":24},{"not_picked":["Reflex","Poisoned Stab+1","Flying Knee"],"picked":"SKIP","floor":27},{"not_picked":["Heel Hook","Backflip","Underhanded Strike+1"],"picked":"SKIP","floor":29},{"not_picked":["Acrobatics+1","Dagger Spray"],"picked":"Choke+1","floor":30},{"not_picked":["Prepared","Deadly Poison+1","Dash+1"],"picked":"SKIP","floor":31},{"not_picked":["Bullet Time","Glass Knife"],"picked":"Wraith Form v2","floor":33},{"not_picked":["Caltrops","Underhanded Strike+1","Flying Knee+1"],"picked":"SKIP","floor":35},{"not_picked":["Reflex+1","PiercingWail+1","Crippling Poison+1"],"picked":"SKIP","floor":38},{"not_picked":["Underhanded Strike+1","Outmaneuver"],"picked":"Terror","floor":39},{"not_picked":["Flying Knee","Expertise+1","Reflex+1"],"picked":"SKIP","floor":46}],"player_experience":162306,"relics_obtained":[{"floor":6,"key":"Regal Pillow"},{"floor":9,"key":"Lantern"},{"floor":24,"key":"Shuriken"},{"floor":26,"key":"Bag of Marbles"},{"floor":27,"key":"Blood Vial"},{"floor":43,"key":"Snake Skull"},{"floor":46,"key":"Prayer Wheel"}],"event_choices":[{"event_name":"World of Goop","player_choice":"Gather Gold","floor":5,"damage_taken":0},{"event_name":"Accursed Blacksmith","player_choice":"Ignore","floor":12,"damage_taken":0},{"event_name":"Wheel of Change","player_choice":"Curse","floor":13,"damage_taken":0},{"event_name":"Back to Basics","player_choice":"Simplicity","floor":20,"damage_taken":0},{"event_name":"The Mausoleum","player_choice":"Yes","floor":21,"damage_taken":0},{"event_name":"SensoryStone","player_choice":"Memory 1","floor":36,"damage_taken":0},{"event_name":"Winding Halls","player_choice":"Writhe","floor":45,"damage_taken":0},{"event_name":"The Lab","player_choice":"Got Potions","floor":47,"damage_taken":0}],"boss_relics":[{"not_picked":["Runic Dome","Busted Crown"],"picked":"White Beast Statue"},{"not_picked":["Coffee Dripper","Eternal Feather"],"picked":"Sozu"}],"items_purged_floors":[10,19,37,48],"is_endless":false,"potions_floor_spawned":[1,6,7,14,18,22,24,27,29,30,31,33,35,38,39,46],"ascension_level":0}