{"gold_per_floor":[13,26,44,44,54,79,79,79,79,79,89,114,114,149,149,253,253,264,275,290,303,11,11,38,38,38,72,72,72,72,97,97,192,192,206,216,229,229,15,15,15,15,15,49,68,98,116,130,130,130],"floor_reached":51,"playtime":2698,"items_purged":[],"score":884,"play_id":"1364fe7b-ff13-4c84-9083-415e45d84f0d","local_time":"20180717124437","is_ascension_mode":true,"campfire_choices":[{"data":"Sunder","floor":7,"key":"SMITH"},{"data":"Echo Form","floor":10,"key":"SMITH"},{"data":"Self Repair","floor":13,"key":"SMITH"},{"floor":15,"key":"REST"},{"data":"Double Energy","floor":23,"key":"SMITH"},{"data":"Dualcast","floor":25,"key":"SMITH"},{"data":"Aggregate","floor":28,"key":"SMITH"},{"data":"Conserve Battery","floor":30,"key":"SMITH"},{"floor":32,"key":"REST"},{"data":"Loop","floor":40,"key":"SMITH"},{"data":"Capacitor","floor":42,"key":"SMITH"},{"floor":49,"key":"DIG"}],"neow_cost":"NO_GOLD","seed_source_timestamp":215085995683026,"circlet_count":0,"master_deck":["Defend_B","Defend_B","Defend_B","Defend_B+1","Zap+1","Dualcast+1","Cold Snap","Reinforced Body","Rebound","Echo Form+1","Conserve Battery+1","Heatsinks","Sunder+1","Ball Lightning+1","Self Repair+1","Double Energy+1","Beam Cell+1","Core Surge+1","Ball Lightning+1","Go for the Eyes+1","FTL+1","Aggregate+1","Beam Cell+1","Capacitor+1","All For One+1","Hello World+1","Force Field+1","Heatsinks","Loop+1","Finesse","Redo"],"relics":["Cracked Core","Dream Catcher","Molten Egg 2","Ice Cream","Centennial Puzzle","Lizard Tail","Thread and Needle","Orichalcum","Mango","Lantern","Incense Burner","Sozu","Oddly Smooth Stone","Pear","Shovel","Pantograph","Ancient Tea Set"],"potions_floor_usage":[6,14,16,50,50],"damage_taken":[{"damage":0,"enemies":"Small Slimes","floor":1,"turns":3},{"damage":0,"enemies":"2 Louse","floor":2,"turns":2},{"damage":0,"enemies":"Cultist","floor":3,"turns":2},{"damage":4,"enemies":"Blue Slaver","floor":5,"turns":4},{"damage":22,"enemies":"Gremlin Nob","floor":6,"turns":4},{"damage":0,"enemies":"2 Fungi Beasts","floor":11,"turns":3},{"damage":2,"enemies":"3 Sentries","floor":12,"turns":5},{"damage":11,"enemies":"Gremlin Nob","floor":14,"turns":3},{"damage":47,"enemies":"Hexaghost","floor":16,"turns":8},{"damage":19,"enemies":"Shell Parasite","floor":18,"turns":4},{"damage":20,"enemies":"2 Thieves","floor":19,"turns":4},{"damage":21,"enemies":"Sentry and Sphere","floor":20,"turns":7},{"damage":5,"enemies":"3 Cultists","floor":21,"turns":5},{"damage":26,"enemies":"Book of Stabbing","floor":24,"turns":6},{"damage":24,"enemies":"Slavers","floor":27,"turns":4},{"damage":20,"enemies":"Gremlin Leader","floor":31,"turns":6},{"damage":35,"enemies":"Champ","floor":33,"turns":11},{"damage":0,"enemies":"3 Shapes","floor":35,"turns":5},{"damage":22,"enemies":"3 Darklings","floor":36,"turns":6},{"damage":32,"enemies":"Maw","floor":37,"turns":5},{"damage":11,"enemies":"2 Orb Walkers","floor":44,"turns":4},{"damage":7,"enemies":"Flame Bruiser 2 Orb","floor":45,"turns":6},{"damage":7,"enemies":"Nemesis","floor":46,"turns":5},{"damage":0,"enemies":"Sphere and 2 Shapes","floor":47,"turns":5},{"damage":0,"enemies":"4 Shapes","floor":48,"turns":5},{"damage":82,"enemies":"Time Eater","floor":50,"turns":12}],"seed_played":"-2259292823468908372","potions_obtained":[{"floor":5,"key":"FocusPotion"},{"floor":6,"key":"PowerPotion"},{"floor":12,"key":"Fire Potion"},{"floor":16,"key":"Dexterity Potion"},{"floor":19,"key":"SmokeBomb"},{"floor":21,"key":"SteroidPotion"},{"floor":27,"key":"FearPotion"}],"is_trial":false,"path_per_floor":["M","M","M","?","M","E","R","?","T","R","M","E","R","E","R","B",null,"M","M","M","M","$","R","E","R","T","E","R","?","R","E","R","B",null,"M","M","M","?","$","R","?","R","T","E","M","E","M","M","R","B"],"character_chosen":"DEFECT","items_purchased":["Thread and Needle","Oddly Smooth Stone","Loop"],"campfire_rested":2,"item_purchase_floors":[22,39,39],"current_hp_per_floor":[75,75,75,60,56,34,34,39,39,39,39,37,37,36,60,23,80,71,61,50,55,55,55,39,39,53,39,39,39,39,29,57,32,94,94,92,70,70,70,70,70,70,80,79,82,85,95,104,104,22],"gold":130,"neow_bonus":"TRANSFORM_TWO_CARDS","is_prod":false,"is_daily":false,"chose_seed":false,"campfire_upgraded":9,"win_rate":0,"timestamp":1531853077,"path_taken":["M","M","M","?","M","E","R","?","T","R","M","E","R","E","R","BOSS","M","M","M","M","?","R","E","R","T","E","R","?","R","E","R","BOSS","M","M","M","?","$","R","?","R","T","E","?","E","?","M","R","BOSS"],"build_version":"2018-07-12","purchased_purges":0,"victory":true,"max_hp_per_floor":[75,75,75,75,75,75,75,80,80,80,80,80,80,80,80,80,80,80,80,80,80,80,80,80,80,94,94,94,94,94,94,94,94,94,94,94,94,94,94,94,94,94,104,104,104,104,104,104,104,104],"card_choices":[{"not_picked":["Compile Driver","Stack"],"picked":"Rebound","floor":1},{"not_picked":["Chaos","Cold Snap"],"picked":"Echo Form","floor":2},{"not_picked":["Gash","Compile Driver"],"picked":"Conserve Battery","floor":3},{"not_picked":["Sweeping Beam","Turbo"],"picked":"Heatsinks","floor":5},{"not_picked":["Cold Snap","Chill"],"picked":"Sunder","floor":6},{"not_picked":["Glacier","Blizzard+1"],"picked":"Ball Lightning+1","floor":11},{"not_picked":["Go for the Eyes+1","Ball Lightning+1"],"picked":"Self Repair","floor":12},{"not_picked":["Fission","Rebound+1"],"picked":"Double Energy","floor":14},{"not_picked":["Redo","Rebound+1"],"picked":"Beam Cell+1","floor":15},{"not_picked":["Hyperbeam+1","Biased Cognition"],"picked":"Core Surge+1","floor":16},{"not_picked":["Force Field","Sweeping Beam+1","BootSequence"],"picked":"SKIP","floor":18},{"not_picked":["Sweeping Beam+1","Melter+1"],"picked":"Ball Lightning+1","floor":19},{"not_picked":["Genetic Algorithm","Reinforced Body","Stack+1"],"picked":"SKIP","floor":20},{"not_picked":["Hologram+1","Blizzard+1"],"picked":"Go for the Eyes+1","floor":21},{"not_picked":["Sweeping Beam+1","Ball Lightning+1"],"picked":"FTL+1","floor":24},{"not_picked":["Reinforced Body","Streamline+1"],"picked":"Aggregate","floor":27},{"not_picked":["Consume","Sweeping Beam+1"],"picked":"Beam Cell+1","floor":31},{"not_picked":["Coolheaded","Stack"],"picked":"Capacitor","floor":32},{"not_picked":["Core Surge+1","Rainbow"],"picked":"All For One+1","floor":33},{"not_picked":["Cold Snap+1","Reinforced Body"],"picked":"Hello World+1","floor":35},{"not_picked":["Stack","BootSequence","Sweeping Beam+1"],"picked":"SKIP","floor":36},{"not_picked":["Sweeping Beam+1","Gash+1"],"picked":"Force Field+1","floor":37},{"not_picked":["Ball Lightning+1","Self Repair","Sweeping Beam+1"],"picked":"SKIP","floor":44},{"not_picked":["Compile Driver+1","Hologram"],"picked":"Redo","floor":45},{"not_picked":["Glacier","Sunder+1","Undo"],"picked":"SKIP","floor":46},{"not_picked":["Sweeping Beam+1","Compile Driver+1","Self Repair"],"picked":"SKIP","floor":47},{"not_picked":["Gash+1","Go for the Eyes+1","Streamline+1"],"picked":"SKIP","floor":48}],"player_experience":219951,"relics_obtained":[{"floor":6,"key":"Dream Catcher"},{"floor":9,"key":"Molten Egg 2"},{"floor":12,"key":"Ice Cream"},{"floor":14,"key":"Centennial Puzzle"},{"floor":24,"key":"Orichalcum"},{"floor":26,"key":"Mango"},{"floor":27,"key":"Lantern"},{"floor":31,"key":"Incense Burner"},{"floor":43,"key":"Pear"},{"floor":44,"key":"Shovel"},{"floor":46,"key":"Pantograph"},{"floor":49,"key":"Ancient Tea Set"}],"event_choices":[{"event_name":"Shining Light","player_choice":"Entered Light","floor":4,"damage_taken":0},{"event_name":"Big Fish","player_choice":"Donut","floor":8,"damage_taken":0},{"event_name":"Back to Basics","player_choice":"Elegance","floor":29,"damage_taken":0},{"event_name":"Transmorgrifier","player_choice":"Transform","floor":38,"damage_taken":0},{"event_name":"Match and Keep!","player_choice":"1 cards matched","floor":41,"damage_taken":0}],"boss_relics":[{"not_picked":["Busted Crown","Astrolabe"],"picked":"Lizard Tail"},{"not_picked":["Snecko Eye","Velvet Choker"],"picked":"Sozu"}],"items_purged_floors":[],"is_endless":false,"potions_floor_spawned":[5,6,12,16,19,21,27,36,45,46,48],"ascension_level":2}