{"path_per_floor":["M","M","M","M","$","E","R","E","T","E","M","$","M","M","R","B",null,"M","M","?","M","$","R","E","R","T","M","R","$","M","$","R"],"character_chosen":"DEFECT","items_purchased":["Capacitor","Capacitor","Beam Cell","Capacitor","Double Energy","Consume","Heatsinks"],"gold_per_floor":[118,135,148,158,105,130,130,161,161,196,208,108,125,138,138,237,237,252,262,262,281,102,102,133,133,133,147,147,68,87,6,6,6],"floor_reached":33,"campfire_rested":2,"playtime":1762,"current_hp_per_floor":[74,72,72,67,67,56,56,49,49,43,50,50,46,47,47,31,75,62,59,59,64,64,64,55,55,55,32,54,54,27,27,49,0],"items_purged":["Strike_B"],"gold":6,"score":289,"play_id":"b6bc5f31-dee9-45ce-b58a-e9d175f7f757","local_time":"20180506132429","is_prod":false,"is_daily":false,"chose_seed":false,"is_ascension_mode":false,"campfire_upgraded":3,"timestamp":1525631069,"path_taken":["M","?","?","M","$","E","R","E","T","E","M","$","M","M","R","BOSS","M","M","?","M","$","R","E","R","T","?","R","$","M","$","R","BOSS"],"build_version":"2018-05-03","seed_source_timestamp":1765416453913887,"purchased_purges":2,"victory":false,"master_deck":["Strike_B","Strike_B","Strike_B","Defend_B","Defend_B+1","Defend_B","Zap+1","Dualcast","Nova","Glacier","Go for the Eyes","Ball Lightning","Capacitor+1","Redo","Hello World","Self Repair","Storm+1","Capacitor","Beam Cell","Loop+1","BootSequence","Machine Learning","Barrage","Force Field+1","Capacitor","Double Energy","Lockon","Impulse","Consume","Skim+1","Heatsinks"],"max_hp_per_floor":[75,75,75,75,75,75,75,75,75,75,75,75,75,75,75,75,75,75,75,75,75,75,75,75,75,75,75,75,75,75,75,75,75],"relics":["Cracked Core","War Paint","Shuriken","Gambling Chip","Peace Pipe","Sozu","Dodecahedron","Bottled Flame"],"card_choices":[{"not_picked":["Impulse","Steam Power"],"picked":"Glacier","floor":1.0},{"not_picked":["Impulse","Ball Lightning"],"picked":"Go for the Eyes","floor":2.0},{"not_picked":["Turbo","Recycle"],"picked":"Ball Lightning","floor":4.0},{"not_picked":["Doom and Gloom","Turbo"],"picked":"Redo","floor":6.0},{"not_picked":["Redo","Leap"],"picked":"Hello World","floor":8.0},{"not_picked":["Darkness","Chaos"],"picked":"Self Repair","floor":10.0},{"not_picked":["Double Energy","Axe Kick"],"picked":"Storm","floor":11.0},{"not_picked":["Turbo","Chaos"],"picked":"Loop","floor":13.0},{"not_picked":["Skim","Sweeping Beam"],"picked":"BootSequence","floor":14.0},{"not_picked":["Fusion","Hyperbeam"],"picked":"Machine Learning","floor":16.0},{"not_picked":["Chill","Turbo"],"picked":"Barrage","floor":19.0},{"not_picked":["Go for the Eyes","Sweeping Beam"],"picked":"Force Field","floor":21},{"not_picked":["Redo","Reinforced Body"],"picked":"Lockon","floor":24},{"not_picked":["Glacier","Leap"],"picked":"Impulse","floor":27},{"not_picked":["Lockon","Reprogram"],"picked":"Skim","floor":30}],"player_experience":44857,"potions_floor_usage":[],"damage_taken":[{"damage":1.0,"enemies":"Cultist","floor":1.0,"turns":3.0},{"damage":2.0,"enemies":"Small Slimes","floor":2.0,"turns":5.0},{"damage":0.0,"enemies":"2 Louse","floor":3.0,"turns":2.0},{"damage":5.0,"enemies":"Blue Slaver","floor":4.0,"turns":5.0},{"damage":11.0,"enemies":"Lagavulin","floor":6.0,"turns":6.0},{"damage":7.0,"enemies":"3 Sentries","floor":8.0,"turns":7.0},{"damage":6.0,"enemies":"Lagavulin","floor":10.0,"turns":6.0},{"damage":0.0,"enemies":"Red Slaver","floor":11.0,"turns":5.0},{"damage":4.0,"enemies":"3 Louse","floor":13.0,"turns":2.0},{"damage":6.0,"enemies":"2 Fungi Beasts","floor":14.0,"turns":3.0},{"damage":23.0,"enemies":"Hexaghost","floor":16.0,"turns":8.0},{"damage":20.0,"enemies":"2 Thieves","floor":18.0,"turns":4.0},{"damage":10.0,"enemies":"Chosen","floor":19.0,"turns":4.0},{"damage":2,"enemies":"Centurion and Healer","floor":21,"turns":6},{"damage":16,"enemies":"Gremlin Leader","floor":24,"turns":6},{"damage":30,"enemies":"Slaver and Parasite","floor":27,"turns":5},{"damage":27,"enemies":"Snake Plant","floor":30,"turns":4},{"damage":49,"enemies":"Automaton","floor":33,"turns":6}],"event_choices":[{"event_name":"Addict","player_choice":"Ignored","floor":20,"damage_taken":0}],"boss_relics":[],"potions_floor_spawned":[2,4,10,13,24,27,30],"seed_played":"-6908350835387546370","killed_by":"Automaton","ascension_level":0,"is_trial":false}