{"gold_per_floor":[219,239,239,140,140,140,179,179,202,202,225,71,106,20,20,145,145,164,93,108,126,0,0,0,35,35,58,74,74],"floor_reached":29,"playtime":2604,"items_purged":["Strike_B","Defend_B"],"score":276,"play_id":"034eab3e-388e-4097-a5cd-ae64fab1e74e","local_time":"20190319235509","is_ascension_mode":true,"campfire_choices":[{"data":"Zap","floor":6,"key":"SMITH"},{"floor":8,"key":"REST"},{"floor":10,"key":"REST"},{"floor":15,"key":"RECALL"},{"data":"Chill","floor":23,"key":"SMITH"}],"neow_cost":"NONE","seed_source_timestamp":440827101958855,"circlet_count":0,"master_deck":["Zap+1","Dualcast","Capacitor","FTL","Coolheaded","Leap","Conserve Battery","Conserve Battery","Conserve Battery","Chill+1","Echo Form","Skim","Storm","Hologram","White Noise","Storm","Cold Snap","Defragment","Consume","Undo","Glacier","Cold Snap"],"relics":["Cracked Core","Golden Idol","StoneCalendar","PreservedInsect","Pandora\u0027s Box","MutagenicStrength","Strawberry","Omamori"],"potions_floor_usage":[16,25,28,28],"damage_taken":[{"damage":2,"enemies":"2 Louse","floor":1,"turns":2},{"damage":12,"enemies":"Jaw Worm","floor":2,"turns":4},{"damage":10,"enemies":"Lagavulin","floor":7,"turns":6},{"damage":0,"enemies":"Cultist","floor":11,"turns":4},{"damage":18,"enemies":"3 Sentries","floor":13,"turns":7},{"damage":10,"enemies":"Slime Boss","floor":16,"turns":9},{"damage":4,"enemies":"Shell Parasite","floor":18,"turns":6},{"damage":28,"enemies":"2 Thieves","floor":20,"turns":5},{"damage":2,"enemies":"Sentry and Sphere","floor":21,"turns":7},{"damage":10,"enemies":"Book of Stabbing","floor":25,"turns":7},{"damage":16,"enemies":"Centurion and Healer","floor":27,"turns":9},{"damage":20,"enemies":"3 Cultists","floor":28,"turns":6},{"damage":31,"enemies":"Cultist and Chosen","floor":29,"turns":4}],"seed_played":"-3112338065274307268","potions_obtained":[{"floor":1,"key":"Poison Potion"},{"floor":13,"key":"FearPotion"},{"floor":16,"key":"Strength Potion"},{"floor":20,"key":"Explosive Potion"},{"floor":27,"key":"Regen Potion"},{"floor":28,"key":"SpeedPotion"}],"is_trial":false,"path_per_floor":["M","M","?","$","?","R","E","R","T","R","M","$","E","$","R","B",null,"M","$","M","M","?","R","?","E","T","M","M","M"],"character_chosen":"DEFECT","items_purchased":["Coolheaded","Conserve Battery","Conserve Battery","Chill","Defragment"],"campfire_rested":2,"item_purchase_floors":[4,12,14,14,19],"current_hp_per_floor":[73,61,54,54,36,36,26,48,48,70,70,70,52,52,52,42,75,71,71,43,41,41,41,41,38,38,22,14,0],"gold":74,"neow_bonus":"HUNDRED_GOLD","is_prod":false,"is_daily":false,"chose_seed":false,"campfire_upgraded":2,"win_rate":0,"timestamp":1553064909,"path_taken":["M","M","?","$","?","R","E","R","T","R","M","$","E","$","R","BOSS","M","$","M","M","?","R","?","E","T","M","?","M"],"build_version":"2019-01-23","purchased_purges":2,"victory":false,"max_hp_per_floor":[75,75,75,75,75,75,75,75,75,75,75,75,75,75,75,75,75,75,75,75,75,75,75,75,82,82,82,82,82],"card_choices":[{"not_picked":["Steam Power","Heatsinks"],"picked":"Capacitor","floor":1},{"not_picked":["Chaos","Barrage"],"picked":"FTL","floor":2},{"not_picked":["Stack","Sweeping Beam","Melter"],"picked":"SKIP","floor":7},{"not_picked":["Redo","Doom and Gloom"],"picked":"Leap","floor":11},{"not_picked":["Redo","Compile Driver"],"picked":"Conserve Battery","floor":13},{"not_picked":["Core Surge","Multi-Cast"],"picked":"Echo Form","floor":16},{"not_picked":["Conserve Battery","Coolheaded"],"picked":"Cold Snap","floor":18},{"not_picked":["Double Energy","Aggregate"],"picked":"Consume","floor":20},{"not_picked":["Recycle+1","Gash"],"picked":"Undo","floor":21},{"not_picked":["Double Energy","Lockon+1"],"picked":"Glacier","floor":25},{"not_picked":["White Noise","Defragment+1","Core Surge"],"picked":"SKIP","floor":27},{"not_picked":["Barrage+1","Steam"],"picked":"Cold Snap","floor":28}],"player_experience":124233,"relics_obtained":[{"floor":7,"key":"StoneCalendar"},{"floor":13,"key":"PreservedInsect"},{"floor":25,"key":"Strawberry"},{"floor":26,"key":"Omamori"}],"event_choices":[{"cards_removed":["Strike_B"],"damage_healed":0,"gold_gain":0,"player_choice":"Card Removal","damage_taken":7,"max_hp_gain":0,"max_hp_loss":0,"event_name":"Golden Wing","floor":3,"gold_loss":0},{"damage_healed":0,"gold_gain":0,"player_choice":"Take Damage","damage_taken":18,"relics_obtained":["Golden Idol"],"max_hp_gain":0,"max_hp_loss":0,"event_name":"Golden Idol","floor":5,"gold_loss":0},{"damage_healed":0,"gold_gain":0,"player_choice":"Paid Fearfully","damage_taken":0,"max_hp_gain":0,"max_hp_loss":0,"event_name":"Masked Bandits","floor":22,"gold_loss":126},{"damage_healed":0,"gold_gain":0,"player_choice":"Inject Mutagens","damage_taken":0,"relics_obtained":["MutagenicStrength"],"max_hp_gain":0,"max_hp_loss":0,"event_name":"Drug Dealer","floor":24,"gold_loss":0}],"is_beta":false,"boss_relics":[{"not_picked":["Runic Pyramid","Snecko Eye"],"picked":"Pandora\u0027s Box"}],"items_purged_floors":[4,12],"is_endless":false,"potions_floor_spawned":[1,13,16,20,27,28],"killed_by":"Cultist and Chosen","ascension_level":2}