{"gold_per_floor":[119,132,93,106,206,236,246,48,48,66,101,101,114,133,133,235,235,252,266,279,279,298,313,313,2,2,2,21,21,21,48,48,143,193,205,218,218,237,249,249,23,23,23,40,55,55,86,105,105,105],"floor_reached":51,"playtime":7023,"items_purged":["Parasite"],"score":740,"play_id":"69675490-a253-4d5f-98ea-5621332482c5","local_time":"20190131210724","daily_mods":["SealedDeck","Uncertain Future","DeadlyEvents"],"is_ascension_mode":false,"campfire_choices":[{"data":"Searing Blow","floor":12,"key":"SMITH"},{"data":"Searing Blow+1","floor":15,"key":"SMITH"},{"floor":27,"key":"REST"},{"data":"Searing Blow+2","floor":30,"key":"SMITH"},{"floor":32,"key":"REST"},{"floor":40,"key":"REST"},{"data":"Searing Blow+3","floor":42,"key":"SMITH"},{"floor":49,"key":"REST"}],"neow_cost":"","seed_source_timestamp":0,"circlet_count":0,"master_deck":["Uppercut","Clash","Rampage","True Grit","Shrug It Off","Thunderclap","Blood for Blood","Whirlwind","Flex","Searing Blow+4","Pommel Strike","Clothesline","Inflame","Cleave","Shrug It Off+1","Sever Soul","Headbutt","Thunderclap","Anger+1","Offering+1","True Grit+1","Twin Strike+1","Clash","Clash+1","Dual Wield+1","Necronomicurse","Trip+1","Shockwave+1","Fiend Fire","Demon Form","Headbutt","Sword Boomerang+1","Clash+1","Pommel Strike+1","Hemokinesis+1","Flex+1","Iron Wave","Reaper+1","Flex+1"],"relics":["Burning Blood","Toxic Egg 2","Lee\u0027s Waffle","The Courier","Happy Flower","Runic Cube","Necronomicon","Bronze Scales","Orichalcum","Regal Pillow","Mango","Tiny House","HandDrill","Letter Opener","Molten Egg 2"],"potions_floor_usage":[16,48,50,50,50],"damage_taken":[{"damage":0,"enemies":"Cultist","floor":1,"turns":3},{"damage":0,"enemies":"2 Louse","floor":2,"turns":1},{"damage":0,"enemies":"Small Slimes","floor":4,"turns":2},{"damage":18,"enemies":"3 Sentries","floor":6,"turns":3},{"damage":9,"enemies":"Blue Slaver","floor":7,"turns":2},{"damage":0,"enemies":"3 Louse","floor":10,"turns":1},{"damage":13,"enemies":"Lagavulin","floor":11,"turns":4},{"damage":0,"enemies":"Exordium Thugs","floor":13,"turns":2},{"damage":0,"enemies":"Blue Slaver","floor":14,"turns":2},{"damage":48,"enemies":"Hexaghost","floor":16,"turns":6},{"damage":6,"enemies":"Spheric Guardian","floor":18,"turns":2},{"damage":25,"enemies":"2 Thieves","floor":19,"turns":3},{"damage":23,"enemies":"Snecko","floor":20,"turns":4},{"damage":15,"enemies":"Shelled Parasite and Fungi","floor":22,"turns":3},{"damage":7,"enemies":"Sentry and Sphere","floor":23,"turns":3},{"damage":0,"enemies":"Snecko","floor":28,"turns":2},{"damage":25,"enemies":"Slavers","floor":31,"turns":3},{"damage":25,"enemies":"Champ","floor":33,"turns":6},{"damage":31,"enemies":"3 Shapes","floor":35,"turns":3},{"damage":14,"enemies":"3 Darklings","floor":36,"turns":2},{"damage":15,"enemies":"Writhing Mass","floor":38,"turns":3},{"damage":22,"enemies":"Maw","floor":39,"turns":6},{"damage":12,"enemies":"Jaw Worm Horde","floor":44,"turns":3},{"damage":33,"enemies":"4 Shapes","floor":45,"turns":3},{"damage":32,"enemies":"Giant Head","floor":47,"turns":6},{"damage":8,"enemies":"Transient","floor":48,"turns":5},{"damage":69,"enemies":"Time Eater","floor":50,"turns":7}],"seed_played":"4498948286814572648","potions_obtained":[{"floor":2,"key":"PowerPotion"},{"floor":6,"key":"Ancient Potion"},{"floor":7,"key":"SpeedPotion"},{"floor":14,"key":"BloodPotion"},{"floor":16,"key":"PowerPotion"},{"floor":35,"key":"BloodPotion"},{"floor":44,"key":"Fire Potion"},{"floor":48,"key":"Dexterity Potion"}],"is_trial":true,"path_per_floor":["$","?","E","?","?","?","?","M","?"],"character_chosen":"IRONCLAD","items_purchased":["Inflame","Lee\u0027s Waffle","Bronze Scales","Orichalcum","Trip+1","HandDrill"],"campfire_rested":4,"item_purchase_floors":[3,8,25,25,25,41],"current_hp_per_floor":[80,80,80,80,80,68,65,87,87,87,80,80,86,87,87,45,87,87,68,51,80,71,70,54,54,54,87,87,87,87,82,101,82,106,81,73,73,64,48,94,94,94,94,88,61,61,35,43,88,35],"gold":105,"neow_bonus":"","is_prod":false,"is_daily":false,"chose_seed":false,"campfire_upgraded":4,"win_rate":0,"timestamp":1548965244,"path_taken":["M","M","?","M","?","E","M","$","T","M","?","R","M","M","R","BOSS","M","M","M","?","M","M","?","$","T","R","M","?","R","E","R","BOSS","M","M","?","M","?","R","$","R","T","M","M","?","E","M","R","BOSS"],"build_version":"2019-01-23","purchased_purges":1,"victory":true,"max_hp_per_floor":[80,80,80,80,80,80,80,87,87,87,87,87,87,87,87,87,87,87,87,87,87,87,87,87,87,87,87,87,87,87,101,101,101,106,106,106,106,106,106,106,103,103,103,103,103,103,103,103,103,103],"card_choices":[{"not_picked":["Armaments","Havoc"],"picked":"Pommel Strike","floor":1},{"not_picked":["Dropkick","Havoc"],"picked":"Clothesline","floor":2},{"not_picked":["Corruption","Ghostly Armor"],"picked":"Cleave","floor":4},{"not_picked":["Searing Blow","Havoc"],"picked":"Warcry","floor":6},{"not_picked":["Wild Strike","Pummel"],"picked":"Shrug It Off+1","floor":7},{"not_picked":["Dual Wield+1","Seeing Red+1"],"picked":"Sever Soul","floor":10},{"not_picked":["Feel No Pain","Reckless Charge"],"picked":"Headbutt","floor":11},{"not_picked":["Flame Barrier+1","Second Wind+1"],"picked":"Thunderclap","floor":13},{"not_picked":["Havoc+1","Infernal Blade+1"],"picked":"Anger","floor":14},{"not_picked":["Limit Break+1","Brutality"],"picked":"Offering+1","floor":16},{"not_picked":["Dropkick","Sword Boomerang"],"picked":"True Grit+1","floor":18},{"not_picked":["Shrug It Off+1","Headbutt+1"],"picked":"Twin Strike+1","floor":19},{"not_picked":["Iron Wave","Sever Soul+1"],"picked":"Clash","floor":20},{"not_picked":["Burning Pact+1","Shrug It Off+1"],"picked":"Clash+1","floor":22},{"not_picked":["Perfected Strike","Evolve+1"],"picked":"Dual Wield+1","floor":23},{"not_picked":["Corruption","True Grit+1"],"picked":"Shockwave+1","floor":28},{"not_picked":["Dropkick","Hemokinesis"],"picked":"Fiend Fire","floor":31},{"not_picked":["Reaper","Feed"],"picked":"Demon Form","floor":33},{"not_picked":["Warcry+1","Disarm+1"],"picked":"Headbutt","floor":34},{"not_picked":["Corruption","Wild Strike+1"],"picked":"Sword Boomerang+1","floor":35},{"not_picked":["Sword Boomerang","Cleave+1"],"picked":"Clash+1","floor":36},{"not_picked":["Shrug It Off+1","Dropkick"],"picked":"Pommel Strike+1","floor":38},{"not_picked":["Disarm+1","Barricade"],"picked":"Hemokinesis+1","floor":39},{"not_picked":["Whirlwind","Warcry+1"],"picked":"Flex+1","floor":44},{"not_picked":["Warcry+1","True Grit+1"],"picked":"Iron Wave","floor":45},{"not_picked":["Pommel Strike+1","Pummel+1"],"picked":"Reaper","floor":47},{"not_picked":["Intimidate+1","Spot Weakness+1"],"picked":"Flex+1","floor":48}],"player_experience":59299,"relics_obtained":[{"floor":6,"key":"Toxic Egg 2"},{"floor":9,"key":"The Courier"},{"floor":11,"key":"Happy Flower"},{"floor":24,"key":"Necronomicon"},{"floor":26,"key":"Regal Pillow"},{"floor":31,"key":"Mango"},{"floor":43,"key":"Letter Opener"},{"floor":47,"key":"Molten Egg 2"}],"event_choices":[{"damage_healed":0,"gold_gain":100,"player_choice":"Gold","damage_taken":0,"max_hp_gain":0,"max_hp_loss":0,"event_name":"Wheel of Change","floor":5,"gold_loss":0},{"damage_healed":29,"gold_gain":0,"player_choice":"Heal","damage_taken":0,"max_hp_gain":0,"max_hp_loss":0,"event_name":"The Library","floor":21,"gold_loss":0},{"damage_healed":0,"gold_gain":0,"player_choice":"Obtained Book","damage_taken":16,"max_hp_gain":0,"max_hp_loss":0,"event_name":"Cursed Tome","floor":24,"gold_loss":0},{"damage_healed":0,"gold_gain":0,"player_choice":"Ignored","damage_taken":0,"max_hp_gain":0,"max_hp_loss":0,"event_name":"Ghosts","floor":29,"gold_loss":0},{"damage_healed":0,"gold_gain":0,"player_choice":"Ignored","damage_taken":0,"max_hp_gain":0,"max_hp_loss":0,"event_name":"Mysterious Sphere","floor":37,"gold_loss":0},{"cards_removed":["Warcry"],"damage_healed":0,"gold_gain":0,"player_choice":"Removed Skill","damage_taken":0,"max_hp_gain":0,"max_hp_loss":0,"event_name":"Falling","floor":46,"gold_loss":0}],"is_beta":false,"boss_relics":[{"not_picked":["Calling Bell","Snecko Eye"],"picked":"Runic Cube"},{"not_picked":["Runic Pyramid","Velvet Choker"],"picked":"Tiny House"}],"items_purged_floors":[41],"is_endless":false,"potions_floor_spawned":[2,6,7,10,14,16,19,22,28,31,33,35,44,48],"ascension_level":0}