{"path_per_floor":["M","M","M","M","?","M","E","M","T","M","$","M","M","M","R","B",null,"M","?","M"],"character_chosen":"DEFECT","items_purchased":["Defragment","Nova"],"gold_per_floor":[112,123,142,158,158,172,206,219,219,230,0,12,22,33,33,136,136,149,74,91,91],"floor_reached":21,"campfire_rested":0,"playtime":1176,"current_hp_per_floor":[75,70,69,63,63,70,56,56,56,45,45,42,49,41,41,29,75,43,43,40,0],"items_purged":[],"gold":91,"score":189,"play_id":"9ede873e-375e-4384-8f17-7e48140e6eeb","local_time":"20180505124618","is_prod":false,"is_daily":false,"chose_seed":false,"is_ascension_mode":false,"campfire_upgraded":1,"timestamp":1525542378,"path_taken":["M","?","M","M","?","?","E","M","T","M","$","M","M","M","R","BOSS","M","?","M","M"],"build_version":"2018-05-03","seed_source_timestamp":1677228865807239,"purchased_purges":1,"victory":false,"master_deck":["Strike_B","Strike_B","Strike_B","Defend_B","Defend_B","Defend_B","Defend_B","Zap","Dualcast","Turbo","Capacitor","Doom and Gloom","White Noise","Impulse","Storm+1","Stack","Self Repair","Beam Cell","Defragment","Nova","Undo+1","Rainbow+1","Tempest+1","Hyperbeam","Decay","Decay","Beam Cell+1"],"max_hp_per_floor":[75,75,75,75,75,75,75,75,75,75,75,75,75,75,75,75,75,75,75,75,75],"relics":["Cracked Core","Orichalcum","Letter Opener","Toxic Egg 2","Calling Bell","Bronze Scales","Pantograph","Ice Cream"],"card_choices":[{"not_picked":["Hologram","Rebound"],"picked":"Turbo","floor":1.0},{"not_picked":["Axe Kick","Sweeping Beam"],"picked":"Capacitor","floor":2.0},{"not_picked":["Hologram","Barrage"],"picked":"Doom and Gloom","floor":3.0},{"not_picked":["Cold Snap","Self Repair"],"picked":"White Noise","floor":4.0},{"not_picked":["Amplify","Sweeping Beam"],"picked":"Storm","floor":6.0},{"not_picked":["Leap","Turbo"],"picked":"Stack","floor":7.0},{"not_picked":["Streamline","Cold Snap"],"picked":"Self Repair","floor":8.0},{"not_picked":["Impulse","Sweeping Beam"],"picked":"Beam Cell","floor":10.0},{"not_picked":["Turbo","FTL"],"picked":"Undo","floor":12.0},{"not_picked":["Impulse","Coolheaded"],"picked":"Rainbow","floor":13.0},{"not_picked":["Self Repair","Leap"],"picked":"Tempest","floor":14.0},{"not_picked":["Prime","Nova"],"picked":"Hyperbeam","floor":16.0},{"not_picked":["Hologram","Prime"],"picked":"Beam Cell","floor":20}],"player_experience":40918,"potions_floor_usage":[20,21],"damage_taken":[{"damage":0.0,"enemies":"Cultist","floor":1.0,"turns":3.0},{"damage":5.0,"enemies":"Small Slimes","floor":2.0,"turns":3.0},{"damage":1.0,"enemies":"Jaw Worm","floor":3.0,"turns":3.0},{"damage":6.0,"enemies":"Red Slaver","floor":4.0,"turns":3.0},{"damage":0.0,"enemies":"Large Slime","floor":6.0,"turns":5.0},{"damage":14.0,"enemies":"Gremlin Nob","floor":7.0,"turns":4.0},{"damage":0.0,"enemies":"2 Fungi Beasts","floor":8.0,"turns":2.0},{"damage":11.0,"enemies":"Exordium Wildlife","floor":10.0,"turns":3.0},{"damage":10.0,"enemies":"Gremlin Gang","floor":12.0,"turns":3.0},{"damage":9.0,"enemies":"2 Fungi Beasts","floor":13.0,"turns":3.0},{"damage":8.0,"enemies":"Looter","floor":14.0,"turns":3.0},{"damage":19.0,"enemies":"Hexaghost","floor":16.0,"turns":7.0},{"damage":39.0,"enemies":"Shell Parasite","floor":18.0,"turns":6.0},{"damage":9,"enemies":"3 Byrds","floor":20,"turns":2},{"damage":55,"enemies":"Slaver and Parasite","floor":21,"turns":3}],"event_choices":[{"event_name":"Transmorgrifier","player_choice":"Transform","floor":5.0,"damage_taken":0.0},{"event_name":"Beggar","player_choice":"Gave Gold","floor":19.0,"damage_taken":0.0}],"boss_relics":[],"potions_floor_spawned":[2,3,10,12,16,18],"seed_played":"-4841449015293872585","killed_by":"Slaver and Parasite","ascension_level":0,"is_trial":false}