{"gold_per_floor":[116,129,129,129,146,146,321,332,386,412,424,470,360,377,377,479,529,495,514,533,533,533,533],"floor_reached":23,"playtime":2347,"items_purged":["Doubt"],"score":193,"play_id":"3bb2c4ff-cc16-4f63-8a62-64ab66759be3","local_time":"20190210160241","is_ascension_mode":false,"campfire_choices":[{"data":"Noxious Fumes","floor":6,"key":"SMITH"},{"floor":15,"key":"REST"}],"neow_cost":"NONE","seed_source_timestamp":939005490246883,"circlet_count":0,"master_deck":["Defend_G+1","Defend_G","Defend_G","Defend_G","Strike_G","Strike_G","Strike_G","Strike_G","Strike_G","Survivor","Neutralize","Noxious Fumes+1","PiercingWail","Prepared","Deadly Poison"],"relics":["Ring of the Snake","MawBank","Vajra","Darkstone Periapt","Tiny House"],"potions_floor_usage":[16,18],"damage_taken":[{"damage":0,"enemies":"Cultist","floor":1,"turns":6},{"damage":0,"enemies":"Small Slimes","floor":2,"turns":4},{"damage":0,"enemies":"2 Louse","floor":5,"turns":4},{"damage":11,"enemies":"Lots of Slimes","floor":8,"turns":4},{"damage":9,"enemies":"Blue Slaver","floor":10,"turns":6},{"damage":18,"enemies":"Lagavulin","floor":12,"turns":8},{"damage":17,"enemies":"Gremlin Gang","floor":14,"turns":5},{"damage":26,"enemies":"The Guardian","floor":16,"turns":11},{"damage":22,"enemies":"2 Thieves","floor":18,"turns":5},{"damage":15,"enemies":"Spheric Guardian","floor":19,"turns":6},{"damage":12,"enemies":"Centurion and Healer","floor":20,"turns":8},{"damage":0,"enemies":"Slavers","floor":23,"turns":1}],"seed_played":"-7232517309617828454","potions_obtained":[{"floor":2,"key":"Block Potion"},{"floor":5,"key":"Energy Potion"},{"floor":10,"key":"Strength Potion"},{"floor":17,"key":"Fire Potion"},{"floor":18,"key":"Poison Potion"}],"is_trial":false,"path_per_floor":["M","M","?","$","M","R","?","M","T","M","?","E","$","M","R","B",null,"M","M","M","?","$","E"],"character_chosen":"THE_SILENT","items_purchased":["Deadly Poison"],"campfire_rested":1,"item_purchase_floors":[13],"current_hp_per_floor":[70,70,70,70,70,70,70,59,59,50,50,32,32,15,36,10,75,53,38,26,26,26,26],"gold":533,"neow_bonus":"THREE_CARDS","is_prod":false,"is_daily":false,"chose_seed":false,"campfire_upgraded":1,"win_rate":0.0,"timestamp":1549843361,"path_taken":["M","M","?","$","M","R","?","M","T","M","?","E","$","M","R","BOSS","M","M","?","?","$","E"],"build_version":"2019-01-23","purchased_purges":1,"victory":false,"max_hp_per_floor":[70,70,70,70,70,70,70,70,70,70,70,70,70,70,70,70,75,75,75,75,75,75,75],"card_choices":[{"not_picked":["Acrobatics","Prepared"],"picked":"Noxious Fumes","floor":0},{"not_picked":["Acrobatics","Bane","Backflip"],"picked":"SKIP","floor":1},{"not_picked":["Masterful Stab","Underhanded Strike"],"picked":"PiercingWail","floor":2},{"not_picked":["Blur","Underhanded Strike","Noxious Fumes"],"picked":"SKIP","floor":5},{"not_picked":["Eviscerate","Slice","Dagger Throw"],"picked":"SKIP","floor":8},{"not_picked":["Envenom","Quick Slash"],"picked":"Prepared","floor":10},{"not_picked":["Infinite Blades","Bane","Blur"],"picked":"SKIP","floor":12},{"not_picked":["Outmaneuver","Sucker Punch","Choke"],"picked":"SKIP","floor":14},{"not_picked":["Flying Knee","Dagger Throw","Endless Agony+1"],"picked":"SKIP","floor":18},{"not_picked":["Dagger Throw","Infinite Blades+1","Flying Knee"],"picked":"SKIP","floor":19},{"not_picked":["Flying Knee+1","Footwork","Deflect"],"picked":"SKIP","floor":20}],"player_experience":26358,"relics_obtained":[{"floor":9,"key":"MawBank"},{"floor":12,"key":"Darkstone Periapt"}],"event_choices":[{"damage_healed":0,"gold_gain":0,"player_choice":"Leave","damage_taken":0,"max_hp_gain":0,"max_hp_loss":0,"event_name":"The Cleric","floor":3,"gold_loss":0},{"damage_healed":0,"gold_gain":175,"player_choice":"AGREE","damage_taken":0,"max_hp_gain":0,"max_hp_loss":0,"event_name":"Liars Game","floor":7,"gold_loss":0,"cards_obtained":["Doubt"]},{"damage_healed":0,"gold_gain":0,"player_choice":"Gave Potion","damage_taken":0,"relics_obtained":["Vajra"],"max_hp_gain":0,"max_hp_loss":0,"event_name":"WeMeetAgain","floor":11,"gold_loss":0},{"cards_removed":["Defend_G"],"damage_healed":0,"gold_gain":0,"player_choice":"Card Removal","damage_taken":0,"max_hp_gain":0,"max_hp_loss":0,"event_name":"Wheel of Change","floor":21,"gold_loss":0}],"is_beta":false,"boss_relics":[{"not_picked":["Ectoplasm","Runic Dome"],"picked":"Tiny House"}],"items_purged_floors":[13],"is_endless":false,"potions_floor_spawned":[2,5,10,18],"killed_by":"Slavers","ascension_level":0}