{"gold_per_floor":[118,131,131,144,155,213,213,245,245,271,281,281,300,300,300,405,405,370,15,35,50,67,99,99],"floor_reached":24,"playtime":5697,"items_purged":[],"score":230,"play_id":"f2a52ac6-9dfe-417c-abfd-584598bb3472","local_time":"20180628130732","is_ascension_mode":false,"campfire_choices":[{"data":"Creative AI","floor":7,"key":"SMITH"},{"data":"Chaos","floor":12,"key":"SMITH"},{"data":"Dualcast","floor":15,"key":"SMITH"}],"neow_cost":"NONE","seed_source_timestamp":155297593798582,"circlet_count":0,"master_deck":["Strike_B","Strike_B","Strike_B","Defend_B","Zap","Dualcast+1","Creative AI+1","Conserve Battery","Glacier","Auto Shields","Sweeping Beam","Self Repair","Blizzard","Chaos+1","Sweeping Beam","Compile Driver","Thunder Strike","Reprogram+1","Force Field+1","Melter+1","Coolheaded","Defragment","Gash","Double Energy","Amplify","White Noise","Beam Cell"],"relics":["Cracked Core","Tiny Chest","Dodecahedron","Toolbox","Strawberry","Astrolabe","Matryoshka","Smiling Mask"],"potions_floor_usage":[5,5,24,24,24],"damage_taken":[{"damage":3,"enemies":"Small Slimes","floor":1,"turns":4},{"damage":0,"enemies":"2 Louse","floor":2,"turns":3},{"damage":0,"enemies":"Jaw Worm","floor":4,"turns":5},{"damage":17,"enemies":"Exordium Wildlife","floor":5,"turns":4},{"damage":13,"enemies":"Lagavulin","floor":6,"turns":14},{"damage":7,"enemies":"3 Sentries","floor":8,"turns":11},{"damage":0,"enemies":"3 Louse","floor":11,"turns":3},{"damage":9,"enemies":"Lots of Slimes","floor":13,"turns":3},{"damage":5,"enemies":"Slime Boss","floor":16,"turns":8},{"damage":20,"enemies":"2 Thieves","floor":18,"turns":5},{"damage":0,"enemies":"Spheric Guardian","floor":20,"turns":1},{"damage":8,"enemies":"Cultist and Chosen","floor":21,"turns":6},{"damage":3,"enemies":"Centurion and Healer","floor":22,"turns":12},{"damage":42,"enemies":"Slavers","floor":23,"turns":7},{"damage":31,"enemies":"Snake Plant","floor":24,"turns":2}],"seed_played":"5422444397882688689","potions_obtained":[{"floor":1,"key":"AttackPotion"},{"floor":2,"key":"SpeedPotion"},{"floor":4,"key":"EssenceOfSteel"},{"floor":8,"key":"Dexterity Potion"},{"floor":20,"key":"FocusPotion"},{"floor":21,"key":"Explosive Potion"}],"is_trial":false,"path_per_floor":["M","M","?","M","M","E","R","E","T","T","M","R","M","?","R","B",null,"M","$","M","M","M","E"],"character_chosen":"DEFECT","items_purchased":["Matryoshka","Defragment","Gash"],"campfire_rested":0,"item_purchase_floors":[19,19,19],"current_hp_per_floor":[72,72,72,72,55,49,49,49,49,56,63,63,54,59,59,61,87,74,74,74,66,63,28,0],"gold":99,"neow_bonus":"ONE_RANDOM_RARE_CARD","is_prod":false,"is_daily":false,"chose_seed":false,"campfire_upgraded":3,"win_rate":0.0,"timestamp":1530212852,"path_taken":["M","M","?","M","M","E","R","E","T","?","M","R","?","?","R","BOSS","M","$","M","M","M","E","M"],"build_version":"2018-06-21v2","purchased_purges":0,"victory":false,"max_hp_per_floor":[75,75,75,75,75,75,75,75,75,82,82,82,82,87,87,87,87,87,87,87,87,87,87,87],"card_choices":[{"not_picked":["Static Discharge","Redo"],"picked":"Conserve Battery","floor":1},{"not_picked":["Stack","Lockon"],"picked":"Glacier","floor":2},{"not_picked":["Hologram","Conserve Battery"],"picked":"Sweeping Beam","floor":4},{"not_picked":["Lockon","Redo"],"picked":"Self Repair","floor":5},{"not_picked":["Seek","Go for the Eyes"],"picked":"Blizzard","floor":6},{"not_picked":["Gash","Go for the Eyes"],"picked":"Chaos","floor":8},{"not_picked":["Barrage","Streamline"],"picked":"Sweeping Beam","floor":11},{"not_picked":["Go for the Eyes","Auto Shields"],"picked":"Compile Driver","floor":13},{"not_picked":["Creative AI","Buffer"],"picked":"Thunder Strike","floor":16},{"not_picked":["Gash","Streamline"],"picked":"Coolheaded","floor":18},{"not_picked":["Hologram+1","Leap+1"],"picked":"Double Energy","floor":20},{"not_picked":["Coolheaded","Hologram+1"],"picked":"Amplify","floor":21},{"not_picked":["Glacier","Blizzard"],"picked":"White Noise","floor":22},{"not_picked":["Rip and Tear","Go for the Eyes"],"picked":"Beam Cell","floor":23}],"player_experience":43632,"relics_obtained":[{"floor":6,"key":"Tiny Chest"},{"floor":8,"key":"Dodecahedron"},{"floor":9,"key":"Toolbox"},{"floor":10,"key":"Strawberry"},{"floor":23,"key":"Smiling Mask"}],"event_choices":[{"event_name":"Living Wall","player_choice":"Change","floor":3,"damage_taken":0},{"event_name":"Big Fish","player_choice":"Donut","floor":14,"damage_taken":0}],"boss_relics":[{"not_picked":["Black Star","Cursed Key"],"picked":"Astrolabe"}],"items_purged_floors":[],"is_endless":false,"potions_floor_spawned":[1,2,4,8,20,21,22,23],"killed_by":"Snake Plant","ascension_level":0}