{"gold_per_floor":[119,134,151,169,189,248,248,259,259,275,289,289,40,59,59,163,163,173,185,185],"floor_reached":20,"playtime":1225,"items_purged":[],"score":182,"play_id":"b2344bd3-f0ba-4f07-88de-dd864cf6491c","local_time":"20180703152958","is_ascension_mode":false,"campfire_choices":[{"data":"Noxious Fumes","floor":7,"key":"SMITH"},{"data":"Catalyst","floor":12,"key":"SMITH"},{"data":"Calculated Gamble","floor":15,"key":"SMITH"}],"neow_cost":"NONE","seed_source_timestamp":161943482345064,"circlet_count":0,"master_deck":["Survivor","Neutralize+1","Noxious Fumes+1","Prepared+1","Catalyst+1","Dagger Throw","Backflip+1","Calculated Gamble+1","Acrobatics","Underhanded Strike","Underhanded Strike","Trip","Setup","Unload","Quick Slash","Blur","Dagger Spray","Flechettes","Endless Agony","Acrobatics","Poisoned Stab","Choke","Setup","Finisher","Sucker Punch","Heel Hook+1"],"relics":["Ring of the Snake","Tiny Chest","Whetstone","War Paint","Pandora\u0027s Box"],"potions_floor_usage":[6,6,6,16],"damage_taken":[{"damage":1,"enemies":"Cultist","floor":1,"turns":5},{"damage":0,"enemies":"2 Louse","floor":2,"turns":3},{"damage":0,"enemies":"Jaw Worm","floor":3,"turns":4},{"damage":0,"enemies":"Exordium Wildlife","floor":4,"turns":5},{"damage":3,"enemies":"2 Fungi Beasts","floor":5,"turns":4},{"damage":9,"enemies":"Gremlin Nob","floor":6,"turns":4},{"damage":7,"enemies":"3 Louse","floor":8,"turns":4},{"damage":7,"enemies":"Blue Slaver","floor":10,"turns":4},{"damage":7,"enemies":"Large Slime","floor":11,"turns":6},{"damage":0,"enemies":"Looter","floor":14,"turns":1},{"damage":21,"enemies":"The Guardian","floor":16,"turns":8},{"damage":18,"enemies":"Spheric Guardian","floor":18,"turns":4},{"damage":14,"enemies":"2 Thieves","floor":19,"turns":4},{"damage":39,"enemies":"Sentry and Sphere","floor":20,"turns":5}],"seed_played":"-6883311011252287258","potions_obtained":[{"floor":1,"key":"FearPotion"},{"floor":3,"key":"AttackPotion"},{"floor":4,"key":"Strength Potion"},{"floor":6,"key":"LiquidBronze"},{"floor":11,"key":"Poison Potion"}],"is_trial":false,"path_per_floor":["M","M","M","M","M","E","R","M","T","M","M","R","$","M","R","B",null,"M","M"],"character_chosen":"THE_SILENT","items_purchased":["War Paint","Trip"],"campfire_rested":0,"item_purchase_floors":[13,13],"current_hp_per_floor":[69,69,69,69,66,57,57,50,50,43,36,36,36,36,36,15,70,52,38,0],"gold":185,"neow_bonus":"UPGRADE_CARD","is_prod":false,"is_daily":false,"chose_seed":false,"campfire_upgraded":3,"win_rate":0.0,"timestamp":1530653398,"path_taken":["M","M","M","M","M","E","R","M","T","?","M","R","?","?","R","BOSS","M","M","M"],"build_version":"2018-06-28","purchased_purges":0,"victory":false,"max_hp_per_floor":[70,70,70,70,70,70,70,70,70,70,70,70,70,70,70,70,70,70,70,70],"card_choices":[{"not_picked":["Slice","Setup"],"picked":"Noxious Fumes","floor":1},{"not_picked":["Dagger Spray","Accuracy"],"picked":"Prepared","floor":2},{"not_picked":["Expertise","Flying Knee"],"picked":"Catalyst","floor":3},{"not_picked":["PiercingWail","Backflip"],"picked":"Dagger Throw","floor":4},{"not_picked":["Dodge and Roll","Flechettes"],"picked":"Backflip","floor":5},{"not_picked":["Dagger Throw","Outmaneuver"],"picked":"Calculated Gamble","floor":6},{"not_picked":["Choke","Blade Dance"],"picked":"Acrobatics","floor":8},{"not_picked":["Acrobatics","Distraction"],"picked":"Underhanded Strike","floor":10},{"not_picked":["Dodge and Roll","Distraction"],"picked":"Underhanded Strike","floor":11},{"not_picked":["Quick Slash","Reflex"],"picked":"Setup","floor":14},{"not_picked":["After Image","Wraith Form v2"],"picked":"Unload","floor":16},{"not_picked":["Dagger Throw","Choke+1"],"picked":"Sucker Punch","floor":18},{"not_picked":["Acrobatics+1","Prepared"],"picked":"Heel Hook+1","floor":19}],"player_experience":141737,"relics_obtained":[{"floor":6,"key":"Tiny Chest"},{"floor":9,"key":"Whetstone"}],"event_choices":[],"boss_relics":[{"not_picked":["Eternal Feather","Orrery"],"picked":"Pandora\u0027s Box"}],"items_purged_floors":[],"is_endless":false,"potions_floor_spawned":[1,3,4,6,11],"killed_by":"Sentry and Sphere","ascension_level":0}