{"gold_per_floor":[110,122,122,122,140,58,76,94,164],"floor_reached":9,"playtime":827,"items_purged":[],"score":55,"play_id":"0237e2ed-b6cb-4f55-aa43-ec9463034c45","local_time":"20190210141856","is_ascension_mode":false,"campfire_choices":[],"neow_cost":"NONE","seed_source_timestamp":934300947741420,"circlet_count":0,"master_deck":["Defend_G","Defend_G","Defend_G","Defend_G","Defend_G","Strike_G","Strike_G","Strike_G","Strike_G","Strike_G","Neutralize","Backflip","Slice","Poisoned Stab","Noxious Fumes","Quick Slash","Masterful Stab"],"relics":["Ring of the Snake","Golden Idol","Bottled Lightning"],"potions_floor_usage":[],"damage_taken":[{"damage":2,"enemies":"Jaw Worm","floor":1,"turns":7},{"damage":0,"enemies":"Small Slimes","floor":2,"turns":4},{"damage":0,"enemies":"Cultist","floor":5,"turns":4},{"damage":5,"enemies":"2 Fungi Beasts","floor":7,"turns":4},{"damage":6,"enemies":"Red Slaver","floor":8,"turns":5}],"seed_played":"3315760314997635189","potions_obtained":[{"floor":2,"key":"SteroidPotion"},{"floor":8,"key":"PowerPotion"}],"is_trial":false,"path_per_floor":["M","M","?","?","M","$","M","M","T"],"character_chosen":"THE_SILENT","items_purchased":["Noxious Fumes"],"campfire_rested":0,"item_purchase_floors":[6],"current_hp_per_floor":[75,75,56,49,49,49,44,38,38],"gold":164,"neow_bonus":"TEN_PERCENT_HP_BONUS","is_prod":false,"is_daily":false,"chose_seed":false,"campfire_upgraded":0,"win_rate":0.0,"timestamp":1549837136,"path_taken":["M","M","?","?","M","$","M","?","T"],"build_version":"2019-01-23","purchased_purges":0,"victory":false,"max_hp_per_floor":[77,77,77,77,77,77,77,77,77],"card_choices":[{"not_picked":["Slice","Dagger Throw"],"picked":"Backflip","floor":1},{"not_picked":["Dagger Throw","Masterful Stab"],"picked":"Slice","floor":2},{"not_picked":["Deflect","Flying Knee"],"picked":"Poisoned Stab","floor":5},{"not_picked":["Outmaneuver","Blur"],"picked":"Quick Slash","floor":7},{"not_picked":["Flechettes","All Out Attack"],"picked":"Masterful Stab","floor":8}],"player_experience":21682,"relics_obtained":[{"floor":9,"key":"Bottled Lightning"}],"event_choices":[{"damage_healed":0,"gold_gain":0,"player_choice":"Take Damage","damage_taken":19,"relics_obtained":["Golden Idol"],"max_hp_gain":0,"max_hp_loss":0,"event_name":"Golden Idol","floor":3,"gold_loss":0},{"cards_removed":["Survivor"],"damage_healed":0,"gold_gain":0,"player_choice":"Card Removal","damage_taken":7,"max_hp_gain":0,"max_hp_loss":0,"event_name":"Golden Wing","floor":4,"gold_loss":0}],"is_beta":false,"boss_relics":[],"items_purged_floors":[],"is_endless":false,"potions_floor_spawned":[2,8],"ascension_level":0}