{"gold_per_floor":[110,110,110,110,129,160,45,45,69,84,84,104,118,132,132,229,229,240,240,39,53,53],"floor_reached":22,"playtime":737,"items_purged":["Strike_R"],"score":264,"play_id":"db7c6ccd-b75b-4b1b-99b3-7b0c2c0b5f01","local_time":"20190210172925","is_ascension_mode":true,"campfire_choices":[{"data":"Spot Weakness","floor":11,"key":"SMITH"},{"floor":15,"key":"REST"}],"neow_cost":"NONE","seed_source_timestamp":265594069561777,"circlet_count":0,"master_deck":["Strike_R","Strike_R","Strike_R","Defend_R","Defend_R","Defend_R","Defend_R+1","Bash","Flex+1","Spot Weakness+1","Flex+1","Flex"],"relics":["Burning Blood","NeowsBlessing","Gremlin Horn","Ancient Tea Set","Happy Flower","Velvet Choker","Vajra"],"potions_floor_usage":[16,16],"damage_taken":[{"damage":0,"enemies":"Small Slimes","floor":1,"turns":1},{"damage":0,"enemies":"2 Louse","floor":5,"turns":1},{"damage":0,"enemies":"3 Sentries","floor":6,"turns":1},{"damage":3,"enemies":"Jaw Worm","floor":10,"turns":4},{"damage":15,"enemies":"Large Slime","floor":12,"turns":7},{"damage":0,"enemies":"Lots of Slimes","floor":13,"turns":4},{"damage":11,"enemies":"3 Louse","floor":14,"turns":3},{"damage":37,"enemies":"The Guardian","floor":16,"turns":11},{"damage":22,"enemies":"Spheric Guardian","floor":18,"turns":5},{"damage":57,"enemies":"Chosen","floor":21,"turns":7},{"damage":10,"enemies":"Snecko","floor":22,"turns":2}],"seed_played":"-4866875378510443138","potions_obtained":[{"floor":5,"key":"PowerPotion"},{"floor":6,"key":"Weak Potion"},{"floor":12,"key":"Regen Potion"},{"floor":21,"key":"Poison Potion"}],"is_trial":false,"path_per_floor":["?","?","?","$","?","M","?","M"],"character_chosen":"IRONCLAD","items_purchased":["Spot Weakness","Vajra","Flex"],"campfire_rested":1,"item_purchase_floors":[7,20,20],"current_hp_per_floor":[80,85,68,56,62,68,68,68,68,71,71,62,68,63,85,54,77,61,61,61,10,0],"gold":53,"neow_bonus":"THREE_ENEMY_KILL","is_prod":false,"is_daily":false,"chose_seed":false,"campfire_upgraded":1,"win_rate":0,"timestamp":1549816165,"path_taken":["M","?","?","?","M","E","?","?","T","M","R","M","M","?","R","BOSS","M","?","$","M","?"],"build_version":"2019-01-23","purchased_purges":1,"victory":false,"max_hp_per_floor":[80,85,85,85,85,85,85,85,85,85,85,85,85,85,85,85,85,85,85,85,85,85],"card_choices":[{"not_picked":["Twin Strike","Feel No Pain"],"picked":"Flex","floor":1},{"not_picked":["Wild Strike","Thunderclap","Pommel Strike"],"picked":"SKIP","floor":5},{"not_picked":["Searing Blow","Metallicize","Perfected Strike"],"picked":"SKIP","floor":6},{"not_picked":["Searing Blow","Metallicize","Perfected Strike"],"picked":"SKIP","floor":6},{"not_picked":["Power Through","Perfected Strike"],"picked":"Flex","floor":10},{"not_picked":["Sword Boomerang","Clothesline","Anger"],"picked":"SKIP","floor":12},{"not_picked":["Cleave","True Grit","Infernal Blade"],"picked":"SKIP","floor":13},{"not_picked":["Corruption","Body Slam","Thunderclap"],"picked":"SKIP","floor":14},{"not_picked":["Battle Trance+1","Evolve","Uppercut"],"picked":"SKIP","floor":18},{"not_picked":["Wild Strike","Reckless Charge+1","Sentinel"],"picked":"SKIP","floor":21},{"not_picked":["Wild Strike","Reckless Charge+1","Sentinel"],"picked":"SKIP","floor":21}],"player_experience":144153,"relics_obtained":[{"floor":6,"key":"Ancient Tea Set"},{"floor":9,"key":"Happy Flower"}],"event_choices":[{"damage_healed":0,"gold_gain":0,"player_choice":"Donut","damage_taken":0,"max_hp_gain":5,"max_hp_loss":0,"event_name":"Big Fish","floor":2,"gold_loss":0},{"damage_healed":0,"gold_gain":0,"player_choice":"Entered Light","damage_taken":17,"max_hp_gain":0,"max_hp_loss":0,"event_name":"Shining Light","floor":3,"gold_loss":0,"cards_upgraded":["Defend_R","Flex"]},{"damage_healed":0,"gold_gain":0,"player_choice":"Success","damage_taken":12,"relics_obtained":["Gremlin Horn"],"max_hp_gain":0,"max_hp_loss":0,"event_name":"Scrap Ooze","floor":4,"gold_loss":0},{"cards_removed":["Strike_R"],"damage_healed":0,"gold_gain":0,"player_choice":"Forget","damage_taken":0,"max_hp_gain":0,"max_hp_loss":0,"event_name":"Living Wall","floor":8,"gold_loss":0},{"damage_healed":0,"gold_gain":0,"player_choice":"Forge","damage_taken":0,"max_hp_gain":0,"max_hp_loss":0,"event_name":"Accursed Blacksmith","floor":19,"gold_loss":0,"cards_upgraded":["Flex"]}],"is_beta":false,"boss_relics":[{"not_picked":["Ectoplasm","Tiny House"],"picked":"Velvet Choker"}],"items_purged_floors":[7],"is_endless":false,"potions_floor_spawned":[5,6,12,21],"killed_by":"Snecko","ascension_level":5}