{"gold_per_floor":[111,131,145,28,28,28,43,17,42,58,92,103,103,132,132,233,233,250,267,267],"floor_reached":20,"playtime":1396,"items_purged":[],"score":186,"play_id":"2e8251f9-658d-48ab-b451-e0b31fa452a4","local_time":"20190210202039","is_ascension_mode":false,"campfire_choices":[{"data":"Hello World","floor":6,"key":"SMITH"},{"floor":13,"key":"REST"},{"floor":15,"key":"REST"}],"neow_cost":"NONE","seed_source_timestamp":435692242722300,"circlet_count":0,"master_deck":["Strike_B","Strike_B","Strike_B","Strike_B","Defend_B","Defend_B","Defend_B","Defend_B","Zap","Dualcast","Conserve Battery","Hello World+1","Doom and Gloom+1","Streamline","Swift Strike+1","Go for the Eyes","Gash","Conserve Battery","Streamline","Doom and Gloom+1","Darkness","Rainbow","Fusion","Compile Driver+1"],"relics":["Cracked Core","Pen Nib","Lantern","Whetstone","Inserter"],"potions_floor_usage":[3,3,3,12,12,16,20],"damage_taken":[{"damage":10,"enemies":"Cultist","floor":1,"turns":4},{"damage":0,"enemies":"2 Louse","floor":2,"turns":3},{"damage":0,"enemies":"Jaw Worm","floor":3,"turns":3},{"damage":19,"enemies":"Lots of Slimes","floor":7,"turns":3},{"damage":19,"enemies":"Blue Slaver","floor":10,"turns":3},{"damage":8,"enemies":"3 Sentries","floor":11,"turns":5},{"damage":0,"enemies":"3 Louse","floor":12,"turns":2},{"damage":14,"enemies":"Gremlin Nob","floor":14,"turns":4},{"damage":16,"enemies":"Slime Boss","floor":16,"turns":5},{"damage":0,"enemies":"Chosen","floor":18,"turns":3},{"damage":31,"enemies":"Shell Parasite","floor":19,"turns":5},{"damage":26,"enemies":"Colosseum Slavers","floor":20,"turns":4},{"damage":27,"enemies":"Colosseum Nobs","floor":20,"turns":4}],"seed_played":"5984610665114600676","potions_obtained":[{"floor":0,"key":"Regen Potion"},{"floor":0,"key":"AttackPotion"},{"floor":0,"key":"Block Potion"},{"floor":3,"key":"LiquidBronze"},{"floor":7,"key":"PowerPotion"},{"floor":12,"key":"LiquidBronze"},{"floor":16,"key":"PowerPotion"}],"is_trial":false,"path_per_floor":["M","M","M","$","?","R","M","$","T","M","E","M","R","E","R","B",null,"M","M","?"],"character_chosen":"DEFECT","items_purchased":["Streamline","Swift Strike","Gash"],"campfire_rested":2,"item_purchase_floors":[4,4,8],"current_hp_per_floor":[65,65,74,74,74,74,55,55,55,36,28,28,50,36,58,42,75,75,44,0],"gold":267,"neow_bonus":"THREE_SMALL_POTIONS","is_prod":false,"is_daily":false,"chose_seed":false,"campfire_upgraded":1,"win_rate":0.0,"timestamp":1549848039,"path_taken":["M","?","M","$","?","R","M","?","T","M","E","?","R","E","R","BOSS","M","M","?"],"build_version":"2019-01-23","purchased_purges":0,"victory":false,"max_hp_per_floor":[75,75,75,75,75,75,75,75,75,75,75,75,75,75,75,75,75,75,75,75],"card_choices":[{"not_picked":["Tempest","Reinforced Body"],"picked":"Conserve Battery","floor":1},{"not_picked":["Coolheaded","Steam"],"picked":"Hello World","floor":2},{"not_picked":["Conserve Battery","Storm"],"picked":"Doom and Gloom","floor":3},{"not_picked":["Multi-Cast","Redo"],"picked":"Go for the Eyes","floor":7},{"not_picked":["Undo","Beam Cell"],"picked":"Conserve Battery","floor":10},{"not_picked":["Gash","Multi-Cast"],"picked":"Streamline","floor":11},{"not_picked":["Steam","Hologram"],"picked":"Doom and Gloom","floor":12},{"not_picked":["Electrodynamics","Reprogram"],"picked":"Darkness","floor":14},{"not_picked":["Multi-Cast","Fission"],"picked":"Rainbow","floor":16},{"not_picked":["Compile Driver+1","Capacitor"],"picked":"Fusion","floor":18},{"not_picked":["Beam Cell","Sweeping Beam"],"picked":"Compile Driver+1","floor":19}],"player_experience":54993,"relics_obtained":[{"floor":9,"key":"Pen Nib"},{"floor":11,"key":"Lantern"},{"floor":14,"key":"Whetstone"}],"event_choices":[{"damage_healed":0,"gold_gain":0,"player_choice":"Grow","damage_taken":0,"max_hp_gain":0,"max_hp_loss":0,"event_name":"Living Wall","floor":5,"gold_loss":0,"cards_upgraded":["Doom and Gloom"]},{"damage_healed":0,"gold_gain":0,"player_choice":"Fight","damage_taken":0,"max_hp_gain":0,"max_hp_loss":0,"event_name":"Colosseum","floor":20,"gold_loss":0},{"damage_healed":0,"gold_gain":0,"player_choice":"Fought Nobs","damage_taken":0,"max_hp_gain":0,"max_hp_loss":0,"event_name":"Colosseum","floor":20,"gold_loss":0}],"is_beta":false,"boss_relics":[{"not_picked":["Runic Dome","Eternal Feather"],"picked":"Inserter"}],"items_purged_floors":[],"is_endless":false,"potions_floor_spawned":[2,3,7,12,16],"killed_by":"Colosseum Nobs","ascension_level":0}