{"gold_per_floor":[116,116,134,145,162,162,181,213,288,288,25,25,43,70,70,171,171,182,194,119,132,132,132],"floor_reached":23,"playtime":999,"items_purged":["Strike_R"],"score":284,"play_id":"038e413d-4b54-4418-8693-cb0d945cefab","local_time":"20190318184923","is_ascension_mode":true,"campfire_choices":[{"floor":6,"key":"REST"},{"floor":12,"key":"REST"},{"data":"Armaments","floor":15,"key":"SMITH"}],"neow_cost":"PERCENT_DAMAGE","seed_source_timestamp":324954881314772,"circlet_count":0,"master_deck":["Defend_R+1","Defend_R","Defend_R","Defend_R","Bash","Bloodletting+1","Second Wind","Pommel Strike","Carnage","Uppercut","Shrug It Off","Wild Strike","Reckless Charge","Feel No Pain","Armaments+1","Clothesline","Bludgeon","Cleave","Flex"],"relics":["Burning Blood","Blood Vial","Self Forming Clay","Peace Pipe","War Paint","Oddly Smooth Stone","Snecko Eye"],"potions_floor_usage":[],"damage_taken":[{"damage":15,"enemies":"Small Slimes","floor":1,"turns":5},{"damage":4,"enemies":"Cultist","floor":3,"turns":4},{"damage":5,"enemies":"2 Louse","floor":4,"turns":4},{"damage":9,"enemies":"Red Slaver","floor":5,"turns":4},{"damage":4,"enemies":"Blue Slaver","floor":7,"turns":5},{"damage":32,"enemies":"Gremlin Nob","floor":8,"turns":4},{"damage":3,"enemies":"Looter","floor":13,"turns":3},{"damage":15,"enemies":"3 Sentries","floor":14,"turns":12},{"damage":20,"enemies":"Slime Boss","floor":16,"turns":12},{"damage":0,"enemies":"2 Thieves","floor":18,"turns":3},{"damage":0,"enemies":"Spheric Guardian","floor":19,"turns":1},{"damage":0,"enemies":"Centurion and Healer","floor":21,"turns":3},{"damage":89,"enemies":"Slavers","floor":23,"turns":6}],"seed_played":"-823573374207492304","potions_obtained":[{"floor":1,"key":"EssenceOfSteel"},{"floor":5,"key":"Dexterity Potion"},{"floor":8,"key":"Strength Potion"},{"floor":14,"key":"SpeedPotion"}],"is_trial":false,"path_per_floor":["?","M","?","M","?"],"character_chosen":"IRONCLAD","items_purchased":["Feel No Pain","Armaments","War Paint"],"campfire_rested":2,"item_purchase_floors":[11,11,11],"current_hp_per_floor":[42,42,44,45,42,66,68,42,42,42,42,66,71,64,64,52,73,80,80,80,80,80,0],"gold":132,"neow_bonus":"TRANSFORM_TWO_CARDS","is_prod":false,"is_daily":false,"chose_seed":false,"campfire_upgraded":1,"win_rate":0,"timestamp":1552931363,"path_taken":["M","?","M","?","M","R","M","E","T","?","$","R","?","E","R","BOSS","M","M","$","M","?","E"],"build_version":"2019-01-23","purchased_purges":1,"victory":false,"max_hp_per_floor":[80,80,80,80,80,80,80,80,80,80,80,80,80,80,80,80,80,80,80,80,80,80,80],"card_choices":[{"not_picked":["Bloodletting","Clash"],"picked":"Pommel Strike","floor":1},{"not_picked":["Wild Strike","Second Wind"],"picked":"Carnage","floor":3},{"not_picked":["Thunderclap","Warcry"],"picked":"Uppercut","floor":4},{"not_picked":["Clash","Spot Weakness"],"picked":"Shrug It Off","floor":5},{"not_picked":["True Grit","Headbutt"],"picked":"Wild Strike","floor":7},{"not_picked":["Offering","Blood for Blood"],"picked":"Reckless Charge","floor":8},{"not_picked":["Evolve","Uppercut"],"picked":"Clothesline","floor":13},{"not_picked":["Dual Wield","Headbutt","Heavy Blade"],"picked":"SKIP","floor":14},{"not_picked":["Barricade","Offering"],"picked":"Bludgeon","floor":16},{"not_picked":["Ghostly Armor","True Grit"],"picked":"Cleave","floor":18},{"not_picked":["Bloodletting","Pummel","Reckless Charge"],"picked":"SKIP","floor":19},{"not_picked":["Headbutt","Havoc"],"picked":"Flex","floor":21}],"player_experience":389631,"relics_obtained":[{"floor":8,"key":"Blood Vial"},{"floor":9,"key":"Self Forming Clay"},{"floor":14,"key":"Oddly Smooth Stone"}],"event_choices":[{"cards_removed":["Strike_R"],"damage_healed":0,"gold_gain":0,"player_choice":"Purged","damage_taken":0,"max_hp_gain":0,"max_hp_loss":0,"event_name":"Purifier","floor":2,"gold_loss":0},{"damage_healed":0,"gold_gain":0,"player_choice":"Gave Potion","damage_taken":0,"relics_obtained":["Peace Pipe"],"max_hp_gain":0,"max_hp_loss":0,"event_name":"WeMeetAgain","floor":10,"gold_loss":0},{"cards_removed":["Strike_R"],"damage_healed":0,"gold_gain":0,"player_choice":"Purged","damage_taken":0,"max_hp_gain":0,"max_hp_loss":0,"event_name":"Purifier","floor":22,"gold_loss":0}],"is_beta":false,"boss_relics":[{"not_picked":["Mark of Pain","Astrolabe"],"picked":"Snecko Eye"}],"items_purged_floors":[20],"is_endless":false,"potions_floor_spawned":[1,5,8,14,18],"killed_by":"Slavers","ascension_level":8}