{"gold_per_floor":[115,46,65,84,84,84,107,124,205,218,233,265,265,340,340,435,435,446,70,70,0,18,18,118,118,118,130,130,176,190,217,217,217],"floor_reached":33,"playtime":1202,"items_purged":[],"score":290,"play_id":"e87326c4-921f-4590-bf01-f0672074cbed","local_time":"20181003001747","is_ascension_mode":false,"campfire_choices":[{"data":"Neutralize","floor":6,"key":"SMITH"},{"data":"Neutralize","floor":13,"key":"SMITH"},{"data":"Infinite Blades","floor":15,"key":"SMITH"},{"data":"Apotheosis","floor":23,"key":"SMITH"},{"data":"Blade Dance","floor":25,"key":"SMITH"},{"floor":32,"key":"REST"}],"neow_cost":"NONE","seed_source_timestamp":994022090536902,"circlet_count":0,"master_deck":["Defend_G","Defend_G","Defend_G","Defend_G","Survivor","Neutralize+1","Noxious Fumes","Flying Knee","Cloak And Dagger","Heel Hook","Neutralize+1","Flying Knee","Blade Dance+1","Infinite Blades+1","Die Die Die","A Thousand Cuts","Masterful Stab+1","Apotheosis+1","Blade Dance","Cloak And Dagger","Bite","Bite","Bite","Bite","Bite","Masterful Stab"],"relics":["Ring of the Snake","Odd Mushroom","Ornamental Fan","Centennial Puzzle","WristBlade","Chemical X","MutagenicStrength","Torii","Pear","Darkstone Periapt","Bag of Preparation","Anchor"],"potions_floor_usage":[12,27,33,33],"damage_taken":[{"damage":0,"enemies":"Cultist","floor":1,"turns":3},{"damage":2,"enemies":"Jaw Worm","floor":3,"turns":3},{"damage":0,"enemies":"2 Louse","floor":4,"turns":3},{"damage":21,"enemies":"The Mushroom Lair","floor":7,"turns":4},{"damage":0,"enemies":"2 Fungi Beasts","floor":8,"turns":2},{"damage":2,"enemies":"Exordium Thugs","floor":10,"turns":5},{"damage":4,"enemies":"Exordium Wildlife","floor":11,"turns":4},{"damage":10,"enemies":"3 Sentries","floor":12,"turns":5},{"damage":10,"enemies":"Hexaghost","floor":16,"turns":10},{"damage":14,"enemies":"3 Byrds","floor":18,"turns":4},{"damage":0,"enemies":"Spheric Guardian","floor":22,"turns":2},{"damage":3,"enemies":"Colosseum Slavers","floor":24,"turns":3},{"damage":27,"enemies":"Colosseum Nobs","floor":24,"turns":5},{"damage":1,"enemies":"Centurion and Healer","floor":27,"turns":3},{"damage":7,"enemies":"Snecko","floor":30,"turns":3},{"damage":26,"enemies":"Slavers","floor":31,"turns":4},{"damage":34,"enemies":"Collector","floor":33,"turns":3}],"seed_played":"-3015463201644055485","potions_obtained":[{"floor":8,"key":"AttackPotion"},{"floor":10,"key":"Swift Potion"},{"floor":11,"key":"Ancient Potion"},{"floor":12,"key":"Ancient Potion"},{"floor":22,"key":"EssenceOfSteel"},{"floor":30,"key":"SpeedPotion"}],"is_trial":false,"path_per_floor":["M","$","M","M","?","R","?","M","T","M","M","E","R","?","R","B",null,"M","$","?","$","M","R","?","R","T","M","?","T","M","E","R"],"character_chosen":"THE_SILENT","items_purchased":["Flying Knee","Cloak And Dagger","Apotheosis","Chemical X","Blade Dance","Cloak And Dagger"],"campfire_rested":1,"item_purchase_floors":[2,2,19,19,21,21],"current_hp_per_floor":[70,70,68,68,68,68,47,47,47,45,41,31,31,20,20,10,70,56,56,56,56,56,56,36,36,36,35,35,35,34,10,26,0],"gold":217,"neow_bonus":"REMOVE_CARD","is_prod":false,"is_daily":false,"chose_seed":false,"campfire_upgraded":5,"win_rate":0,"timestamp":1538547467,"path_taken":["M","$","?","M","?","R","?","?","T","?","M","E","R","?","R","BOSS","M","$","?","?","?","R","?","R","T","M","?","?","M","E","R","BOSS"],"build_version":"2018-09-27","purchased_purges":0,"victory":false,"max_hp_per_floor":[70,70,70,70,70,70,70,70,70,70,70,70,70,70,70,70,70,70,70,70,70,70,70,80,80,80,80,56,56,56,56,56,56],"card_choices":[{"not_picked":["Underhanded Strike","PiercingWail"],"picked":"Noxious Fumes","floor":1},{"not_picked":["Prepared","Poisoned Stab","Predator"],"picked":"SKIP","floor":3},{"not_picked":["Setup","Sucker Punch"],"picked":"Heel Hook","floor":4},{"not_picked":["Poisoned Stab","Catalyst"],"picked":"Flying Knee","floor":7},{"not_picked":["Tactician","Poisoned Stab","Dagger Throw"],"picked":"SKIP","floor":8},{"not_picked":["Backflip","PiercingWail"],"picked":"Blade Dance","floor":10},{"not_picked":["Backstab","Outmaneuver"],"picked":"Infinite Blades","floor":11},{"not_picked":["Endless Agony","Grand Finale"],"picked":"Die Die Die","floor":12},{"not_picked":["Night Terror","Burst"],"picked":"A Thousand Cuts","floor":16},{"not_picked":["Catalyst","Predator"],"picked":"Masterful Stab+1","floor":18},{"not_picked":["Skewer","Backflip","Setup"],"picked":"SKIP","floor":22},{"not_picked":["Quick Slash+1","All Out Attack+1","Poisoned Stab"],"picked":"SKIP","floor":27},{"not_picked":["Blur","Poisoned Stab+1","Underhanded Strike"],"picked":"SKIP","floor":30},{"not_picked":["Dagger Spray","Dagger Throw"],"picked":"Masterful Stab","floor":31}],"player_experience":492544,"relics_obtained":[{"floor":7,"key":"Odd Mushroom"},{"floor":9,"key":"Ornamental Fan"},{"floor":12,"key":"Centennial Puzzle"},{"floor":24,"key":"Torii"},{"floor":24,"key":"Pear"},{"floor":26,"key":"Darkstone Periapt"},{"floor":29,"key":"Bag of Preparation"},{"floor":31,"key":"Anchor"}],"event_choices":[{"event_name":"Match and Keep!","player_choice":"1 cards matched","floor":5,"damage_taken":0},{"event_name":"Mushrooms","player_choice":"Fought Mushrooms","floor":7,"damage_taken":0},{"event_name":"World of Goop","player_choice":"Gather Gold","floor":14,"damage_taken":0},{"event_name":"Drug Dealer","player_choice":"Inject Mutagens","floor":20,"damage_taken":0},{"event_name":"Colosseum","player_choice":"Fight","floor":24,"damage_taken":0},{"event_name":"Colosseum","player_choice":"Fought Nobs","floor":24,"damage_taken":0},{"event_name":"Vampires","player_choice":"Became a vampire","floor":28,"damage_taken":0}],"is_beta":false,"boss_relics":[{"not_picked":["Busted Crown","Sozu"],"picked":"WristBlade"}],"items_purged_floors":[],"is_endless":false,"potions_floor_spawned":[8,10,11,12,22,24,30,31],"killed_by":"Collector","ascension_level":0}