{"gold_per_floor":[117,117,127,137,137,137,171,197,227,238,267,267,7,24,24,97,97,107,32,46,96,107,107,127,42,66,78,105,117,156,168,180,269,281,309,66,82,93,113,113],"floor_reached":40,"playtime":2636,"items_purged":["Defend_G"],"score":819,"play_id":"2462365e-6dba-43f0-889a-0830fe4ce772","local_time":"20190311132144","is_ascension_mode":true,"campfire_choices":[{"data":"Dash","floor":6.0,"key":"SMITH"},{"floor":12.0,"key":"REST"},{"floor":15.0,"key":"REST"},{"floor":23.0,"key":"REST"},{"data":"Adrenaline","floor":27.0,"key":"SMITH"},{"floor":29.0,"key":"REST"},{"floor":32.0,"key":"REST"}],"neow_cost":"NONE","seed_source_timestamp":1639790276353422,"circlet_count":0,"master_deck":["AscendersBane","Defend_G","Defend_G","Defend_G+1","Strike_G","Strike_G","Strike_G","Strike_G","Survivor","Neutralize+1","Heel Hook","Dash+1","Deflect","Adrenaline+1","Backflip","Distraction","Footwork","Backflip","Phantasmal Killer+1","Noxious Fumes","Acrobatics+1","Poisoned Stab","Backstab","Calculated Gamble","Corpse Explosion","A Thousand Cuts","Caltrops","Choke"],"special_seed":0,"relics":["Ring of the Serpent","Bag of Marbles","Oddly Smooth Stone","Tiny Chest","Tough Bandages","Happy Flower","War Paint","MawBank","Matryoshka","Ornamental Fan","The Courier","Snecko Eye","Meat on the Bone"],"potions_floor_usage":[39,40],"damage_taken":[{"damage":0.0,"enemies":"2 Louse","floor":1.0,"turns":2.0},{"damage":1.0,"enemies":"Small Slimes","floor":3.0,"turns":4.0},{"damage":2.0,"enemies":"Jaw Worm","floor":4.0,"turns":4.0},{"damage":26.0,"enemies":"Lagavulin","floor":7.0,"turns":10.0},{"damage":0.0,"enemies":"Looter","floor":10.0,"turns":2.0},{"damage":9.0,"enemies":"Gremlin Nob","floor":11.0,"turns":5.0},{"damage":0.0,"enemies":"2 Fungi Beasts","floor":14.0,"turns":2.0},{"damage":42.0,"enemies":"Slime Boss","floor":16.0,"turns":23.0},{"damage":10.0,"enemies":"Chosen","floor":18.0,"turns":6.0},{"damage":6.0,"enemies":"2 Thieves","floor":19.0,"turns":5.0},{"damage":15.0,"enemies":"Snake Plant","floor":20.0,"turns":7.0},{"damage":8.0,"enemies":"Shelled Parasite and Fungi","floor":22.0,"turns":8.0},{"damage":0.0,"enemies":"Snecko","floor":24.0,"turns":4.0},{"damage":15.0,"enemies":"Snake Plant","floor":28.0,"turns":3.0},{"damage":0.0,"enemies":"Book of Stabbing","floor":30.0,"turns":7.0},{"damage":3.0,"enemies":"Champ","floor":33.0,"turns":14.0},{"damage":0.0,"enemies":"Orb Walker","floor":35.0,"turns":3.0},{"damage":0.0,"enemies":"3 Shapes","floor":37.0,"turns":2.0},{"damage":0.0,"enemies":"Sphere and 2 Shapes","floor":38.0,"turns":4.0},{"damage":48,"enemies":"Jaw Worm Horde","floor":39,"turns":4},{"damage":36,"enemies":"Reptomancer","floor":40,"turns":5}],"seed_played":"36347979204107151","potions_obtained":[{"floor":1.0,"key":"Explosive Potion"},{"floor":7.0,"key":"LiquidBronze"},{"floor":14.0,"key":"EssenceOfSteel"},{"floor":20.0,"key":"FearPotion"},{"floor":22.0,"key":"SkillPotion"},{"floor":30.0,"key":"Swift Potion"},{"floor":37.0,"key":"Weak Potion"},{"floor":38.0,"key":"AttackPotion"}],"is_trial":false,"path_per_floor":["M","?","M","M","?","R","E","T","T","M","E","R","$","M","R","B",null,"M","M","M","?","M","R","M","?","T","R","M","R","E","T","R","B",null,"M","$","M","M","M","E"],"character_chosen":"THE_SILENT","items_purchased":["Footwork","Happy Flower","Caltrops","Meat on the Bone"],"campfire_rested":5,"item_purchase_floors":[13,13,36,36],"current_hp_per_floor":[59,52,51,49,49,49,23,23,23,23,14,33,33,33,52,10,52,42,36,21,21,13,32,32,32,32,32,17,36,36,36,55,52,63,63,63,63,63,27,0],"gold":113,"neow_bonus":"TRANSFORM_CARD","is_prod":false,"is_daily":false,"chose_seed":false,"campfire_upgraded":2,"win_rate":0,"timestamp":1552332104,"path_taken":["M","?","M","M","?","R","E","?","T","M","E","R","$","M","R","BOSS","M","M","M","?","M","R","M","?","T","R","M","R","E","?","R","BOSS","M","$","M","M","M","E"],"build_version":"2019-01-23","purchased_purges":1,"victory":false,"max_hp_per_floor":[66,66,66,66,66,66,66,66,66,66,66,66,66,66,66,66,66,66,66,66,66,66,66,66,66,66,66,66,66,66,66,66,66,66,66,66,66,66,66,66],"card_choices":[{"not_picked":["Outmaneuver","Underhanded Strike"],"picked":"Dash","floor":1.0},{"not_picked":["Expertise","Prepared"],"picked":"Deflect","floor":3.0},{"not_picked":["Deflect","Skewer","Accuracy"],"picked":"SKIP","floor":4.0},{"not_picked":["Escape Plan","Storm of Steel"],"picked":"Adrenaline","floor":7.0},{"not_picked":["Deflect","Quick Slash"],"picked":"Backflip","floor":10.0},{"not_picked":["Riddle With Holes","Storm of Steel"],"picked":"Distraction","floor":11.0},{"not_picked":["Underhanded Strike","Infinite Blades"],"picked":"Backflip","floor":14.0},{"not_picked":["Wraith Form v2","Burst"],"picked":"Phantasmal Killer","floor":16.0},{"not_picked":["Catalyst","Crippling Poison"],"picked":"Noxious Fumes","floor":18.0},{"not_picked":["Slice","Blade Dance"],"picked":"Acrobatics+1","floor":19.0},{"not_picked":["Prepared","Backflip+1"],"picked":"Poisoned Stab","floor":20.0},{"not_picked":["Flechettes","Dagger Spray","Underhanded Strike"],"picked":"SKIP","floor":22.0},{"not_picked":["Flechettes","Dagger Spray","Underhanded Strike"],"picked":"SKIP","floor":22.0},{"not_picked":["Outmaneuver","Poisoned Stab"],"picked":"Backstab","floor":24.0},{"not_picked":["Backflip","Outmaneuver"],"picked":"Calculated Gamble","floor":28.0},{"not_picked":["Dodge and Roll","Deadly Poison"],"picked":"Corpse Explosion","floor":30.0},{"not_picked":["Bullet Time","Die Die Die"],"picked":"A Thousand Cuts","floor":33.0},{"not_picked":["Dagger Throw","Underhanded Strike","Slice"],"picked":"SKIP","floor":35.0},{"not_picked":["PiercingWail","All Out Attack","Deflect+1"],"picked":"SKIP","floor":37.0},{"not_picked":["Infinite Blades","Dagger Throw","Dodge and Roll"],"picked":"SKIP","floor":38.0},{"not_picked":["Infinite Blades","Dagger Throw","Dodge and Roll"],"picked":"SKIP","floor":38.0},{"not_picked":["Well Laid Plans","Prepared"],"picked":"Choke","floor":39}],"player_experience":766946,"relics_obtained":[{"floor":7.0,"key":"Bag of Marbles"},{"floor":8.0,"key":"Oddly Smooth Stone"},{"floor":9.0,"key":"Tiny Chest"},{"floor":11.0,"key":"Tough Bandages"},{"floor":26.0,"key":"MawBank"},{"floor":30.0,"key":"Matryoshka"},{"floor":31.0,"key":"Ornamental Fan"},{"floor":31.0,"key":"The Courier"}],"event_choices":[{"cards_removed":["Defend_G"],"damage_healed":0.0,"max_hp_gain":0.0,"max_hp_loss":0.0,"gold_gain":0.0,"event_name":"Golden Wing","player_choice":"Card Removal","floor":2.0,"gold_loss":0.0,"damage_taken":7.0},{"damage_healed":0.0,"max_hp_gain":0.0,"max_hp_loss":0.0,"gold_gain":0.0,"event_name":"Living Wall","player_choice":"Grow","floor":5.0,"gold_loss":0.0,"damage_taken":0.0,"cards_upgraded":["Neutralize"]},{"damage_healed":0.0,"max_hp_gain":0.0,"max_hp_loss":0.0,"gold_gain":50.0,"event_name":"Nest","player_choice":"Stole From Cult","floor":21.0,"gold_loss":0.0,"damage_taken":0.0},{"damage_healed":0.0,"max_hp_gain":0.0,"max_hp_loss":0.0,"gold_gain":0.0,"event_name":"Addict","player_choice":"Obtained Relic","floor":25.0,"gold_loss":85.0,"damage_taken":0.0,"relics_obtained":["War Paint"]}],"is_beta":false,"boss_relics":[{"not_picked":["Runic Dome","Fusion Hammer"],"picked":"Ring of the Serpent"},{"not_picked":["Orrery","Black Star"],"picked":"Snecko Eye"}],"items_purged_floors":[13],"is_endless":false,"potions_floor_spawned":[1,7,10,14,20,22,30,37,38],"killed_by":"Reptomancer","ascension_level":15}