{"gold_per_floor":[12,29,45,62,80,80,111,125,125,125,225,225,16,33,33,128,128,140,150,161,38,70,70,90,102,102,102,27,42,42,60,60,60],"floor_reached":33,"playtime":1150,"items_purged":["Strike_R"],"score":253,"play_id":"31b4f394-5277-4fd9-a5c1-135781456503","local_time":"20180912125142","is_ascension_mode":false,"campfire_choices":[{"data":"Inflame","floor":6.0,"key":"SMITH"},{"data":"Armaments","floor":12.0,"key":"SMITH"},{"data":"Double Tap","floor":15.0,"key":"SMITH"},{"data":"Inflame","floor":23.0,"key":"SMITH"},{"data":"Flex","floor":32,"key":"SMITH"}],"neow_cost":"NO_GOLD","seed_source_timestamp":135678723310359,"circlet_count":0,"master_deck":["Strike_R","Strike_R","Strike_R","Strike_R","Defend_R","Defend_R","Defend_R","Defend_R","Bash","Berserk","Inflame+1","Shockwave","Intimidate","Iron Wave","Armaments+1","Headbutt","Double Tap+1","Dropkick+1","Pommel Strike+1","Juggernaut","Twin Strike+1","Burning Pact","Uppercut+1","Inflame+1","Flex+1","Heavy Blade+1","Iron Wave+1","Body Slam+1"],"special_seed":0,"relics":["Burning Blood","Letter Opener","Molten Egg 2","Coffee Dripper","Red Mask","Magic Flower","Bottled Flame"],"potions_floor_usage":[33,33,33],"damage_taken":[{"damage":2.0,"enemies":"Small Slimes","floor":1.0,"turns":3.0},{"damage":8.0,"enemies":"Jaw Worm","floor":2.0,"turns":4.0},{"damage":6.0,"enemies":"Cultist","floor":3.0,"turns":3.0},{"damage":4.0,"enemies":"Looter","floor":4.0,"turns":4.0},{"damage":9.0,"enemies":"Red Slaver","floor":5.0,"turns":5.0},{"damage":11.0,"enemies":"Lagavulin","floor":7.0,"turns":6.0},{"damage":8.0,"enemies":"2 Fungi Beasts","floor":8.0,"turns":4.0},{"damage":8.0,"enemies":"Large Slime","floor":14.0,"turns":6.0},{"damage":23.0,"enemies":"The Guardian","floor":16.0,"turns":7.0},{"damage":5.0,"enemies":"Spheric Guardian","floor":18.0,"turns":3.0},{"damage":7.0,"enemies":"Shell Parasite","floor":19.0,"turns":4.0},{"damage":29.0,"enemies":"3 Cultists","floor":20.0,"turns":5.0},{"damage":29.0,"enemies":"Masked Bandits","floor":22.0,"turns":5.0},{"damage":48.0,"enemies":"Cultist and Chosen","floor":24.0,"turns":7.0},{"damage":15,"enemies":"Centurion and Healer","floor":25,"turns":5},{"damage":0,"enemies":"Chosen and Byrds","floor":29,"turns":4},{"damage":1,"enemies":"Cultist and Chosen","floor":31,"turns":4},{"damage":65,"enemies":"Automaton","floor":33,"turns":6}],"seed_played":"8942104957652055232","potions_obtained":[{"floor":1.0,"key":"SpeedPotion"},{"floor":3.0,"key":"Regen Potion"},{"floor":5.0,"key":"Regen Potion"},{"floor":27,"key":"FearPotion"},{"floor":27,"key":"Explosive Potion"}],"is_trial":false,"path_per_floor":["M","M","M","M","M","R","E","M","T","?","?","R","$","M","R","B",null,"M","M","M","$","?","R","M","M","T","?","$","M","T","M","R"],"character_chosen":"IRONCLAD","items_purchased":["Double Tap","Dropkick+1","Inflame","Flex"],"campfire_rested":0,"item_purchase_floors":[13,13,21,21],"current_hp_per_floor":[80,78,78,80,77,77,72,70,70,70,70,70,70,68,68,51,80,80,79,56,56,33,33,36,27,27,27,27,36,36,44,44,0],"gold":60,"neow_bonus":"THREE_RARE_CARDS","is_prod":false,"is_daily":false,"chose_seed":false,"campfire_upgraded":5,"win_rate":0,"timestamp":1536778302,"path_taken":["M","M","M","M","M","R","E","M","T","?","?","R","$","M","R","BOSS","M","M","M","$","?","R","M","M","T","?","$","M","?","M","R","BOSS"],"build_version":"2018-09-06","purchased_purges":1,"victory":false,"max_hp_per_floor":[80,80,80,80,80,80,80,80,80,80,80,80,80,80,80,80,80,80,80,80,80,80,80,80,80,80,80,80,80,80,80,80,80],"card_choices":[{"not_picked":["Immolate","Bludgeon"],"picked":"Berserk","floor":0.0},{"not_picked":["Reckless Charge","Sentinel"],"picked":"Inflame","floor":1.0},{"not_picked":["Havoc","Power Through","Anger"],"picked":"SKIP","floor":2.0},{"not_picked":["Pommel Strike","Fire Breathing"],"picked":"Shockwave","floor":3.0},{"not_picked":["Havoc","Anger"],"picked":"Intimidate","floor":4.0},{"not_picked":["True Grit","Anger"],"picked":"Iron Wave","floor":5.0},{"not_picked":["Twin Strike","Clothesline"],"picked":"Armaments","floor":7.0},{"not_picked":["Havoc","Fire Breathing"],"picked":"Headbutt","floor":8.0},{"not_picked":["Sentinel","Power Through"],"picked":"Pommel Strike+1","floor":14.0},{"not_picked":["Impervious","Immolate+1"],"picked":"Juggernaut","floor":16.0},{"not_picked":["Rupture","Heavy Blade+1"],"picked":"Twin Strike+1","floor":18.0},{"not_picked":["Blood for Blood+1","Perfected Strike+1"],"picked":"Burning Pact","floor":19.0},{"not_picked":["Searing Blow+1","Fire Breathing+1"],"picked":"Uppercut+1","floor":20.0},{"not_picked":["Armaments","Bloodletting"],"picked":"Heavy Blade+1","floor":24.0},{"not_picked":["Corruption","Perfected Strike+1"],"picked":"Iron Wave+1","floor":25},{"not_picked":["Flame Barrier","Pommel Strike+1","Havoc"],"picked":"SKIP","floor":29},{"not_picked":["Clothesline+1","Shockwave"],"picked":"Body Slam+1","floor":31}],"player_experience":477691,"relics_obtained":[{"floor":7.0,"key":"Letter Opener"},{"floor":9.0,"key":"Molten Egg 2"},{"floor":22.0,"key":"Red Mask"},{"floor":26,"key":"Magic Flower"},{"floor":30,"key":"Bottled Flame"}],"event_choices":[{"event_name":"Liars Game","player_choice":"disagreed","floor":10.0,"damage_taken":0.0},{"event_name":"Wheel of Change","player_choice":"Gold","floor":11.0,"damage_taken":0.0},{"event_name":"Masked Bandits","player_choice":"Fought Bandits","floor":22.0,"damage_taken":0.0},{"event_name":"The Lab","player_choice":"Got Potions","floor":27,"damage_taken":0}],"is_beta":false,"boss_relics":[{"not_picked":["Eternal Feather","Velvet Choker"],"picked":"Coffee Dripper"}],"items_purged_floors":[28],"is_endless":false,"potions_floor_spawned":[1,3,5,19,20,22,31],"killed_by":"Automaton","ascension_level":0}