{"gold_per_floor":[117,136,154,164,164,164,64,64,140,153,171,171],"floor_reached":12,"playtime":1702,"items_purged":["Strike_R"],"score":72,"play_id":"3633f0d4-baed-4dde-800c-bb0a2190c14e","local_time":"20190216022051","is_ascension_mode":false,"campfire_choices":[{"data":"Flex","floor":6,"key":"SMITH"},{"data":"Heavy Blade","floor":8,"key":"SMITH"}],"neow_cost":"NONE","seed_source_timestamp":4689125995308,"circlet_count":0,"master_deck":["Strike_R","Strike_R","Strike_R","Strike_R","Defend_R","Defend_R","Defend_R","Defend_R","Bash","Shrug It Off","Flex+1","Rage","Iron Wave+1","Heavy Blade+1"],"relics":["Burning Blood","Kunai"],"potions_floor_usage":[],"damage_taken":[{"damage":11,"enemies":"2 Louse","floor":1,"turns":3},{"damage":4,"enemies":"Cultist","floor":2,"turns":4},{"damage":7,"enemies":"Small Slimes","floor":3,"turns":5},{"damage":5,"enemies":"3 Louse","floor":4,"turns":5},{"damage":7,"enemies":"Large Slime","floor":10,"turns":6},{"damage":0,"enemies":"Red Slaver","floor":11,"turns":2},{"damage":13,"enemies":"Exordium Thugs","floor":12,"turns":2}],"seed_played":"-2176912248994876762","potions_obtained":[{"floor":2,"key":"Regen Potion"},{"floor":3,"key":"PowerPotion"}],"is_trial":false,"path_per_floor":["M","M","M","M","?","R","$","R","T","M","M","M"],"character_chosen":"IRONCLAD","items_purchased":["Heavy Blade"],"campfire_rested":0,"item_purchase_floors":[7],"current_hp_per_floor":[83,85,84,85,85,85,85,85,85,84,88,75],"gold":171,"neow_bonus":"TEN_PERCENT_HP_BONUS","is_prod":false,"is_daily":false,"chose_seed":false,"campfire_upgraded":2,"win_rate":0.0,"timestamp":1550312451,"path_taken":["M","M","M","M","?","R","$","R","T","M","M","M"],"build_version":"2019-01-23","purchased_purges":1,"victory":false,"max_hp_per_floor":[88,88,88,88,88,88,88,88,88,88,88,88],"card_choices":[{"not_picked":["Headbutt","Armaments"],"picked":"Shrug It Off","floor":1},{"not_picked":["Perfected Strike","Thunderclap"],"picked":"Flex","floor":2},{"not_picked":["Seeing Red","Twin Strike"],"picked":"Rage","floor":3},{"not_picked":["Thunderclap","Anger"],"picked":"Iron Wave","floor":4},{"not_picked":["Anger","Wild Strike","Twin Strike"],"picked":"SKIP","floor":10},{"not_picked":["Headbutt","Berserk","Sword Boomerang"],"picked":"SKIP","floor":11}],"player_experience":43949,"relics_obtained":[{"floor":9,"key":"Kunai"}],"event_choices":[{"damage_healed":0,"gold_gain":0,"player_choice":"Forge","damage_taken":0,"max_hp_gain":0,"max_hp_loss":0,"event_name":"Accursed Blacksmith","floor":5,"gold_loss":0,"cards_upgraded":["Iron Wave"]}],"is_beta":false,"boss_relics":[],"items_purged_floors":[7],"is_endless":false,"potions_floor_spawned":[2,3],"killed_by":"Exordium Thugs","ascension_level":0}