{"gold_per_floor":[109,119,119,138,138,138,170,21,21,21],"floor_reached":10,"playtime":228,"items_purged":["Strike_R"],"score":119,"play_id":"139902c6-9299-4eb0-aa3a-cb3c82cde11f","local_time":"20190320162445","is_ascension_mode":true,"campfire_choices":[{"data":"Bash","floor":6,"key":"SMITH"}],"neow_cost":"CURSE","seed_source_timestamp":450751236720468,"circlet_count":0,"master_deck":["AscendersBane","Strike_R","Strike_R","Strike_R","Strike_R","Defend_R","Defend_R","Defend_R","Defend_R","Bash+1","Perfected Strike","Dual Wield","Headbutt","Twin Strike","Feed"],"relics":["Burning Blood","StoneCalendar","Shuriken","Self Forming Clay"],"potions_floor_usage":[7],"damage_taken":[{"damage":25,"enemies":"Jaw Worm","floor":1,"turns":4},{"damage":6,"enemies":"Cultist","floor":2,"turns":3},{"damage":15,"enemies":"2 Louse","floor":4,"turns":3},{"damage":32,"enemies":"Gremlin Nob","floor":7,"turns":4},{"damage":15,"enemies":"Gremlin Gang","floor":10,"turns":1}],"seed_played":"8598741685427283623","potions_obtained":[{"floor":2,"key":"FearPotion"}],"is_trial":false,"path_per_floor":["M","M","?","M","?","R","E","$","T","M"],"character_chosen":"IRONCLAD","items_purchased":["Feed"],"campfire_rested":0,"item_purchase_floors":[8],"current_hp_per_floor":[49,49,49,40,36,36,10,10,10,0],"gold":21,"neow_bonus":"ONE_RARE_RELIC","is_prod":false,"is_daily":false,"chose_seed":false,"campfire_upgraded":1,"win_rate":0,"timestamp":1553066685,"path_taken":["M","M","?","?","?","R","E","$","T","?"],"build_version":"2019-01-23","purchased_purges":1,"victory":false,"max_hp_per_floor":[75,75,75,75,75,75,75,75,75,78],"card_choices":[{"not_picked":["Hemokinesis","Anger"],"picked":"Perfected Strike","floor":1},{"not_picked":["Wild Strike","Clash"],"picked":"Dual Wield","floor":2},{"not_picked":["Hemokinesis","Flex"],"picked":"Headbutt","floor":4},{"not_picked":["Havoc","Flex"],"picked":"Twin Strike","floor":7}],"player_experience":460371,"relics_obtained":[{"floor":7,"key":"Shuriken"},{"floor":9,"key":"Self Forming Clay"}],"event_choices":[{"cards_removed":["Decay"],"damage_healed":0,"gold_gain":0,"player_choice":"Card Removal","damage_taken":0,"max_hp_gain":0,"max_hp_loss":0,"event_name":"Wheel of Change","floor":3,"gold_loss":0},{"damage_healed":0,"gold_gain":0,"player_choice":"Bought 0 Potions","damage_taken":0,"max_hp_gain":0,"max_hp_loss":0,"event_name":"The Woman in Blue","floor":5,"gold_loss":0}],"is_beta":false,"boss_relics":[],"items_purged_floors":[8],"is_endless":false,"potions_floor_spawned":[2],"killed_by":"Gremlin Gang","ascension_level":16}