{"gold_per_floor":[212,81,101,112,127,153,153,185,185,185,4,17,17,29,29,125,125,144,59,78,3,22,48,48,64,64,0,99,199,211,230,230,230],"floor_reached":33,"playtime":1690,"items_purged":["Strike_G"],"score":405,"play_id":"2a124a66-5698-460a-81f2-b0a22d958ca3","local_time":"20181111162829","is_ascension_mode":true,"campfire_choices":[{"data":"All Out Attack","floor":7.0,"key":"SMITH"},{"floor":10.0,"key":"REST"},{"data":"Malaise","floor":15.0,"key":"SMITH"},{"floor":24,"key":"REST"},{"floor":32,"key":"REST"}],"neow_cost":"NONE","seed_source_timestamp":15361419321679,"circlet_count":0,"master_deck":["Defend_G","Defend_G","Defend_G","Defend_G","Defend_G","Strike_G","Strike_G","Strike_G","Strike_G","Survivor","Neutralize","Footwork","Footwork","Cloak And Dagger","All Out Attack+1","Underhanded Strike","Poisoned Stab","Malaise+1","Sucker Punch","Well Laid Plans","Leg Sweep","Masterful Stab","Cloak And Dagger","Flechettes","Corpse Explosion","Cloak And Dagger","Caltrops","Tactician","Dagger Throw+1","Dagger Throw","Regret","Acrobatics","All Out Attack+1"],"special_seed":0,"relics":["Ring of the Snake","Bottled Flame","Blood Vial","Lantern","Cursed Key","Mummified Hand","Peace Pipe","Bottled Lightning"],"potions_floor_usage":[31,33],"damage_taken":[{"damage":0.0,"enemies":"2 Louse","floor":1.0,"turns":3.0},{"damage":0.0,"enemies":"Small Slimes","floor":3.0,"turns":4.0},{"damage":0.0,"enemies":"Cultist","floor":4.0,"turns":4.0},{"damage":0.0,"enemies":"Red Slaver","floor":5.0,"turns":5.0},{"damage":16.0,"enemies":"Lagavulin","floor":6.0,"turns":10.0},{"damage":22.0,"enemies":"Gremlin Nob","floor":8.0,"turns":4.0},{"damage":0.0,"enemies":"Lots of Slimes","floor":12.0,"turns":1.0},{"damage":0.0,"enemies":"Gremlin Gang","floor":14.0,"turns":2.0},{"damage":34.0,"enemies":"Hexaghost","floor":16.0,"turns":16.0},{"damage":4.0,"enemies":"Shell Parasite","floor":18.0,"turns":7.0},{"damage":10.0,"enemies":"2 Thieves","floor":20.0,"turns":2.0},{"damage":4,"enemies":"Shelled Parasite and Fungi","floor":22,"turns":6},{"damage":26,"enemies":"Book of Stabbing","floor":23,"turns":8},{"damage":11,"enemies":"Centurion and Healer","floor":25,"turns":7},{"damage":13,"enemies":"Snecko","floor":30,"turns":8},{"damage":13,"enemies":"Cultist and Chosen","floor":31,"turns":6},{"damage":39,"enemies":"Automaton","floor":33,"turns":8}],"seed_played":"2252698133258597936","potions_obtained":[{"floor":1.0,"key":"PowerPotion"},{"floor":6.0,"key":"FearPotion"},{"floor":14.0,"key":"Fire Potion"},{"floor":23,"key":"Weak Potion"},{"floor":30,"key":"PowerPotion"}],"is_trial":false,"path_per_floor":["M","$","M","M","M","E","R","E","T","R","$","M","?","M","R","B",null,"M","?","M","$","M","E","R","M","T","?","?","?","M","M","R","B"],"character_chosen":"THE_SILENT","items_purchased":["Footwork","Cloak And Dagger","Well Laid Plans","Leg Sweep","Masterful Stab"],"campfire_rested":3,"item_purchase_floors":[2,2,11,11,11],"current_hp_per_floor":[63,63,63,63,63,47,47,25,25,46,46,48,48,50,50,18,57,55,55,47,47,45,21,42,33,33,33,33,33,22,11,32,0],"gold":230,"neow_bonus":"HUNDRED_GOLD","is_prod":false,"is_daily":false,"chose_seed":false,"campfire_upgraded":2,"win_rate":0,"timestamp":1541978909,"path_taken":["M","$","M","M","M","E","R","E","T","R","$","M","?","M","R","BOSS","M","?","M","$","M","E","R","M","T","?","?","?","M","M","R","BOSS"],"build_version":"2018-11-08","purchased_purges":1,"victory":false,"max_hp_per_floor":[70,70,70,70,70,70,70,70,70,70,70,70,70,70,70,70,70,70,70,70,70,70,70,70,70,70,70,70,70,70,70,70,70],"card_choices":[{"not_picked":["Predator","Underhanded Strike"],"picked":"Footwork","floor":1.0},{"not_picked":["Deadly Poison","Poisoned Stab"],"picked":"All Out Attack","floor":3.0},{"not_picked":["Choke","Deadly Poison"],"picked":"Underhanded Strike","floor":4.0},{"not_picked":["Deflect","Wraith Form v2"],"picked":"Poisoned Stab","floor":5.0},{"not_picked":["Bane","Caltrops"],"picked":"Malaise","floor":6.0},{"not_picked":["Acrobatics","Deflect"],"picked":"Sucker Punch","floor":8.0},{"not_picked":["Acrobatics","Slice"],"picked":"Cloak And Dagger","floor":12.0},{"not_picked":["Sucker Punch","Quick Slash"],"picked":"Flechettes","floor":14.0},{"not_picked":["Doppelganger","Wraith Form v2"],"picked":"Corpse Explosion","floor":16.0},{"not_picked":["Blade Dance","Dagger Throw"],"picked":"Cloak And Dagger","floor":18.0},{"not_picked":["Crippling Poison","Dagger Spray"],"picked":"Caltrops","floor":20.0},{"not_picked":["Deflect+1","Dagger Throw"],"picked":"Tactician","floor":22},{"not_picked":["All Out Attack","Deadly Poison"],"picked":"Dagger Throw+1","floor":23},{"not_picked":["Acrobatics","Underhanded Strike"],"picked":"Dagger Throw","floor":25},{"not_picked":["Dagger Throw","Masterful Stab"],"picked":"Acrobatics","floor":30},{"not_picked":["Reflex","Distraction+1"],"picked":"All Out Attack+1","floor":31}],"player_experience":584697,"relics_obtained":[{"floor":6.0,"key":"Bottled Flame"},{"floor":8.0,"key":"Blood Vial"},{"floor":9.0,"key":"Lantern"},{"floor":23,"key":"Peace Pipe"},{"floor":26,"key":"Bottled Lightning"}],"event_choices":[{"damage_healed":0.0,"max_hp_gain":0.0,"max_hp_loss":0.0,"gold_gain":0.0,"event_name":"The Cleric","player_choice":"Leave","floor":13.0,"gold_loss":0.0,"damage_taken":0.0},{"damage_healed":0.0,"max_hp_gain":0.0,"max_hp_loss":0.0,"gold_gain":0.0,"event_name":"Addict","player_choice":"Obtained Relic","floor":19.0,"gold_loss":85.0,"damage_taken":0.0,"relics_obtained":["Mummified Hand"]},{"damage_healed":0,"gold_gain":0,"player_choice":"Paid Fearfully","damage_taken":0,"max_hp_gain":0,"max_hp_loss":0,"event_name":"Masked Bandits","floor":27,"gold_loss":64},{"damage_healed":0,"gold_gain":99,"player_choice":"Stole From Cult","damage_taken":0,"max_hp_gain":0,"max_hp_loss":0,"event_name":"Nest","floor":28,"gold_loss":0},{"damage_healed":0,"gold_gain":100,"player_choice":"Pray","damage_taken":0,"max_hp_gain":0,"max_hp_loss":0,"event_name":"Golden Shrine","floor":29,"gold_loss":0}],"is_beta":false,"boss_relics":[{"not_picked":["Empty Cage","HoveringKite"],"picked":"Cursed Key"}],"items_purged_floors":[21],"is_endless":false,"potions_floor_spawned":[1,6,14,23,30],"killed_by":"Automaton","ascension_level":9}