{"gold_per_floor":[118,133,152,166,116,142,142,15,38,51,51,63,28,39,39,39],"floor_reached":16,"playtime":750,"items_purged":[],"score":114,"play_id":"d32681ec-fa44-4e25-b0e1-c71a1070d50e","local_time":"20180718121113","is_ascension_mode":true,"campfire_choices":[{"data":"Terror","floor":11,"key":"SMITH"},{"floor":15,"key":"REST"}],"neow_cost":"NONE","seed_source_timestamp":301443261045104,"circlet_count":0,"master_deck":["Defend_G","Defend_G","Defend_G","Defend_G","Defend_G","Strike_G","Strike_G","Strike_G","Strike_G","Survivor","Neutralize","Dodge and Roll","Deadly Poison","Wraith Form v2","Skewer","PiercingWail","Terror+1","Panacea","Poisoned Stab","Backflip","Footwork","Leg Sweep"],"relics":["White Beast Statue","Ancient Tea Set","Juzu Bracelet"],"potions_floor_usage":[2,6,16,16],"damage_taken":[{"damage":1,"enemies":"2 Louse","floor":1,"turns":4},{"damage":12,"enemies":"Jaw Worm","floor":2,"turns":8},{"damage":0,"enemies":"Small Slimes","floor":3,"turns":3},{"damage":1,"enemies":"Red Slaver","floor":4,"turns":6},{"damage":29,"enemies":"Gremlin Nob","floor":6,"turns":5},{"damage":3,"enemies":"Blue Slaver","floor":10,"turns":4},{"damage":18,"enemies":"3 Louse","floor":12,"turns":5},{"damage":3,"enemies":"Exordium Wildlife","floor":14,"turns":6},{"damage":31,"enemies":"The Guardian","floor":16,"turns":12}],"seed_played":"-1621486090635071469","potions_obtained":[{"floor":1,"key":"Swift Potion"},{"floor":2,"key":"Ancient Potion"},{"floor":3,"key":"SkillPotion"},{"floor":4,"key":"GamblersBrew"},{"floor":6,"key":"PowerPotion"},{"floor":10,"key":"SteroidPotion"}],"is_trial":false,"path_per_floor":["M","M","M","M","?","E","?","$","T","M","R","M","$","M","R"],"character_chosen":"THE_SILENT","items_purchased":["Terror","Panacea","Footwork"],"campfire_rested":1,"item_purchase_floors":[8,8,13],"current_hp_per_floor":[69,57,57,56,56,27,32,32,32,29,29,11,11,8,30,0],"gold":39,"neow_bonus":"BOSS_RELIC","is_prod":false,"is_daily":false,"chose_seed":false,"campfire_upgraded":1,"win_rate":0,"timestamp":1531937473,"path_taken":["M","M","M","M","?","E","?","$","T","M","R","M","?","M","R","BOSS"],"build_version":"2018-07-12","purchased_purges":0,"victory":false,"max_hp_per_floor":[70,70,70,70,70,70,75,75,75,75,75,75,75,75,75,75],"card_choices":[{"not_picked":["Underhanded Strike","Slice"],"picked":"Dodge and Roll","floor":1},{"not_picked":["Sucker Punch","Cloak And Dagger"],"picked":"Deadly Poison","floor":2},{"not_picked":["Eviscerate","Calculated Gamble"],"picked":"Wraith Form v2","floor":3},{"not_picked":["Dodge and Roll","Acrobatics"],"picked":"Skewer","floor":4},{"not_picked":["Flechettes","Quick Slash"],"picked":"PiercingWail","floor":6},{"not_picked":["Underhanded Strike","Deadly Poison"],"picked":"Poisoned Stab","floor":10},{"not_picked":["Reflex","Dagger Throw"],"picked":"Backflip","floor":12},{"not_picked":["Poisoned Stab","Blade Dance"],"picked":"Leg Sweep","floor":14}],"player_experience":232684,"relics_obtained":[{"floor":6,"key":"Ancient Tea Set"},{"floor":9,"key":"Juzu Bracelet"}],"event_choices":[{"event_name":"The Cleric","player_choice":"Card Removal","floor":5,"damage_taken":0},{"event_name":"Big Fish","player_choice":"Donut","floor":7,"damage_taken":0}],"boss_relics":[],"items_purged_floors":[],"is_endless":false,"potions_floor_spawned":[1,2,3,4,6,10,12,14],"killed_by":"The Guardian","ascension_level":2}