{"gold_per_floor":[112,127,142,142,92,120,120,132,155,155,166,166,241,241],"floor_reached":14,"playtime":508,"items_purged":[],"score":90,"play_id":"3cd89bc1-e7e9-4085-8ee8-0cc513f924a0","local_time":"20190320143011","is_ascension_mode":false,"campfire_choices":[{"floor":10,"key":"REST"},{"data":"Consume","floor":12,"key":"SMITH"}],"neow_cost":"NONE","seed_source_timestamp":652094864433965,"circlet_count":0,"master_deck":["Strike_B","Strike_B","Defend_B","Defend_B","Defend_B","Defend_B","Zap","Dualcast","Reboot","Tempest","Consume+1","BootSequence","Streamline","Coolheaded","Loop","Self Repair","Self Repair"],"relics":["Cracked Core","Blood Vial","Vajra"],"potions_floor_usage":[14,14],"damage_taken":[{"damage":1,"enemies":"Cultist","floor":1,"turns":3},{"damage":2,"enemies":"Small Slimes","floor":2,"turns":4},{"damage":1,"enemies":"2 Louse","floor":3,"turns":2},{"damage":51,"enemies":"3 Sentries","floor":6,"turns":10},{"damage":2,"enemies":"Red Slaver","floor":8,"turns":3},{"damage":4,"enemies":"Lots of Slimes","floor":11,"turns":4},{"damage":49,"enemies":"Exordium Thugs","floor":14,"turns":4}],"seed_played":"8684083764553335205","potions_obtained":[{"floor":1,"key":"GamblersBrew"},{"floor":6,"key":"Regen Potion"},{"floor":11,"key":"Swift Potion"}],"is_trial":false,"path_per_floor":["M","M","M","?","?","E","?","M","T","R","M","R","?","M"],"character_chosen":"DEFECT","items_purchased":[],"campfire_rested":1,"item_purchase_floors":[],"current_hp_per_floor":[74,72,71,64,64,13,13,13,13,35,40,40,29,0],"gold":241,"neow_bonus":"ONE_RANDOM_RARE_CARD","is_prod":false,"is_daily":false,"chose_seed":false,"campfire_upgraded":1,"win_rate":0.0,"timestamp":1553106611,"path_taken":["M","?","M","?","?","E","?","M","T","R","?","R","?","M"],"build_version":"2019-01-23","purchased_purges":0,"victory":false,"max_hp_per_floor":[75,75,75,75,75,75,75,75,75,75,75,75,75,75],"card_choices":[{"not_picked":["Double Energy","Beam Cell"],"picked":"Tempest","floor":1},{"not_picked":["Sweeping Beam","Fusion"],"picked":"Consume","floor":2},{"not_picked":["Ball Lightning","Hologram"],"picked":"BootSequence","floor":3},{"not_picked":["Go for the Eyes","Undo"],"picked":"Streamline","floor":6},{"not_picked":["Fusion","Coolheaded"],"picked":"Self Repair","floor":8},{"not_picked":["Tempest","Chaos"],"picked":"Self Repair","floor":11}],"player_experience":7322,"relics_obtained":[{"floor":6,"key":"Blood Vial"},{"floor":9,"key":"Vajra"}],"event_choices":[{"cards_removed":["Strike_B"],"damage_healed":0,"gold_gain":0,"player_choice":"Card Removal","damage_taken":7,"max_hp_gain":0,"max_hp_loss":0,"event_name":"Golden Wing","floor":4,"gold_loss":0},{"cards_removed":["Strike_B"],"damage_healed":0,"gold_gain":0,"player_choice":"Card Removal","damage_taken":0,"max_hp_gain":0,"max_hp_loss":0,"event_name":"The Cleric","floor":5,"gold_loss":50},{"damage_healed":0,"gold_gain":0,"player_choice":"2 cards matched","damage_taken":0,"max_hp_gain":0,"max_hp_loss":0,"event_name":"Match and Keep!","floor":7,"gold_loss":0,"cards_obtained":["Coolheaded","Loop"]},{"damage_healed":0,"gold_gain":75,"player_choice":"Gather Gold","damage_taken":11,"max_hp_gain":0,"max_hp_loss":0,"event_name":"World of Goop","floor":13,"gold_loss":0}],"is_beta":false,"boss_relics":[],"items_purged_floors":[],"is_endless":false,"potions_floor_spawned":[1,6,11],"killed_by":"Exordium Thugs","ascension_level":0}