{"gold_per_floor":[110,123,123,136,136,136,167,17,85,99,99,130,148,181,181,312,312,326,216,216,230,247,247,304,324,324,324,343,17,17],"floor_reached":30,"playtime":1738,"items_purged":["Injury","Strike_G"],"score":480,"play_id":"198559f8-1e18-4d15-829d-a742f5bb7483","local_time":"20181113123004","is_ascension_mode":true,"campfire_choices":[{"data":"Crippling Poison","floor":6.0,"key":"SMITH"},{"floor":11.0,"key":"REST"},{"data":"Footwork","floor":15.0,"key":"SMITH"},{"data":"Noxious Fumes","floor":23.0,"key":"SMITH"}],"neow_cost":"NONE","seed_source_timestamp":173704591588335,"circlet_count":0,"master_deck":["AscendersBane","Defend_G+1","Defend_G","Defend_G","Defend_G","Defend_G","Strike_G+1","Strike_G","Strike_G","Strike_G","Survivor","Neutralize","Quick Slash","Bouncing Flask","Noxious Fumes+1","Leg Sweep","Well Laid Plans","Bane","Cloak And Dagger","Crippling Poison+1","Footwork+1","Noxious Fumes","Dash","Blur","PiercingWail","Bullet Time","Caltrops","Distraction","Tools of the Trade","Envenom","Reflex","Acrobatics+1","Deadly Poison","Footwork"],"special_seed":0,"relics":["Orrery","Omamori","PreservedInsect","Mercury Hourglass","Darkstone Periapt","Thread and Needle","White Beast Statue","Nloth\u0027s Gift","Tiny Chest","Prayer Wheel","Anchor"],"potions_floor_usage":[],"damage_taken":[{"damage":0.0,"enemies":"Cultist","floor":1.0,"turns":4.0},{"damage":0.0,"enemies":"Jaw Worm","floor":2.0,"turns":5.0},{"damage":0.0,"enemies":"2 Louse","floor":4.0,"turns":3.0},{"damage":21.0,"enemies":"3 Sentries","floor":7.0,"turns":8.0},{"damage":4.0,"enemies":"Large Slime","floor":10.0,"turns":5.0},{"damage":2.0,"enemies":"Lagavulin","floor":12.0,"turns":5.0},{"damage":8.0,"enemies":"Gremlin Gang","floor":13.0,"turns":3.0},{"damage":22.0,"enemies":"Gremlin Nob","floor":14.0,"turns":4.0},{"damage":0.0,"enemies":"Hexaghost","floor":16.0,"turns":10.0},{"damage":15.0,"enemies":"2 Thieves","floor":18.0,"turns":5.0},{"damage":1.0,"enemies":"3 Byrds","floor":21.0,"turns":3.0},{"damage":5.0,"enemies":"Snecko","floor":22.0,"turns":7.0},{"damage":25.0,"enemies":"Book of Stabbing","floor":24.0,"turns":7.0},{"damage":11.0,"enemies":"Shelled Parasite and Fungi","floor":25.0,"turns":8.0},{"damage":0.0,"enemies":"Sentry and Sphere","floor":28.0,"turns":6.0},{"damage":12,"enemies":"Snake Plant","floor":30,"turns":3}],"seed_played":"1615141282160391066","potions_obtained":[{"floor":7.0,"key":"Ancient Potion"},{"floor":12.0,"key":"FairyPotion"},{"floor":14.0,"key":"Weak Potion"},{"floor":16.0,"key":"Block Potion"},{"floor":18.0,"key":"FairyPotion"},{"floor":22.0,"key":"EssenceOfSteel"},{"floor":24.0,"key":"AttackPotion"},{"floor":25.0,"key":"AttackPotion"},{"floor":28.0,"key":"Ancient Potion"}],"is_trial":false,"path_per_floor":["M","M","M","?","M","?","R","E","$","T","M","R","E","M","E","R","B",null,"M","$","?","M","M","R","E","M","T","?","M","$","M"],"character_chosen":"THE_SILENT","items_purchased":["PreservedInsect","Caltrops","Footwork","Anchor"],"campfire_rested":1,"item_purchase_floors":[8,19,29,29],"current_hp_per_floor":[63,63,49,49,49,49,28,28,28,24,45,43,35,13,13,13,56,41,41,41,40,35,35,10,6,6,6,6,6,0],"gold":17,"neow_bonus":"BOSS_RELIC","is_prod":false,"is_daily":false,"chose_seed":false,"campfire_upgraded":3,"win_rate":0,"timestamp":1542137404,"path_taken":["M","?","?","M","?","R","E","$","T","M","R","E","M","E","R","BOSS","M","$","?","?","M","R","E","M","T","?","M","$","?"],"build_version":"2018-11-08","purchased_purges":2,"victory":false,"max_hp_per_floor":[70,70,70,70,70,70,70,70,70,70,70,70,70,70,70,70,70,70,70,70,70,70,70,70,70,70,70,70,70,70],"card_choices":[{"not_picked":["Cloak And Dagger","Outmaneuver"],"picked":"Quick Slash","floor":0.0},{"not_picked":["Leg Sweep","Deadly Poison"],"picked":"Bouncing Flask","floor":0.0},{"not_picked":["Venomology","Sucker Punch"],"picked":"Noxious Fumes","floor":0.0},{"not_picked":["Prepared","Masterful Stab"],"picked":"Leg Sweep","floor":0.0},{"not_picked":["Dagger Throw","Poisoned Stab"],"picked":"Well Laid Plans","floor":0.0},{"not_picked":["Calculated Gamble","Bouncing Flask"],"picked":"Bane","floor":1.0},{"not_picked":["Backflip","Wraith Form v2"],"picked":"Cloak And Dagger","floor":2.0},{"not_picked":["Dodge and Roll","Sucker Punch"],"picked":"Crippling Poison","floor":4.0},{"not_picked":["Flying Knee","Poisoned Stab"],"picked":"Footwork","floor":7.0},{"not_picked":["Outmaneuver","Dagger Throw"],"picked":"Noxious Fumes","floor":10.0},{"not_picked":["Backflip","Heel Hook"],"picked":"Dash","floor":12.0},{"not_picked":["Underhanded Strike","Terror"],"picked":"Blur","floor":13.0},{"not_picked":["Prepared","Caltrops"],"picked":"PiercingWail","floor":14.0},{"not_picked":["Burst","Wraith Form v2"],"picked":"Bullet Time","floor":16.0},{"not_picked":["Flying Knee+1","Prepared","PiercingWail"],"picked":"SKIP","floor":18.0},{"not_picked":["Blade Dance","Prepared","Tactician"],"picked":"SKIP","floor":21.0},{"not_picked":["Grand Finale","Dagger Throw"],"picked":"Distraction","floor":22.0},{"not_picked":["Underhanded Strike","Quick Slash"],"picked":"Tools of the Trade","floor":24.0},{"not_picked":["Acrobatics","Deadly Poison+1"],"picked":"Envenom","floor":25.0},{"not_picked":["Dagger Spray","Leg Sweep"],"picked":"Acrobatics+1","floor":28.0},{"not_picked":["Deflect+1","Prepared"],"picked":"Deadly Poison","floor":28.0}],"player_experience":601157,"relics_obtained":[{"floor":7.0,"key":"Omamori"},{"floor":9.0,"key":"Mercury Hourglass"},{"floor":12.0,"key":"Darkstone Periapt"},{"floor":14.0,"key":"Thread and Needle"},{"floor":24.0,"key":"Tiny Chest"},{"floor":26.0,"key":"Prayer Wheel"}],"event_choices":[{"damage_healed":0.0,"max_hp_gain":0.0,"max_hp_loss":0.0,"gold_gain":0.0,"event_name":"Shining Light","player_choice":"Entered Light","floor":3.0,"gold_loss":0.0,"damage_taken":14.0,"cards_upgraded":["Defend_G","Strike_G"]},{"damage_healed":0.0,"max_hp_gain":0.0,"max_hp_loss":0.0,"gold_gain":0.0,"event_name":"Golden Idol","player_choice":"Take Wound","floor":5.0,"gold_loss":0.0,"damage_taken":0.0,"relics_obtained":["Golden Idol"],"cards_obtained":["Injury"]},{"damage_healed":0.0,"max_hp_gain":0.0,"max_hp_loss":0.0,"gold_gain":0.0,"event_name":"N\u0027loth","player_choice":"Traded Relic","floor":20.0,"relics_lost":["Golden Idol"],"gold_loss":0.0,"damage_taken":0.0,"relics_obtained":["Nloth\u0027s Gift"]},{"damage_healed":0.0,"max_hp_gain":0.0,"max_hp_loss":0.0,"gold_gain":0.0,"event_name":"Match and Keep!","player_choice":"1 cards matched","floor":27.0,"gold_loss":0.0,"damage_taken":0.0,"cards_obtained":["Reflex"]}],"is_beta":false,"boss_relics":[{"not_picked":["Snecko Eye","HoveringKite"],"picked":"White Beast Statue"}],"items_purged_floors":[19,29],"is_endless":false,"potions_floor_spawned":[7,12,14,16,18,21,22,24,25,28],"killed_by":"Snake Plant","ascension_level":10}