{"gold_per_floor":[115,27,38,38,53,53,69,69,69,89,116,135,198,214,214,312,312,328,47,47,57,68,68,79,111,138,155,155,173,173],"floor_reached":30,"playtime":937,"items_purged":["Strike_B"],"score":344,"play_id":"5895ba3b-6166-41b9-98fe-362684c7c643","local_time":"20190319192212","is_ascension_mode":true,"campfire_choices":[{"data":"Sunder","floor":6.0,"key":"SMITH"},{"data":"Zap","floor":8.0,"key":"SMITH"},{"floor":15.0,"key":"REST"},{"floor":23,"key":"REST"},{"floor":28,"key":"DIG"}],"neow_cost":"NONE","seed_source_timestamp":31478489871393,"circlet_count":0,"master_deck":["Strike_B","Strike_B","Strike_B","Defend_B+1","Defend_B","Defend_B","Defend_B+1","Zap+1","Dualcast+1","Ball Lightning","Loop+1","Cold Snap","Cold Snap","Sunder+1","Capacitor","Ball Lightning","Stack","Electrodynamics","Defragment+1","Doom and Gloom+1","Leap+1","White Noise","Blizzard","Coolheaded"],"special_seed":0,"relics":["Cracked Core","War Paint","Shovel","Odd Mushroom","Sozu","Runic Capacitor","Dead Branch","Pen Nib","Art of War"],"potions_floor_usage":[],"damage_taken":[{"damage":2.0,"enemies":"Jaw Worm","floor":1.0,"turns":3.0},{"damage":0.0,"enemies":"Small Slimes","floor":3.0,"turns":2.0},{"damage":1.0,"enemies":"2 Louse","floor":5.0,"turns":2.0},{"damage":1.0,"enemies":"Looter","floor":7.0,"turns":3.0},{"damage":7.0,"enemies":"Red Slaver","floor":10.0,"turns":4.0},{"damage":18.0,"enemies":"The Mushroom Lair","floor":11.0,"turns":3.0},{"damage":4.0,"enemies":"Lots of Slimes","floor":12.0,"turns":2.0},{"damage":1.0,"enemies":"Blue Slaver","floor":14.0,"turns":3.0},{"damage":16.0,"enemies":"The Guardian","floor":16.0,"turns":8.0},{"damage":10.0,"enemies":"3 Byrds","floor":18.0,"turns":3.0},{"damage":1,"enemies":"Spheric Guardian","floor":21,"turns":3},{"damage":26,"enemies":"Snake Plant","floor":22,"turns":4},{"damage":6,"enemies":"Snecko","floor":24,"turns":4},{"damage":15,"enemies":"Book of Stabbing","floor":25,"turns":6},{"damage":0,"enemies":"Cultist and Chosen","floor":27,"turns":3},{"damage":18,"enemies":"Snake Plant","floor":29,"turns":4},{"damage":10,"enemies":"Snecko","floor":30,"turns":2}],"seed_played":"5158997937141591232","potions_obtained":[{"floor":7.0,"key":"FearPotion"},{"floor":10.0,"key":"Ancient Potion"},{"floor":14.0,"key":"SpeedPotion"}],"is_trial":false,"path_per_floor":["M","$","M","?","M","R","M","R","T","M","?","M","?","M","R","B",null,"M","$","?","M","M","R","M","E","T","M","R","M","M"],"character_chosen":"DEFECT","items_purchased":["Loop","Cold Snap","Runic Capacitor"],"campfire_rested":2,"item_purchase_floors":[2,2,19],"current_hp_per_floor":[66,66,66,51,50,50,49,49,49,42,24,20,20,19,41,25,63,53,53,46,45,19,41,35,20,20,20,20,2,0],"gold":173,"neow_bonus":"RANDOM_COMMON_RELIC","is_prod":false,"is_daily":false,"chose_seed":false,"campfire_upgraded":2,"win_rate":0,"timestamp":1553041332,"path_taken":["M","$","M","?","M","R","M","R","T","M","?","M","?","M","R","BOSS","M","$","?","?","M","R","M","E","T","M","R","?","M"],"build_version":"2019-01-23","purchased_purges":1,"victory":false,"max_hp_per_floor":[75,75,75,75,75,75,75,75,75,75,75,75,75,75,75,75,75,75,75,75,75,75,75,75,75,75,75,75,75,75],"card_choices":[{"not_picked":["Stack","Cold Snap"],"picked":"Ball Lightning","floor":1.0},{"not_picked":["Hologram","Steam"],"picked":"Cold Snap","floor":3.0},{"not_picked":["Rebound","Rip and Tear"],"picked":"Sunder","floor":5.0},{"not_picked":["Sweeping Beam","Darkness"],"picked":"Capacitor","floor":7.0},{"not_picked":["Rip and Tear","Coolheaded","Multi-Cast"],"picked":"SKIP","floor":10.0},{"not_picked":["Consume","Scrape"],"picked":"Ball Lightning","floor":11.0},{"not_picked":["Sweeping Beam","Steam"],"picked":"Stack","floor":12.0},{"not_picked":["Hologram","Redo","Barrage"],"picked":"SKIP","floor":14.0},{"not_picked":["Seek","Reboot"],"picked":"Electrodynamics","floor":16.0},{"not_picked":["Ball Lightning","Sunder+1"],"picked":"Defragment+1","floor":18.0},{"not_picked":["Rip and Tear+1","Force Field+1"],"picked":"Doom and Gloom+1","floor":21},{"not_picked":["Steam","Redo"],"picked":"Leap+1","floor":22},{"not_picked":["Aggregate","Redo+1"],"picked":"White Noise","floor":24},{"not_picked":["Aggregate","Rebound+1","Steam Power"],"picked":"SKIP","floor":25},{"not_picked":["Ball Lightning","Barrage"],"picked":"Blizzard","floor":27},{"not_picked":["Steam Power","Streamline"],"picked":"Coolheaded","floor":29}],"player_experience":570947,"relics_obtained":[{"floor":9.0,"key":"Shovel"},{"floor":11.0,"key":"Odd Mushroom"},{"floor":25,"key":"Dead Branch"},{"floor":26,"key":"Pen Nib"},{"floor":28,"key":"Art of War"}],"event_choices":[{"damage_healed":0.0,"max_hp_gain":0.0,"max_hp_loss":0.0,"gold_gain":0.0,"event_name":"Shining Light","player_choice":"Entered Light","floor":4.0,"gold_loss":0.0,"damage_taken":15.0,"cards_upgraded":["Loop","Defend_B"]},{"damage_healed":0.0,"max_hp_gain":0.0,"max_hp_loss":0.0,"gold_gain":0.0,"event_name":"Mushrooms","player_choice":"Fought Mushrooms","floor":11.0,"gold_loss":0.0,"damage_taken":0.0},{"damage_healed":0.0,"max_hp_gain":0.0,"max_hp_loss":0.0,"gold_gain":63.0,"event_name":"Golden Wing","player_choice":"Gained Gold","floor":13.0,"gold_loss":0.0,"damage_taken":0.0},{"damage_healed":0,"gold_gain":0,"player_choice":"","damage_taken":7,"max_hp_gain":0,"max_hp_loss":0,"event_name":"Knowing Skull","floor":20,"potions_obtained":[],"gold_loss":0,"cards_obtained":[]}],"is_beta":false,"boss_relics":[{"not_picked":["Runic Dome","White Beast Statue"],"picked":"Sozu"}],"items_purged_floors":[19],"is_endless":false,"potions_floor_spawned":[7,10,14,22,24,25],"killed_by":"Snecko","ascension_level":8}