{"gold_per_floor":[119,119,119,195,207,207,30,30,30,40,40,59,72,91,91,196,196,207,207,207,18,32,32,105,118,144,144,158,158,176,193,193,296,296,310,320,320,16,16],"floor_reached":39,"playtime":1919,"items_purged":[],"score":373,"play_id":"86b4c295-b478-4bbe-8ff6-814ebfbe1566","local_time":"20180809122928","is_ascension_mode":false,"campfire_choices":[{"data":"Zap","floor":6,"key":"SMITH"},{"data":"Fusion","floor":8,"key":"SMITH"},{"data":"Dualcast","floor":11,"key":"SMITH"},{"data":"Go for the Eyes","floor":15,"key":"SMITH"},{"data":"Panache","floor":23,"key":"SMITH"},{"data":"Seek","floor":27,"key":"SMITH"},{"data":"Conserve Battery","floor":29,"key":"SMITH"},{"data":"Creative AI","floor":32,"key":"SMITH"}],"neow_cost":"NONE","seed_source_timestamp":2201894711704104,"circlet_count":0,"master_deck":["Strike_B+1","Strike_B+1","Strike_B+1","Defend_B+1","Defend_B+1","Defend_B+1","Defend_B+1","Zap+1","Dualcast+1","Auto Shields","Coolheaded","Panacea","Fusion+1","Machine Learning","Ball Lightning","Go for the Eyes+1","Seek+1","Conserve Battery+1","Panache+1","Ball Lightning+1","Cold Snap","Streamline+1","Creative AI+1","Biased Cognition","Hologram+1","Reboot","All For One"],"relics":["White Beast Statue"],"potions_floor_usage":[12,18,18,28,28,31,33,33,35,39,39],"damage_taken":[{"damage":1,"enemies":"Jaw Worm","floor":1,"turns":4},{"damage":1,"enemies":"2 Louse","floor":5,"turns":3},{"damage":0,"enemies":"Cultist","floor":10,"turns":6},{"damage":3,"enemies":"Looter","floor":12,"turns":4},{"damage":2,"enemies":"2 Fungi Beasts","floor":13,"turns":5},{"damage":21,"enemies":"Lots of Slimes","floor":14,"turns":4},{"damage":31,"enemies":"Hexaghost","floor":16,"turns":16},{"damage":14,"enemies":"3 Byrds","floor":18,"turns":5},{"damage":7,"enemies":"2 Thieves","floor":22,"turns":4},{"damage":15,"enemies":"Snecko","floor":25,"turns":8},{"damage":8,"enemies":"3 Cultists","floor":28,"turns":5},{"damage":11,"enemies":"Snake Plant","floor":30,"turns":4},{"damage":0,"enemies":"Centurion and Healer","floor":31,"turns":7},{"damage":20,"enemies":"Collector","floor":33,"turns":11},{"damage":27,"enemies":"3 Darklings","floor":35,"turns":7},{"damage":16,"enemies":"Orb Walker","floor":36,"turns":4},{"damage":36,"enemies":"Sphere and 2 Shapes","floor":39,"turns":3}],"seed_played":"8190736258304525900","potions_obtained":[{"floor":1,"key":"Regen Potion"},{"floor":5,"key":"Weak Potion"},{"floor":10,"key":"Swift Potion"},{"floor":12,"key":"Weak Potion"},{"floor":14,"key":"Poison Potion"},{"floor":16,"key":"FocusPotion"},{"floor":18,"key":"Explosive Potion"},{"floor":22,"key":"Energy Potion"},{"floor":25,"key":"Regen Potion"},{"floor":28,"key":"Explosive Potion"},{"floor":30,"key":"SkillPotion"},{"floor":31,"key":"Dexterity Potion"},{"floor":33,"key":"SneckoOil"},{"floor":35,"key":"SteroidPotion"},{"floor":36,"key":"Weak Potion"}],"is_trial":false,"path_per_floor":["M","?","?","T","M","R","$","R","T","M","R","M","M","M","R","B",null,"M","?","?","$","M","R","T","M","T","R","M","R","M","M","R","B",null,"M","M","?","$"],"character_chosen":"DEFECT","items_purchased":["Panacea","Fusion","Panache","Reboot","All For One"],"campfire_rested":0,"item_purchase_floors":[7,7,21,38,38],"current_hp_per_floor":[74,74,67,67,66,66,66,66,66,66,66,63,61,40,40,9,75,66,66,66,66,59,59,59,44,44,44,50,50,39,39,39,19,75,48,32,32,32,0],"gold":16,"neow_bonus":"BOSS_RELIC","is_prod":false,"is_daily":false,"chose_seed":false,"campfire_upgraded":8,"win_rate":0,"timestamp":1533839368,"path_taken":["M","?","?","?","M","R","$","R","T","M","R","M","?","M","R","BOSS","M","?","?","?","?","R","?","M","T","R","M","R","M","M","R","BOSS","M","M","?","$","M"],"build_version":"2018-08-02","purchased_purges":0,"victory":false,"max_hp_per_floor":[75,75,75,75,75,75,75,75,75,75,75,75,75,75,75,75,75,75,75,75,75,75,75,75,75,75,75,75,75,75,75,75,75,75,75,75,75,75,75],"card_choices":[{"not_picked":["Sweeping Beam","Rebound"],"picked":"Auto Shields","floor":1},{"not_picked":["Streamline","Barrage"],"picked":"Coolheaded","floor":5},{"not_picked":["Lockon","Gash","Turbo"],"picked":"SKIP","floor":10},{"not_picked":["Ball Lightning","Rip and Tear"],"picked":"Machine Learning","floor":12},{"not_picked":["Coolheaded","Leap"],"picked":"Ball Lightning","floor":13},{"not_picked":["Compile Driver","Coolheaded"],"picked":"Go for the Eyes","floor":14},{"not_picked":["Thunder Strike","Rainbow"],"picked":"Seek","floor":16},{"not_picked":["Hologram","Rebound"],"picked":"Conserve Battery","floor":18},{"not_picked":["Barrage","Stack"],"picked":"Ball Lightning+1","floor":22},{"not_picked":["BootSequence","Aggregate","Barrage"],"picked":"SKIP","floor":25},{"not_picked":["Compile Driver","Melter"],"picked":"Cold Snap","floor":28},{"not_picked":["Hello World","Hologram+1"],"picked":"Streamline+1","floor":30},{"not_picked":["Leap","Cold Snap"],"picked":"Creative AI","floor":31},{"not_picked":["Electrodynamics","Buffer"],"picked":"Biased Cognition","floor":33},{"not_picked":["Coolheaded","Rebound","BootSequence"],"picked":"SKIP","floor":35},{"not_picked":["Compile Driver+1","Go for the Eyes"],"picked":"Hologram+1","floor":36}],"player_experience":367273,"relics_obtained":[],"event_choices":[{"event_name":"Golden Idol","player_choice":"Ignored","floor":2,"damage_taken":0},{"event_name":"Golden Wing","player_choice":"Card Removal","floor":3,"damage_taken":0},{"event_name":"Back to Basics","player_choice":"Simplicity","floor":19,"damage_taken":0},{"event_name":"The Mausoleum","player_choice":"No","floor":20,"damage_taken":0},{"event_name":"Tomb of Lord Red Mask","player_choice":"Ignored","floor":37,"damage_taken":0}],"is_beta":false,"boss_relics":[{"not_picked":["Orrery","Eternal Feather","Nuclear Battery"]},{"not_picked":["Runic Dome","Black Star","Sozu"]}],"items_purged_floors":[],"is_endless":false,"potions_floor_spawned":[1,5,10,12,13,14,16,18,22,25,28,30,31,33,35,36],"killed_by":"Sphere and 2 Shapes","ascension_level":0}