{"path_per_floor":["M","M","?","$","?","R","?","R","T","R","?","E","M","M","R","B",null,"M","?","M","M","?","R","?","?","T"],"character_chosen":"DEFECT","items_purchased":["Leap"],"gold_per_floor":[114,134,134,5,5,5,35,35,60,60,60,90,107,119,119,219,219,233,148,165,185,185,185,215,215,268,268],"floor_reached":27,"campfire_rested":2,"playtime":1072,"current_hp_per_floor":[72,71,64,64,64,64,53,53,53,53,58,32,30,24,48,44,80,61,61,59,32,32,56,10,10,10,0],"items_purged":["Defend_B"],"gold":268,"score":240,"play_id":"75a336d8-8a95-4cf8-a5bc-810ed74e7708","local_time":"20180512120718","is_prod":false,"is_daily":false,"chose_seed":false,"is_ascension_mode":true,"campfire_upgraded":3,"timestamp":1526144838,"path_taken":["M","M","?","$","?","R","?","R","T","R","?","E","?","M","R","BOSS","M","?","M","M","?","R","?","?","T","M"],"build_version":"2018-05-11","seed_source_timestamp":304638812667296,"purchased_purges":1,"victory":false,"master_deck":["Strike_B","Strike_B","Strike_B","Defend_B","Defend_B","Defend_B","Zap+1","Dualcast","Rip and Tear+1","Go for the Eyes","Leap","Chaos+1","FTL","Ball Lightning","All For One","Beam Cell+1","Loop+1","Storm+1"],"max_hp_per_floor":[75,75,75,75,75,75,75,75,75,75,80,80,80,80,80,80,80,80,80,80,80,80,80,80,80,80,80],"relics":["Cracked Core","Odd Mushroom","Bronze Scales","Happy Flower","Inserter","Ice Cream","Toolbox","Red Mask","Lantern"],"card_choices":[{"not_picked":["Beam Cell","Axe Kick"],"picked":"Rip and Tear","floor":1.0},{"not_picked":["Cold Snap","Undo"],"picked":"Go for the Eyes","floor":2.0},{"not_picked":["Hello World","Axe Kick"],"picked":"FTL","floor":12.0},{"not_picked":["Coolheaded","Hologram"],"picked":"Ball Lightning","floor":13.0},{"not_picked":["Sunder","Darkness","Static Discharge"],"picked":"SKIP","floor":14.0},{"not_picked":["Fusion","Hyperbeam"],"picked":"All For One","floor":16.0},{"not_picked":["Barrage","Sweeping Beam"],"picked":"Beam Cell+1","floor":18.0},{"not_picked":["Streamline+1","Conserve Battery"],"picked":"Loop+1","floor":20.0},{"not_picked":["Leap","Cold Snap","FTL"],"picked":"SKIP","floor":21.0},{"not_picked":["Beam Cell","Barrage"],"picked":"Storm+1","floor":24.0}],"player_experience":96461,"potions_floor_usage":[27],"damage_taken":[{"damage":3.0,"enemies":"Small Slimes","floor":1.0,"turns":3.0},{"damage":1.0,"enemies":"2 Louse","floor":2.0,"turns":2.0},{"damage":11.0,"enemies":"The Mushroom Lair","floor":7.0,"turns":4.0},{"damage":26.0,"enemies":"3 Sentries","floor":12.0,"turns":5.0},{"damage":2.0,"enemies":"Jaw Worm","floor":13.0,"turns":2.0},{"damage":6.0,"enemies":"Exordium Thugs","floor":14.0,"turns":3.0},{"damage":4.0,"enemies":"Slime Boss","floor":16.0,"turns":6.0},{"damage":19.0,"enemies":"2 Thieves","floor":18.0,"turns":4.0},{"damage":2.0,"enemies":"3 Byrds","floor":20.0,"turns":3.0},{"damage":27.0,"enemies":"Snecko","floor":21.0,"turns":5.0},{"damage":46.0,"enemies":"Masked Bandits","floor":24.0,"turns":4.0},{"damage":10,"enemies":"Sentry and Sphere","floor":27,"turns":3}],"event_choices":[{"event_name":"Golden Wing","player_choice":"Card Removal","floor":3.0,"damage_taken":0.0},{"event_name":"Match and Keep!","player_choice":"1 cards matched","floor":5.0,"damage_taken":0.0},{"event_name":"Mushrooms","player_choice":"Fought Mushrooms","floor":7.0,"damage_taken":0.0},{"event_name":"Big Fish","player_choice":"Donut","floor":11.0,"damage_taken":0.0},{"event_name":"Addict","player_choice":"Obtained Relic","floor":19.0,"damage_taken":0.0},{"event_name":"The Mausoleum","player_choice":"Yes","floor":22.0,"damage_taken":0.0},{"event_name":"Masked Bandits","player_choice":"Fought over 185 gold","floor":24.0,"damage_taken":0.0},{"event_name":"Ghosts","player_choice":"Ignored","floor":25.0,"damage_taken":0.0}],"boss_relics":[],"potions_floor_spawned":[13,14,18,24],"seed_played":"1758999177900643379","killed_by":"Sentry and Sphere","ascension_level":3,"is_trial":false}