{"gold_per_floor":[115,46,46,57,57,57,57,71,121,136,136,150,161,61,61,163,163,183,183,194,53,65,65],"floor_reached":23,"playtime":6655,"items_purged":["Regret","Strike_B"],"score":210,"play_id":"5434b46f-f849-4c3a-852a-b7a5519ef093","local_time":"20190314163526","is_ascension_mode":true,"campfire_choices":[{"data":"Loop","floor":6,"key":"SMITH"},{"floor":15,"key":"REST"}],"neow_cost":"NONE","seed_source_timestamp":192846358199270,"circlet_count":0,"master_deck":["Strike_B","Strike_B","Strike_B","Defend_B","Defend_B","Defend_B","Defend_B","Zap+1","Dualcast","Self Repair","Loop+1","Steam","Leap","Defragment","Ball Lightning","Ball Lightning","Thunder Strike","Ball Lightning","Conserve Battery+1","Capacitor"],"relics":["FrozenCore","Gremlin Horn","Boot","Nloth\u0027s Gift"],"potions_floor_usage":[16,16,23,23],"damage_taken":[{"damage":0,"enemies":"Small Slimes","floor":1,"turns":2},{"damage":2,"enemies":"Jaw Worm","floor":4,"turns":3},{"damage":7,"enemies":"Cultist","floor":8,"turns":4},{"damage":12,"enemies":"Red Slaver","floor":10,"turns":4},{"damage":7,"enemies":"Blue Slaver","floor":12,"turns":3},{"damage":35,"enemies":"Gremlin Gang","floor":13,"turns":4},{"damage":27,"enemies":"Hexaghost","floor":16,"turns":6},{"damage":9,"enemies":"Shell Parasite","floor":18,"turns":7},{"damage":22,"enemies":"Spheric Guardian","floor":20,"turns":4},{"damage":26,"enemies":"Snecko","floor":22,"turns":6},{"damage":32,"enemies":"Book of Stabbing","floor":23,"turns":5}],"seed_played":"3850629243924437910","potions_obtained":[{"floor":1,"key":"SteroidPotion"},{"floor":10,"key":"FocusPotion"},{"floor":12,"key":"FocusPotion"},{"floor":16,"key":"PowerPotion"},{"floor":18,"key":"Energy Potion"}],"is_trial":false,"path_per_floor":["?","?","T","M","$","?","M"],"character_chosen":"DEFECT","items_purchased":["Loop","Ball Lightning","Capacitor"],"campfire_rested":1,"item_purchase_floors":[2,14,21],"current_hp_per_floor":[75,75,75,75,75,75,75,75,75,70,70,70,42,42,64,44,75,73,73,58,58,32,0],"gold":65,"neow_bonus":"UPGRADE_CARD","is_prod":false,"is_daily":false,"chose_seed":false,"campfire_upgraded":1,"win_rate":0,"timestamp":1552577726,"path_taken":["M","$","?","M","$","R","?","M","T","M","?","?","M","?","R","BOSS","M","?","?","$","M","E"],"build_version":"2019-01-23","purchased_purges":2,"victory":false,"max_hp_per_floor":[75,75,75,75,75,75,75,75,75,75,75,75,75,75,75,75,75,75,75,75,75,75,75],"card_choices":[{"not_picked":["Reinforced Body","Hologram"],"picked":"Self Repair","floor":1},{"not_picked":["Consume","Go for the Eyes"],"picked":"Steam","floor":4},{"not_picked":["Gash","Tempest","Machine Learning"],"picked":"SKIP","floor":8},{"not_picked":["Hologram","Fusion"],"picked":"Leap","floor":10},{"not_picked":["Sweeping Beam","Glacier"],"picked":"Defragment","floor":12},{"not_picked":["Compile Driver","Fusion"],"picked":"Ball Lightning","floor":13},{"not_picked":["Buffer","Biased Cognition"],"picked":"Thunder Strike","floor":16},{"not_picked":["Streamline","Coolheaded"],"picked":"Ball Lightning","floor":18},{"not_picked":["Hologram","Beam Cell"],"picked":"Conserve Battery+1","floor":20},{"not_picked":["Doom and Gloom","Undo","Hologram"],"picked":"SKIP","floor":22}],"player_experience":286284,"relics_obtained":[{"floor":9,"key":"Boot"},{"floor":11,"key":"Unceasing Top"}],"event_choices":[{"damage_healed":0,"gold_gain":0,"player_choice":"Box","damage_taken":0,"relics_obtained":["Gremlin Horn"],"max_hp_gain":0,"max_hp_loss":0,"event_name":"Big Fish","floor":3,"gold_loss":0,"cards_obtained":["Regret"]},{"damage_healed":0,"gold_gain":0,"player_choice":"Ignored","damage_taken":0,"max_hp_gain":0,"max_hp_loss":0,"event_name":"Shining Light","floor":7,"gold_loss":0},{"damage_healed":0,"gold_gain":0,"player_choice":"Traded Relic","damage_taken":0,"relics_obtained":["Nloth\u0027s Gift"],"max_hp_gain":0,"max_hp_loss":0,"event_name":"N\u0027loth","floor":19,"relics_lost":["Unceasing Top"],"gold_loss":0}],"is_beta":false,"boss_relics":[{"not_picked":["Runic Pyramid","Fusion Hammer"],"picked":"FrozenCore"}],"items_purged_floors":[14,21],"is_endless":false,"potions_floor_spawned":[1,10,12,16,18],"killed_by":"Book of Stabbing","ascension_level":3}