{"gold_per_floor":[212,227,116,136,156,191,191,224,273,273,293,293,313,331,331,430,460,446,459,474,474,80,80,80,80,105,120,139,170,170,170,170,271,271,283,296,74,74,74,105,105,122,122,122],"floor_reached":44,"playtime":3378,"items_purged":["Headbutt"],"score":493,"play_id":"5012fca8-2cbe-4f19-a8f4-1f6da94de4da","local_time":"20180701023553","is_ascension_mode":false,"campfire_choices":[{"data":"Thunderclap","floor":7,"key":"SMITH"},{"floor":10,"key":"REST"},{"floor":15,"key":"REST"},{"data":"Limit Break","floor":23,"key":"SMITH"},{"data":"Inflame","floor":25,"key":"SMITH"},{"data":"Brutality","floor":30,"key":"SMITH"},{"floor":32,"key":"REST"},{"data":"Barricade","floor":41,"key":"SMITH"}],"neow_cost":"NONE","seed_source_timestamp":378888734790492,"circlet_count":0,"master_deck":["Defend_R","Defend_R+1","Defend_R+1","Defend_R+1","Bash","Anger","Infernal Blade","Rupture+1","Rampage","Thunderclap+1","Limit Break+1","Flame Barrier+1","Bloodletting+1","Flex+1","Double Tap+1","Dual Wield+1","Brutality+1","Inflame+1","Infernal Blade+1","Dropkick","Warcry+1","Offering+1","True Grit+1","Armaments+1","Shockwave+1","Bite","Bite","Bite","Bite","Bite","Berserk","Dark Embrace","Barricade+1","Shrug It Off+1"],"relics":["Burning Blood","Bottled Flame","Toxic Egg 2","Dream Catcher","Odd Mushroom","Tiny House","Self Forming Clay","Juzu Bracelet","Omamori","Sozu","War Paint","Sundial","Red Skull","Smiling Mask"],"potions_floor_usage":[16,16,19,19,19,19,33,33,44],"damage_taken":[{"damage":15,"enemies":"Jaw Worm","floor":1,"turns":4},{"damage":0,"enemies":"Small Slimes","floor":2,"turns":2},{"damage":1,"enemies":"Cultist","floor":4,"turns":3},{"damage":6,"enemies":"Exordium Wildlife","floor":5,"turns":3},{"damage":35,"enemies":"Lagavulin","floor":6,"turns":6},{"damage":33,"enemies":"Gremlin Nob","floor":8,"turns":5},{"damage":6,"enemies":"Gremlin Gang","floor":11,"turns":3},{"damage":26,"floor":13,"turns":5},{"damage":7,"enemies":"Blue Slaver","floor":14,"turns":5},{"damage":45,"enemies":"Hexaghost","floor":16,"turns":10},{"damage":25,"enemies":"2 Thieves","floor":18,"turns":4},{"damage":23,"enemies":"3 Byrds","floor":19,"turns":4},{"damage":27,"enemies":"Snake Plant","floor":20,"turns":5},{"damage":21,"enemies":"Centurion and Healer","floor":27,"turns":6},{"damage":11,"enemies":"Snecko","floor":28,"turns":6},{"damage":24,"enemies":"Slavers","floor":29,"turns":4},{"damage":63,"enemies":"Automaton","floor":33,"turns":8},{"damage":14,"enemies":"Orb Walker","floor":35,"turns":4},{"damage":17,"enemies":"3 Darklings","floor":36,"turns":4},{"damage":41,"enemies":"Nemesis","floor":40,"turns":5},{"damage":23,"enemies":"4 Shapes","floor":42,"turns":3},{"damage":22,"enemies":"Maw","floor":44,"turns":4}],"seed_played":"-2490836877132679847","potions_obtained":[{"floor":2,"key":"Block Potion"},{"floor":5,"key":"PowerPotion"},{"floor":8,"key":"EssenceOfSteel"},{"floor":14,"key":"Regen Potion"},{"floor":16,"key":"Regen Potion"},{"floor":17,"key":"EntropicBrew"},{"floor":20,"key":"Regen Potion"},{"floor":29,"key":"AttackPotion"},{"floor":33,"key":"FearPotion"}],"is_trial":false,"path_per_floor":["M","M","$","M","M","E","R","E","T","R","M","?","?","M","R","B",null,"M","M","M","?","$","R","?","R","T","M","M","E","R","?","R","B",null,"M","M","$","?","?","E","R","M","T"],"character_chosen":"IRONCLAD","items_purchased":["Infernal Blade","Rupture","Self Forming Clay","Offering+1","War Paint"],"campfire_rested":3,"item_purchase_floors":[3,3,22,22,37],"current_hp_per_floor":[71,77,77,80,80,51,51,24,24,48,48,32,12,11,35,11,85,66,58,37,85,85,85,69,69,69,54,49,31,31,31,49,20,63,63,58,58,58,58,27,27,16,16,0],"gold":122,"neow_bonus":"HUNDRED_GOLD","is_prod":false,"is_daily":false,"chose_seed":false,"campfire_upgraded":5,"win_rate":0.0,"timestamp":1530434153,"path_taken":["M","M","$","M","M","E","R","E","T","R","M","?","?","M","R","BOSS","M","?","M","?","$","R","?","R","T","M","M","E","R","?","R","BOSS","M","M","$","?","?","E","R","M","T","M"],"build_version":"2018-06-28","purchased_purges":1,"victory":false,"max_hp_per_floor":[80,80,80,80,80,80,80,80,80,80,80,80,80,80,80,80,85,85,85,85,85,85,85,90,90,90,90,90,90,90,63,63,63,63,63,63,63,63,63,63,63,63,63,63],"card_choices":[{"not_picked":["Clothesline","Shrug It Off"],"picked":"Anger","floor":1},{"not_picked":["Iron Wave","Reckless Charge"],"picked":"Headbutt","floor":2},{"not_picked":["True Grit","Seeing Red"],"picked":"Rampage","floor":4},{"not_picked":["Anger","Warcry"],"picked":"Thunderclap","floor":5},{"not_picked":["Sword Boomerang","Iron Wave"],"picked":"Limit Break","floor":6},{"not_picked":["Sword Boomerang","Headbutt"],"picked":"Flame Barrier","floor":8},{"not_picked":["Thunderclap","Perfected Strike"],"picked":"Bloodletting+1","floor":10},{"not_picked":["Heavy Blade","Twin Strike"],"picked":"Entrench+1","floor":11},{"not_picked":["Corruption","Sword Boomerang"],"picked":"Flex+1","floor":13},{"not_picked":["Anger","Body Slam"],"picked":"Double Tap+1","floor":14},{"not_picked":["Inflame","Second Wind+1"],"picked":"Dual Wield+1","floor":15},{"not_picked":["Juggernaut","Barricade"],"picked":"Brutality","floor":16},{"not_picked":["True Grit+1","Anger"],"picked":"Inflame","floor":17},{"not_picked":["Cleave","Warcry+1"],"picked":"Infernal Blade+1","floor":18},{"not_picked":["Body Slam","Flame Barrier+1"],"picked":"Dropkick","floor":19},{"not_picked":["Pommel Strike","Flex+1"],"picked":"Warcry+1","floor":20},{"not_picked":["Thunderclap+1","Body Slam"],"picked":"True Grit+1","floor":27},{"not_picked":["Infernal Blade+1","Uppercut"],"picked":"Armaments+1","floor":28},{"not_picked":["Flex+1","Pummel+1"],"picked":"Shockwave+1","floor":29},{"not_picked":["Entrench+1","True Grit+1"],"picked":"Berserk","floor":32},{"not_picked":["Bludgeon","Berserk"],"picked":"Dark Embrace","floor":33},{"not_picked":["Anger","Reckless Charge"],"picked":"Infernal Blade+1","floor":35},{"not_picked":["Flame Barrier+1","Body Slam+1","Power Through+1"],"picked":"SKIP","floor":36},{"not_picked":["Twin Strike","Hemokinesis"],"picked":"Barricade","floor":40},{"not_picked":["Body Slam","Clash"],"picked":"Shrug It Off+1","floor":42}],"player_experience":76167,"relics_obtained":[{"floor":6,"key":"Bottled Flame"},{"floor":8,"key":"Toxic Egg 2"},{"floor":9,"key":"Dream Catcher"},{"floor":13,"key":"Odd Mushroom"},{"floor":26,"key":"Juzu Bracelet"},{"floor":29,"key":"Omamori"},{"floor":40,"key":"Red Skull"},{"floor":43,"key":"Smiling Mask"}],"event_choices":[{"event_name":"Shining Light","player_choice":"Entered Light","floor":12,"damage_taken":0},{"event_name":"Mushrooms","player_choice":"Fought Mushrooms","floor":13,"damage_taken":0},{"event_name":"Bonfire Elementals","player_choice":"UNCOMMON","floor":21,"damage_taken":0},{"event_name":"Forgotten Altar","player_choice":"Shed Blood","floor":24,"damage_taken":0},{"event_name":"Vampires","player_choice":"Became a vampire","floor":31,"damage_taken":0},{"event_name":"Accursed Blacksmith","player_choice":"Rummage","floor":38,"damage_taken":0},{"event_name":"Falling","player_choice":"Removed Skill","floor":39,"damage_taken":0}],"boss_relics":[{"not_picked":["Calling Bell","Eternal Feather"],"picked":"Tiny House"},{"not_picked":["Fusion Hammer","Orrery"],"picked":"Sozu"}],"items_purged_floors":[37],"is_endless":false,"potions_floor_spawned":[2,5,8,13,14,16,20,29,33,36,40,42],"killed_by":"Maw","ascension_level":0}