{"gold_per_floor":[114,114,128,143,143,169,187,25,25,59,59,70,8,18,18,117,117,130,143,159,179,193,193,193],"floor_reached":24,"playtime":1096,"items_purged":[],"score":233,"play_id":"fdc2c3ae-71db-4a26-88d3-43f10398b350","local_time":"20180717010132","is_ascension_mode":true,"campfire_choices":[{"data":"Body Slam","floor":11,"key":"SMITH"},{"data":"Heavy Blade","floor":15,"key":"SMITH"},{"data":"Armaments","floor":23,"key":"SMITH"}],"neow_cost":"","seed_source_timestamp":174527477388846,"circlet_count":0,"master_deck":["Strike_R","Strike_R","Strike_R","Strike_R","Defend_R","Defend_R","Defend_R","Defend_R","Bash","Heavy Blade+1","Armaments+1","Body Slam+1","Spot Weakness","Disarm+1","Flex+1","Offering+1","Shrug It Off+1","Juggernaut","Seeing Red+1","Body Slam"],"relics":["Burning Blood","The Courier","Sling","Toxic Egg 2","Pear","Busted Crown"],"potions_floor_usage":[16,19],"damage_taken":[{"damage":6,"enemies":"Cultist","floor":1,"turns":4},{"damage":0,"enemies":"Small Slimes","floor":3,"turns":4},{"damage":8,"enemies":"Jaw Worm","floor":4,"turns":5},{"damage":39,"enemies":"Lagavulin","floor":6,"turns":8},{"damage":9,"enemies":"3 Louse","floor":7,"turns":4},{"damage":23,"enemies":"Gremlin Nob","floor":10,"turns":4},{"damage":19,"enemies":"Lots of Slimes","floor":12,"turns":5},{"damage":6,"enemies":"2 Fungi Beasts","floor":14,"turns":4},{"damage":8,"enemies":"The Guardian","floor":16,"turns":12},{"damage":4,"enemies":"Shell Parasite","floor":18,"turns":3},{"damage":21,"enemies":"2 Thieves","floor":19,"turns":3},{"damage":16,"enemies":"Chosen and Byrds","floor":20,"turns":6},{"damage":16,"enemies":"3 Cultists","floor":21,"turns":4},{"damage":13,"enemies":"Centurion and Healer","floor":22,"turns":6},{"damage":48,"enemies":"Slaver and Parasite","floor":24,"turns":4}],"seed_played":"506829596625944070","potions_obtained":[{"floor":3,"key":"Swift Potion"},{"floor":10,"key":"BloodPotion"},{"floor":14,"key":"Strength Potion"},{"floor":16,"key":"Poison Potion"},{"floor":19,"key":"EssenceOfSteel"}],"is_trial":false,"path_per_floor":["M","?","M","M","?","E","M","$","T","E","R","M","$","M","R","B",null,"M","M","M","M","M","R"],"character_chosen":"IRONCLAD","items_purchased":["Sling","Offering+1"],"campfire_rested":0,"item_purchase_floors":[8,13],"current_hp_per_floor":[80,73,79,77,77,44,41,41,41,34,34,21,21,21,21,19,90,90,75,65,55,48,48,0],"gold":193,"neow_bonus":"","is_prod":false,"is_daily":false,"chose_seed":false,"campfire_upgraded":3,"win_rate":0,"timestamp":1531810892,"path_taken":["M","?","M","M","?","E","M","$","T","E","R","M","?","M","R","BOSS","M","M","?","M","M","R","M"],"build_version":"2018-07-12","purchased_purges":0,"victory":false,"max_hp_per_floor":[80,80,80,80,80,80,80,80,80,90,90,90,90,90,90,90,90,90,90,90,90,90,90,90],"card_choices":[{"not_picked":["Ghostly Armor","Intimidate"],"picked":"Heavy Blade","floor":1},{"not_picked":["Wild Strike","Iron Wave"],"picked":"Armaments","floor":3},{"not_picked":["Iron Wave","True Grit"],"picked":"Body Slam","floor":4},{"not_picked":["Battle Trance","Twin Strike"],"picked":"Spot Weakness","floor":6},{"not_picked":["Second Wind","Warcry","Pommel Strike"],"picked":"SKIP","floor":7},{"not_picked":["Pommel Strike","Entrench+1"],"picked":"Disarm+1","floor":10},{"not_picked":["Entrench+1","Warcry+1"],"picked":"Flex+1","floor":12},{"not_picked":["Combust","Sever Soul"],"picked":"Shrug It Off+1","floor":14},{"not_picked":["Dark Embrace","Brutality"],"picked":"Juggernaut","floor":16},{"not_picked":["Clothesline"],"picked":"SKIP","floor":18},{"not_picked":[],"picked":"Seeing Red+1","floor":19},{"not_picked":[],"picked":"Body Slam","floor":20},{"not_picked":["Pommel Strike"],"picked":"SKIP","floor":21},{"not_picked":["Reckless Charge"],"picked":"SKIP","floor":22}],"player_experience":216308,"relics_obtained":[{"floor":6,"key":"The Courier"},{"floor":9,"key":"Toxic Egg 2"},{"floor":10,"key":"Pear"}],"event_choices":[{"event_name":"Golden Wing","player_choice":"Card Removal","floor":2,"damage_taken":0},{"event_name":"The Woman in Blue","player_choice":"Bought 0 Potions","floor":5,"damage_taken":0}],"boss_relics":[{"not_picked":["Runic Pyramid","Fusion Hammer"],"picked":"Busted Crown"}],"items_purged_floors":[],"is_endless":false,"potions_floor_spawned":[3,10,14,16,19],"killed_by":"Slaver and Parasite","ascension_level":2}