{"gold_per_floor":[99,99,99,99,99,99,99,99,99,99,99,99,99,24,24,24,24,24,24,24,24,24,24,24,24,24,24],"floor_reached":27,"playtime":1628,"items_purged":["Strike_G"],"score":279,"play_id":"58e87feb-f9d3-4ca8-8ccb-3131a5d40ed9","local_time":"20190315005318","is_ascension_mode":true,"campfire_choices":[{"data":"Deadly Poison","floor":7,"key":"SMITH"},{"floor":11,"key":"REST"},{"floor":15,"key":"DIG"},{"floor":23,"key":"DIG"},{"floor":25,"key":"DIG"}],"neow_cost":"NONE","seed_source_timestamp":13284600174825,"circlet_count":0,"master_deck":["Survivor","Neutralize","Bouncing Flask","Bouncing Flask","Leg Sweep","Deadly Poison+1","Leg Sweep","Well Laid Plans","Catalyst","Accuracy","Infinite Blades","Terror","Glass Knife","All Out Attack","Slice","Choke","Flying Knee","Doppelganger","Cloak And Dagger","Corpse Explosion"],"relics":["Ectoplasm","Bottled Lightning","Snake Skull","Whetstone","Shovel","Bag of Marbles","Pandora\u0027s Box","Nloth\u0027s Gift","Bag of Preparation","Happy Flower"],"potions_floor_usage":[13,16,18],"damage_taken":[{"damage":5,"enemies":"Jaw Worm","floor":1,"turns":4},{"damage":0,"enemies":"Cultist","floor":2,"turns":4},{"damage":0,"enemies":"2 Louse","floor":3,"turns":2},{"damage":0,"enemies":"Blue Slaver","floor":5,"turns":4},{"damage":24,"enemies":"Gremlin Nob","floor":6,"turns":5},{"damage":4,"enemies":"Lagavulin","floor":8,"turns":6},{"damage":13,"enemies":"Gremlin Nob","floor":10,"turns":4},{"damage":7,"enemies":"3 Louse","floor":12,"turns":3},{"damage":3,"enemies":"3 Sentries","floor":13,"turns":8},{"damage":2,"enemies":"The Guardian","floor":16,"turns":5},{"damage":9,"enemies":"Shell Parasite","floor":18,"turns":3},{"damage":0,"enemies":"Spheric Guardian","floor":19,"turns":2},{"damage":18,"enemies":"Snake Plant","floor":21,"turns":3},{"damage":42,"enemies":"Cultist and Chosen","floor":22,"turns":6},{"damage":6,"enemies":"Shelled Parasite and Fungi","floor":27,"turns":1}],"seed_played":"7250879814018451801","potions_obtained":[{"floor":5,"key":"Dexterity Potion"},{"floor":6,"key":"SteroidPotion"},{"floor":8,"key":"SmokeBomb"},{"floor":10,"key":"PowerPotion"},{"floor":13,"key":"Energy Potion"},{"floor":21,"key":"Strength Potion"}],"is_trial":false,"path_per_floor":["M","M","M","?","M","E","R","E","T","E","R","M","E","$","R","B",null,"M","M","?","M","M","R","?","R","T","M"],"character_chosen":"THE_SILENT","items_purchased":[],"campfire_rested":1,"item_purchase_floors":[],"current_hp_per_floor":[65,65,65,70,70,46,46,42,42,29,51,44,41,41,41,39,75,66,66,66,48,6,6,6,6,6,0],"gold":24,"neow_bonus":"BOSS_RELIC","is_prod":false,"is_daily":false,"chose_seed":false,"campfire_upgraded":1,"win_rate":0,"timestamp":1552636398,"path_taken":["M","M","M","?","M","E","R","E","T","E","R","M","E","$","R","BOSS","M","M","?","?","M","R","?","R","T","M"],"build_version":"2019-01-23","purchased_purges":1,"victory":false,"max_hp_per_floor":[70,70,70,75,75,75,75,75,75,75,75,75,75,75,75,75,75,75,75,75,75,75,75,75,75,75,75],"card_choices":[{"not_picked":["Bane","Poisoned Stab"],"picked":"Bouncing Flask","floor":1},{"not_picked":["Sucker Punch","Riddle With Holes"],"picked":"Bouncing Flask","floor":2},{"not_picked":["Blur","Quick Slash"],"picked":"Leg Sweep","floor":3},{"not_picked":["Deflect","Acrobatics"],"picked":"Deadly Poison","floor":5},{"not_picked":["Acrobatics","Doppelganger"],"picked":"Leg Sweep","floor":6},{"not_picked":["Accuracy","Infinite Blades"],"picked":"Well Laid Plans","floor":8},{"not_picked":["Leg Sweep","Outmaneuver"],"picked":"Catalyst","floor":10},{"not_picked":["Underhanded Strike","Sucker Punch","Slice"],"picked":"SKIP","floor":12},{"not_picked":["Tactician","PiercingWail","Terror"],"picked":"SKIP","floor":13},{"not_picked":["Deflect","Setup+1","Bane+1"],"picked":"SKIP","floor":18},{"not_picked":["Underhanded Strike","Choke","Wraith Form v2"],"picked":"SKIP","floor":19},{"not_picked":["Poisoned Stab","Deflect"],"picked":"Cloak And Dagger","floor":21},{"not_picked":["Die Die Die","Flechettes"],"picked":"Corpse Explosion","floor":22}],"player_experience":114515,"relics_obtained":[{"floor":6,"key":"Omamori"},{"floor":8,"key":"Bottled Lightning"},{"floor":9,"key":"Snake Skull"},{"floor":10,"key":"Whetstone"},{"floor":13,"key":"Shovel"},{"floor":15,"key":"Bag of Marbles"},{"floor":23,"key":"Bag of Preparation"},{"floor":25,"key":"Happy Flower"}],"event_choices":[{"damage_healed":0,"gold_gain":0,"player_choice":"Donut","damage_taken":0,"max_hp_gain":5,"max_hp_loss":0,"event_name":"Big Fish","floor":4,"gold_loss":0},{"damage_healed":0,"gold_gain":0,"player_choice":"Traded Relic","damage_taken":0,"relics_obtained":["Nloth\u0027s Gift"],"max_hp_gain":0,"max_hp_loss":0,"event_name":"N\u0027loth","floor":20,"relics_lost":["Omamori"],"gold_loss":0}],"is_beta":false,"boss_relics":[{"not_picked":["Tiny House","Lizard Tail"],"picked":"Pandora\u0027s Box"}],"items_purged_floors":[14],"is_endless":false,"potions_floor_spawned":[5,6,8,10,13,21],"killed_by":"Shelled Parasite and Fungi","ascension_level":3}