{"gold_per_floor":[116,116,135,60,71,71,97,110,110,123,123,148,148,165,165,238,238,257,113,13,29,40,40,40],"floor_reached":24,"playtime":943,"items_purged":["Strike_B","Defend_B"],"score":364,"play_id":"5964c2a1-4a6a-463c-a67d-cf24817977c8","local_time":"20190320152833","is_ascension_mode":true,"campfire_choices":[{"data":"Beam Cell","floor":6,"key":"SMITH"},{"data":"Creative AI","floor":11,"key":"SMITH"},{"floor":13,"key":"REST"},{"data":"Zap","floor":15,"key":"SMITH"},{"data":"Fission","floor":23,"key":"SMITH"}],"neow_cost":"NONE","seed_source_timestamp":2426712624822602,"circlet_count":0,"master_deck":["AscendersBane","Strike_B","Defend_B","Defend_B","Zap+1","Dualcast","Ball Lightning","Beam Cell+1","BootSequence","Go for the Eyes","Leap","Creative AI+1","Cold Snap","Conserve Battery","Core Surge","Undo+1","Fission+1","Glacier"],"relics":["Cracked Core","NeowsBlessing","Pen Nib","Bottled Lightning","Darkstone Periapt","Empty Cage"],"potions_floor_usage":[10,12,22,24],"damage_taken":[{"damage":0,"enemies":"2 Louse","floor":1,"turns":1},{"damage":0,"enemies":"Jaw Worm","floor":3,"turns":1},{"damage":0,"enemies":"Cultist","floor":5,"turns":1},{"damage":30,"enemies":"Lagavulin","floor":7,"turns":5},{"damage":4,"enemies":"Blue Slaver","floor":8,"turns":3},{"damage":0,"enemies":"2 Fungi Beasts","floor":10,"turns":2},{"damage":21,"enemies":"3 Sentries","floor":12,"turns":8},{"damage":0,"enemies":"Exordium Wildlife","floor":14,"turns":2},{"damage":18,"enemies":"Hexaghost","floor":16,"turns":11},{"damage":13,"enemies":"Spheric Guardian","floor":18,"turns":4},{"damage":26,"enemies":"2 Thieves","floor":21,"turns":4},{"damage":9,"enemies":"Centurion and Healer","floor":22,"turns":8},{"damage":23,"enemies":"Book of Stabbing","floor":24,"turns":8}],"seed_played":"-7777532677630873813","potions_obtained":[{"floor":5,"key":"Fire Potion"},{"floor":7,"key":"GamblersBrew"},{"floor":14,"key":"Regen Potion"},{"floor":16,"key":"LiquidBronze"},{"floor":18,"key":"EssenceOfSteel"}],"is_trial":false,"path_per_floor":["M","?","M","?","M","R","E","M","T","M","R","E","R","M","R","B",null,"M","$","$","M","M","R","E"],"character_chosen":"DEFECT","items_purchased":["Fission"],"campfire_rested":1,"item_purchase_floors":[19],"current_hp_per_floor":[64,64,64,64,64,64,34,30,30,30,30,9,30,30,30,12,56,43,43,43,17,23,23,0],"gold":40,"neow_bonus":"THREE_ENEMY_KILL","is_prod":false,"is_daily":false,"chose_seed":false,"campfire_upgraded":4,"win_rate":0,"timestamp":1553117313,"path_taken":["M","?","M","?","M","R","E","?","T","M","R","E","R","M","R","BOSS","M","?","$","M","M","R","E"],"build_version":"2019-01-23","purchased_purges":2,"victory":false,"max_hp_per_floor":[71,71,71,71,71,71,71,71,71,71,71,71,71,71,71,71,71,71,71,71,71,71,71,71],"card_choices":[{"not_picked":["Redo","Leap"],"picked":"Ball Lightning","floor":1},{"not_picked":["Stack","Hologram"],"picked":"Beam Cell","floor":3},{"not_picked":["Doom and Gloom","Stack"],"picked":"BootSequence","floor":5},{"not_picked":["Turbo","Compile Driver"],"picked":"Go for the Eyes","floor":7},{"not_picked":["Skim","Go for the Eyes"],"picked":"Leap","floor":8},{"not_picked":["Reinforced Body","Conserve Battery"],"picked":"Creative AI","floor":10},{"not_picked":["Redo","Ball Lightning"],"picked":"Cold Snap","floor":12},{"not_picked":["Darkness","Rebound"],"picked":"Conserve Battery","floor":14},{"not_picked":["Reboot","Amplify"],"picked":"Core Surge","floor":16},{"not_picked":["Redo","Sweeping Beam"],"picked":"Undo+1","floor":18},{"not_picked":["Skim","Static Discharge+1"],"picked":"Glacier","floor":21},{"not_picked":["Rebound","Beam Cell","Go for the Eyes"],"picked":"SKIP","floor":22}],"player_experience":817932,"relics_obtained":[{"floor":7,"key":"Pen Nib"},{"floor":9,"key":"Bottled Lightning"},{"floor":12,"key":"Darkstone Periapt"}],"event_choices":[{"damage_healed":0,"gold_gain":0,"player_choice":"Ignored","damage_taken":0,"max_hp_gain":0,"max_hp_loss":0,"event_name":"Liars Game","floor":2,"gold_loss":0},{"cards_removed":["Strike_B"],"damage_healed":0,"gold_gain":0,"player_choice":"Card Removal","damage_taken":0,"max_hp_gain":0,"max_hp_loss":0,"event_name":"The Cleric","floor":4,"gold_loss":75}],"is_beta":false,"boss_relics":[{"not_picked":["Busted Crown","Runic Dome"],"picked":"Empty Cage"}],"items_purged_floors":[19,20],"is_endless":false,"potions_floor_spawned":[5,7,14,16,18,21],"killed_by":"Book of Stabbing","ascension_level":15}