{"gold_per_floor":[112,62,77,252,252,252,21,78,78,78,96,113,113,144,144,245,245,260,260,9,9,28,43,0,0,0,0,12,12,29,39,39,142,142,154,173,133,144,44,44,75,101,163,175,201,244,9,27,27,27],"floor_reached":51,"playtime":3521,"items_purged":["Strike_R","Shame"],"score":1015,"play_id":"1ac063f0-a277-4eb0-a036-f7b5d59801c0","local_time":"20190316121005","is_ascension_mode":true,"campfire_choices":[{"data":"Whirlwind","floor":6.0,"key":"SMITH"},{"data":"Flex","floor":10.0,"key":"SMITH"},{"floor":15.0,"key":"REST"},{"data":"Uppercut","floor":25.0,"key":"SMITH"},{"data":"Spot Weakness","floor":29.0,"key":"SMITH"},{"floor":32.0,"key":"REST"},{"floor":40.0,"key":"DIG"},{"floor":44.0,"key":"DIG"},{"data":"Armaments","floor":49,"key":"SMITH"}],"neow_cost":"NONE","seed_source_timestamp":1078427936647,"circlet_count":0,"master_deck":["Strike_R","Strike_R","Strike_R","Strike_R","Defend_R","Defend_R","Defend_R","Defend_R+1","Bash+1","Uppercut+1","Wild Strike","Whirlwind+1","Flex+1","Rupture+1","Feed","Corruption+1","Reaper","Shrug It Off","Shrug It Off","Dark Embrace+1","Spot Weakness+1","Spot Weakness+1","Armaments+1","Dual Wield+1","Impervious","Metallicize+1","Metallicize+1","Flex+1","Warcry+1","Feel No Pain+1","Seeing Red","Reaper"],"special_seed":0,"relics":["Burning Blood","NeowsBlessing","Frozen Egg 2","OrangePellets","Tiny Chest","Pen Nib","FossilizedHelix","Lizard Tail","Red Skull","Potion Belt","Bottled Flame","Shovel","Philosopher\u0027s Stone","MawBank","Vajra","Peace Pipe","Bottled Lightning","Ornamental Fan"],"potions_floor_usage":[50,50,50,50,50],"damage_taken":[{"damage":0.0,"enemies":"2 Louse","floor":1.0,"turns":1.0},{"damage":0.0,"enemies":"Small Slimes","floor":3.0,"turns":1.0},{"damage":0.0,"enemies":"Lagavulin","floor":8.0,"turns":1.0},{"damage":6.0,"enemies":"Cultist","floor":11.0,"turns":3.0},{"damage":15.0,"enemies":"Blue Slaver","floor":12.0,"turns":4.0},{"damage":10.0,"enemies":"3 Sentries","floor":14.0,"turns":3.0},{"damage":30.0,"enemies":"The Guardian","floor":16.0,"turns":6.0},{"damage":13.0,"enemies":"3 Byrds","floor":18.0,"turns":6.0},{"damage":9.0,"enemies":"Chosen","floor":22.0,"turns":5.0},{"damage":43.0,"enemies":"Snecko","floor":23.0,"turns":7.0},{"damage":19.0,"enemies":"Centurion and Healer","floor":28.0,"turns":5.0},{"damage":24.0,"enemies":"Shelled Parasite and Fungi","floor":30.0,"turns":4.0},{"damage":37.0,"enemies":"Chosen and Byrds","floor":31.0,"turns":8.0},{"damage":113.0,"enemies":"Champ","floor":33.0,"turns":13.0},{"damage":14.0,"enemies":"3 Darklings","floor":35.0,"turns":4.0},{"damage":1.0,"enemies":"3 Shapes","floor":36.0,"turns":3.0},{"damage":10.0,"enemies":"Maw","floor":38.0,"turns":7.0},{"damage":8.0,"enemies":"Writhing Mass","floor":41.0,"turns":4.0},{"damage":45.0,"enemies":"Jaw Worm Horde","floor":42.0,"turns":4.0},{"damage":18.0,"enemies":"4 Shapes","floor":45.0,"turns":2.0},{"damage":2.0,"enemies":"Giant Head","floor":46.0,"turns":7.0},{"damage":5.0,"enemies":"Transient","floor":48.0,"turns":5.0},{"damage":111,"enemies":"Awakened One","floor":50,"turns":11}],"seed_played":"-2806792980469849143","potions_obtained":[{"floor":1.0,"key":"Swift Potion"},{"floor":11.0,"key":"AttackPotion"},{"floor":12.0,"key":"Energy Potion"},{"floor":14.0,"key":"EntropicBrew"},{"floor":18.0,"key":"Poison Potion"},{"floor":33.0,"key":"Block Potion"},{"floor":35.0,"key":"BloodPotion"},{"floor":37.0,"key":"Dexterity Potion"},{"floor":37.0,"key":"SpeedPotion"},{"floor":37.0,"key":"PowerPotion"},{"floor":38.0,"key":"Regen Potion"},{"floor":45.0,"key":"Ancient Potion"}],"is_trial":false,"path_per_floor":["M","$","M","?","?","R","$","E","T","R","M","M","?","E","R","B",null,"M","?","$","?","M","M","?","R","T","T","M","R","M","M","R","B",null,"M","M","?","M","$","R","M","M","T","R","M","E","$","M","R","B",null],"character_chosen":"IRONCLAD","items_purchased":["Wild Strike","OrangePellets","Flex","Red Skull","Shrug It Off","Ornamental Fan"],"campfire_rested":2,"item_purchase_floors":[2,7,7,20,20,47],"current_hp_per_floor":[78,78,80,80,68,68,68,74,74,74,74,65,49,48,72,48,74,83,83,83,83,83,52,52,52,52,52,76,76,58,51,76,49,77,86,86,86,82,82,82,80,57,57,57,45,73,73,87,87,87],"gold":27,"neow_bonus":"THREE_ENEMY_KILL","is_prod":false,"is_daily":false,"chose_seed":false,"campfire_upgraded":5,"win_rate":0,"timestamp":1552705805,"path_taken":["M","$","M","?","?","R","$","E","T","R","M","M","?","E","R","BOSS","M","?","$","?","M","M","?","R","T","?","?","R","M","M","R","BOSS","M","M","?","?","$","R","M","M","T","R","M","E","$","M","R","BOSS"],"build_version":"2019-01-23","purchased_purges":2,"victory":true,"max_hp_per_floor":[80,80,80,80,80,80,80,80,80,80,80,80,80,83,83,83,83,86,86,86,86,86,86,86,86,86,86,86,86,86,86,86,86,86,86,86,86,86,86,86,86,89,89,89,89,92,92,92,92,95],"card_choices":[{"not_picked":["Burning Pact","Armaments"],"picked":"Uppercut","floor":1.0},{"not_picked":["Flex","Thunderclap"],"picked":"Whirlwind","floor":3.0},{"not_picked":["Clothesline","Thunderclap","Anger"],"picked":"SKIP","floor":8.0},{"not_picked":["Rampage","Thunderclap"],"picked":"Rupture+1","floor":11.0},{"not_picked":["Flex","Shrug It Off"],"picked":"Feed","floor":12.0},{"not_picked":["Blood for Blood","Armaments"],"picked":"Corruption+1","floor":14.0},{"not_picked":["Fiend Fire","Exhume"],"picked":"Reaper","floor":16.0},{"not_picked":["Twin Strike","Warcry"],"picked":"Shrug It Off","floor":18.0},{"not_picked":["Power Through","Carnage"],"picked":"Dark Embrace+1","floor":22.0},{"not_picked":["Intimidate","Infernal Blade"],"picked":"Spot Weakness+1","floor":23.0},{"not_picked":["Flex","Rampage"],"picked":"Spot Weakness","floor":28.0},{"not_picked":["Power Through","Thunderclap"],"picked":"Armaments","floor":30.0},{"not_picked":["Wild Strike","Heavy Blade"],"picked":"Dual Wield+1","floor":31.0},{"not_picked":["Bludgeon","Dark Embrace+1"],"picked":"Impervious","floor":33.0},{"not_picked":["Shockwave+1","Hemokinesis+1"],"picked":"Metallicize+1","floor":35.0},{"not_picked":["Corruption+1","Whirlwind+1"],"picked":"Metallicize+1","floor":36.0},{"not_picked":["Headbutt+1","Heavy Blade"],"picked":"Flex+1","floor":38.0},{"not_picked":["Sword Boomerang+1","Uppercut+1"],"picked":"Warcry+1","floor":41.0},{"not_picked":["Armaments","Flame Barrier+1"],"picked":"Feel No Pain+1","floor":42.0},{"not_picked":["Thunderclap+1","Twin Strike+1"],"picked":"Seeing Red","floor":45.0},{"not_picked":["Thunderclap","Whirlwind+1"],"picked":"Reaper","floor":46.0},{"not_picked":["Carnage","Perfected Strike","Iron Wave"],"picked":"SKIP","floor":48.0}],"player_experience":384386,"relics_obtained":[{"floor":8.0,"key":"Tiny Chest"},{"floor":9.0,"key":"Pen Nib"},{"floor":14.0,"key":"FossilizedHelix"},{"floor":26.0,"key":"Bottled Flame"},{"floor":27.0,"key":"Shovel"},{"floor":40.0,"key":"MawBank"},{"floor":43.0,"key":"Vajra"},{"floor":44.0,"key":"Peace Pipe"},{"floor":46.0,"key":"Bottled Lightning"}],"event_choices":[{"damage_healed":0.0,"max_hp_gain":0.0,"max_hp_loss":0.0,"gold_gain":175.0,"event_name":"Liars Game","player_choice":"AGREE","floor":4.0,"gold_loss":0.0,"damage_taken":0.0,"cards_obtained":["Doubt"]},{"damage_healed":0.0,"max_hp_gain":0.0,"max_hp_loss":0.0,"gold_gain":0.0,"event_name":"Scrap Ooze","player_choice":"Success","floor":5.0,"gold_loss":0.0,"damage_taken":12.0,"relics_obtained":["Frozen Egg 2"]},{"damage_healed":0.0,"max_hp_gain":0.0,"max_hp_loss":0.0,"gold_gain":0.0,"event_name":"Shining Light","player_choice":"Entered Light","floor":13.0,"gold_loss":0.0,"damage_taken":16.0,"cards_upgraded":["Bash","Defend_R"]},{"cards_removed":["Doubt"],"damage_healed":0.0,"max_hp_gain":0.0,"max_hp_loss":0.0,"gold_gain":0.0,"event_name":"Back to Basics","player_choice":"Elegance","floor":19.0,"gold_loss":0.0,"damage_taken":0.0},{"damage_healed":0.0,"max_hp_gain":0.0,"max_hp_loss":0.0,"gold_gain":0.0,"event_name":"Addict","player_choice":"Stole Relic","floor":21.0,"gold_loss":0.0,"damage_taken":0.0,"relics_obtained":["Potion Belt"],"cards_obtained":["Shame"]},{"damage_healed":0.0,"max_hp_gain":0.0,"max_hp_loss":0.0,"gold_gain":0.0,"event_name":"Masked Bandits","player_choice":"Paid Fearfully","floor":24.0,"gold_loss":43.0,"damage_taken":0.0},{"damage_healed":0.0,"max_hp_gain":0.0,"max_hp_loss":0.0,"gold_gain":0.0,"event_name":"The Woman in Blue","player_choice":"Bought 3 Potions","floor":37.0,"gold_loss":0.0,"damage_taken":0.0}],"is_beta":false,"boss_relics":[{"not_picked":["Runic Cube","Cursed Key"],"picked":"Lizard Tail"},{"not_picked":["Runic Dome","Black Star"],"picked":"Philosopher\u0027s Stone"}],"items_purged_floors":[20,39],"is_endless":false,"potions_floor_spawned":[1,11,12,14,18,33,35,38,45,46],"ascension_level":8}