{"gold_per_floor":[110,110,126,139,139,139,152,152,152,165,183,198,123,166,166,292,292,316,72,72,95,110,110,123,123,146,146,170,170,186,205,205,205],"floor_reached":33,"playtime":1191,"items_purged":["Strike_R","Strike_R"],"score":253,"play_id":"f5c82995-9dd9-49ff-9d81-d6f90acef221","local_time":"20180709163011","is_ascension_mode":false,"campfire_choices":[{"data":"Inflame","floor":6,"key":"SMITH"},{"data":"Whirlwind","floor":8,"key":"SMITH"},{"data":"Shrug It Off","floor":15,"key":"SMITH"},{"data":"Dropkick","floor":23,"key":"SMITH"},{"floor":25,"key":"REST"},{"floor":32,"key":"REST"}],"neow_cost":"","seed_source_timestamp":683917873937592,"circlet_count":0,"master_deck":["Strike_R+1","Strike_R","Defend_R","Defend_R","Defend_R","Defend_R","Bash+1","Inflame+1","Whirlwind+1","Shrug It Off+1","Dropkick+1"],"relics":["Burning Blood","Golden Idol","Letter Opener","Whetstone","Anchor","Vajra"],"potions_floor_usage":[16,16,22,30,33],"damage_taken":[{"damage":0,"enemies":"Small Slimes","floor":1,"turns":5},{"damage":1,"enemies":"Jaw Worm","floor":3,"turns":3},{"damage":1,"enemies":"Cultist","floor":4,"turns":3},{"damage":12,"enemies":"Looter","floor":7,"turns":4},{"damage":10,"enemies":"Exordium Thugs","floor":10,"turns":4},{"damage":16,"enemies":"Red Slaver","floor":11,"turns":5},{"damage":12,"enemies":"Blue Slaver","floor":12,"turns":3},{"damage":19,"enemies":"Gremlin Nob","floor":14,"turns":4},{"damage":30,"enemies":"Hexaghost","floor":16,"turns":9},{"damage":11,"enemies":"3 Byrds","floor":18,"turns":6},{"damage":8,"enemies":"Chosen","floor":21,"turns":6},{"damage":79,"enemies":"Sentry and Sphere","floor":22,"turns":11},{"damage":13,"enemies":"Centurion and Healer","floor":24,"turns":7},{"damage":12,"enemies":"3 Cultists","floor":28,"turns":3},{"damage":14,"enemies":"Sentry and Sphere","floor":30,"turns":4},{"damage":0,"enemies":"Snecko","floor":31,"turns":3},{"damage":60,"enemies":"Collector","floor":33,"turns":5}],"seed_played":"-8600288231762216339","potions_obtained":[{"floor":4,"key":"Strength Potion"},{"floor":5,"key":"Weak Potion"},{"floor":5,"key":"PowerPotion"},{"floor":5,"key":"FairyPotion"},{"floor":16,"key":"SteroidPotion"},{"floor":18,"key":"Swift Potion"},{"floor":28,"key":"LiquidBronze"},{"floor":30,"key":"Energy Potion"}],"is_trial":false,"path_per_floor":["M","?","M","M","?","R","M","R","T","M","M","M","$","E","R","B",null,"M","$","?","M","M","R","M","R","T","?","M","?","M","M","R"],"character_chosen":"IRONCLAD","items_purchased":["Anchor"],"campfire_rested":2,"item_purchase_floors":[19],"current_hp_per_floor":[80,60,65,70,70,70,64,64,64,60,50,44,44,31,31,7,80,75,75,75,73,14,14,7,31,31,31,25,25,17,23,47,0],"gold":205,"neow_bonus":"","is_prod":false,"is_daily":false,"chose_seed":false,"campfire_upgraded":4,"win_rate":0,"timestamp":1531175411,"path_taken":["M","?","M","M","?","R","M","R","T","?","M","M","$","E","R","BOSS","M","?","?","M","M","R","M","R","T","?","M","?","M","M","R","BOSS"],"build_version":"2018-07-05","purchased_purges":2,"victory":false,"max_hp_per_floor":[80,80,80,80,80,80,80,80,80,80,80,80,80,80,80,80,80,80,80,80,80,80,80,80,80,80,80,80,80,80,80,80,80],"card_choices":[{"not_picked":["Havoc","Burning Pact","Body Slam"],"picked":"SKIP","floor":1},{"not_picked":["Pommel Strike","Perfected Strike"],"picked":"Inflame","floor":3},{"not_picked":["Metallicize","Sever Soul","Body Slam"],"picked":"SKIP","floor":4},{"not_picked":["Rage","Sever Soul"],"picked":"Whirlwind","floor":7},{"not_picked":["Bludgeon","Flame Barrier","Wild Strike"],"picked":"SKIP","floor":10},{"not_picked":["Metallicize","Anger"],"picked":"Shrug It Off","floor":11},{"not_picked":["Havoc","Perfected Strike","Cleave"],"picked":"SKIP","floor":12},{"not_picked":["Evolve","Heavy Blade","Perfected Strike"],"picked":"SKIP","floor":14},{"not_picked":["Searing Blow","Body Slam","Heavy Blade+1"],"picked":"SKIP","floor":18},{"not_picked":["Perfected Strike+1","Inflame+1"],"picked":"Dropkick","floor":21},{"not_picked":["Flex","Thunderclap","Carnage"],"picked":"SKIP","floor":22},{"not_picked":["Whirlwind+1","Rampage","Warcry"],"picked":"SKIP","floor":24},{"not_picked":["Clothesline","Sword Boomerang+1","Body Slam"],"picked":"SKIP","floor":28},{"not_picked":["Inflame+1","Metallicize","Warcry"],"picked":"SKIP","floor":30},{"not_picked":["Carnage+1","Sever Soul+1","Wild Strike"],"picked":"SKIP","floor":31}],"player_experience":176816,"relics_obtained":[{"floor":9,"key":"Letter Opener"},{"floor":14,"key":"Whetstone"},{"floor":26,"key":"Vajra"}],"event_choices":[{"event_name":"Golden Idol","player_choice":"Take Damage","floor":2,"damage_taken":0},{"event_name":"The Lab","player_choice":"Got Potions","floor":5,"damage_taken":0},{"event_name":"The Mausoleum","player_choice":"No","floor":20,"damage_taken":0},{"event_name":"Accursed Blacksmith","player_choice":"Ignore","floor":27,"damage_taken":0},{"event_name":"Back to Basics","player_choice":"Elegance","floor":29,"damage_taken":0}],"boss_relics":[{"not_picked":["Snecko Eye","Ectoplasm","Mark of Pain"]}],"items_purged_floors":[13,19],"is_endless":false,"potions_floor_spawned":[4,11,12,14,16,18,28,30],"killed_by":"Collector","ascension_level":0}