{"gold_per_floor":[111,286,301,301,319,319,348,318,318,318,89,107,107,128,128,128],"floor_reached":16,"playtime":549,"items_purged":["Strike_R"],"score":125,"play_id":"c3000e72-ee75-4ccc-8275-4007ff7940c8","local_time":"20190312215308","is_ascension_mode":true,"campfire_choices":[{"floor":6,"key":"REST"},{"floor":10,"key":"REST"},{"floor":15,"key":"REST"}],"neow_cost":"PERCENT_DAMAGE","seed_source_timestamp":48792140415617,"circlet_count":0,"master_deck":["Strike_R","Strike_R","Strike_R","Strike_R","Defend_R","Defend_R","Defend_R","Defend_R","Bash","Iron Wave","Doubt","Body Slam","Iron Wave"],"relics":["Burning Blood","Mango","Frozen Egg 2","Gremlin Horn","Oddly Smooth Stone","Golden Idol"],"potions_floor_usage":[16],"damage_taken":[{"damage":14,"enemies":"Small Slimes","floor":1,"turns":4},{"damage":18,"enemies":"Jaw Worm","floor":3,"turns":7},{"damage":5,"enemies":"Cultist","floor":5,"turns":4},{"damage":54,"enemies":"Gremlin Nob","floor":7,"turns":6},{"damage":7,"enemies":"Looter","floor":8,"turns":4},{"damage":17,"enemies":"Exordium Wildlife","floor":12,"turns":6},{"damage":23,"enemies":"Exordium Thugs","floor":14,"turns":8},{"damage":57,"enemies":"The Guardian","floor":16,"turns":12}],"seed_played":"-443577928297010232","potions_obtained":[{"floor":3,"key":"FearPotion"},{"floor":14,"key":"Poison Potion"}],"is_trial":false,"path_per_floor":["?","?","?","M"],"character_chosen":"IRONCLAD","items_purchased":["Oddly Smooth Stone"],"campfire_rested":3,"item_purchase_floors":[11],"current_hp_per_floor":[62,62,50,50,51,79,31,30,30,58,58,47,47,30,56,0],"gold":128,"neow_bonus":"ONE_RARE_RELIC","is_prod":false,"is_daily":false,"chose_seed":false,"campfire_upgraded":0,"win_rate":0,"timestamp":1552423988,"path_taken":["M","?","M","?","M","R","E","M","T","R","$","M","?","?","R","BOSS"],"build_version":"2019-01-23","purchased_purges":1,"victory":false,"max_hp_per_floor":[94,94,94,94,94,94,94,94,94,94,94,94,87,87,87,87],"card_choices":[{"not_picked":["Twin Strike","Clothesline"],"picked":"Iron Wave","floor":1},{"not_picked":["Dropkick","Warcry"],"picked":"Body Slam","floor":3},{"not_picked":["Heavy Blade","Corruption","Clothesline"],"picked":"SKIP","floor":5},{"not_picked":["Flame Barrier","Searing Blow","Double Tap"],"picked":"SKIP","floor":7},{"not_picked":["Twin Strike","Clash"],"picked":"Iron Wave","floor":8},{"not_picked":["Heavy Blade","Clash","Uppercut"],"picked":"SKIP","floor":12},{"not_picked":["Uppercut","Hemokinesis","Combust+1"],"picked":"SKIP","floor":14}],"player_experience":250530,"relics_obtained":[{"floor":7,"key":"Frozen Egg 2"},{"floor":9,"key":"Gremlin Horn"}],"event_choices":[{"damage_healed":0,"gold_gain":175,"player_choice":"AGREE","damage_taken":0,"max_hp_gain":0,"max_hp_loss":0,"event_name":"Liars Game","floor":2,"gold_loss":0,"cards_obtained":["Doubt"]},{"damage_healed":0,"gold_gain":0,"player_choice":"Ignored","damage_taken":0,"max_hp_gain":0,"max_hp_loss":0,"event_name":"Shining Light","floor":4,"gold_loss":0},{"damage_healed":0,"gold_gain":0,"player_choice":"Lose Max HP","damage_taken":0,"relics_obtained":["Golden Idol"],"max_hp_gain":0,"max_hp_loss":7,"event_name":"Golden Idol","floor":13,"gold_loss":0}],"is_beta":false,"boss_relics":[],"items_purged_floors":[11],"is_endless":false,"potions_floor_spawned":[3,14],"killed_by":"The Guardian","ascension_level":5}