{"path_per_floor":["M","$","M","M","$","R","M","?","T","R","M","M","?","$","R","B",null,"M","?","$","M","M","R","M","R","T","R","$","E","M","M","R","B",null,"M","?","?","M","$","R","?","R","T","M","$","R","M","M","R"],"character_chosen":"DEFECT","items_purchased":["Tempest","DataDisk","White Noise","Storm","Apotheosis","Doom and Gloom"],"gold_per_floor":[109,34,45,60,24,24,42,63,138,138,154,170,170,170,170,270,270,283,283,100,110,124,124,143,143,191,191,91,116,132,142,142,239,239,256,301,301,314,247,247,247,247,247,261,33,33,51,69,69,69],"floor_reached":50,"campfire_rested":5,"playtime":2838,"current_hp_per_floor":[74,74,71,70,70,70,70,62,62,62,62,55,60,60,60,19,80,47,47,47,24,12,36,33,57,57,57,57,38,18,18,42,14,80,78,29,19,19,19,43,80,80,80,80,80,80,56,16,40,0],"items_purged":["Defend_B","Strike_B"],"gold":69,"score":522,"play_id":"2755e9f2-d040-44d9-8e57-5c714234e4f6","local_time":"20180512010523","is_prod":false,"is_daily":false,"chose_seed":false,"is_ascension_mode":true,"campfire_upgraded":6,"timestamp":1526105123,"path_taken":["M","$","?","M","$","R","M","?","T","R","M","M","?","?","R","BOSS","M","?","$","?","M","R","M","R","T","R","$","E","M","M","R","BOSS","M","?","?","M","$","R","?","R","T","M","$","R","M","M","R","BOSS"],"build_version":"2018-05-10","seed_source_timestamp":262824361983253,"purchased_purges":3,"victory":false,"master_deck":["Strike_B","Strike_B","Strike_B","Defend_B","Defend_B","Defend_B","Zap+1","Dualcast","Leap","Chill","Beam Cell","Genetic Algorithm","Tempest+1","Ball Lightning","Double Energy","Impulse+1","Thunder Strike","White Noise+1","Leap+1","Barrage+1","Creative AI+1","Reboot","Chaos","Madness","Madness","FTL","Storm","Impulse+1","Apotheosis+1","Doom and Gloom","Lockon"],"max_hp_per_floor":[75,75,75,75,75,75,75,75,75,75,75,75,80,80,80,80,80,80,80,80,80,80,80,80,80,80,80,80,80,80,80,80,80,80,80,80,80,80,80,80,80,80,80,80,80,80,80,80,80,80],"relics":["Cracked Core","Odd Mushroom","Toolbox","Inserter","DataDisk","Bag of Preparation","Bag of Marbles","Nuclear Battery","Unceasing Top","Gremlin Horn"],"card_choices":[{"not_picked":["Cold Snap","Hello World"],"picked":"Leap","floor":0.0},{"not_picked":["Sweeping Beam","Hologram"],"picked":"Chill","floor":1.0},{"not_picked":["Ball Lightning","Axe Kick"],"picked":"Beam Cell","floor":3.0},{"not_picked":["Barrage","Leap"],"picked":"Genetic Algorithm","floor":4.0},{"not_picked":["Rebound","Steam"],"picked":"Ball Lightning","floor":7.0},{"not_picked":["Skim","Barrage"],"picked":"Capacitor","floor":8.0},{"not_picked":["Axe Kick","Undo"],"picked":"Double Energy","floor":11.0},{"not_picked":["Meteor Strike","Darkness"],"picked":"Impulse","floor":12.0},{"not_picked":["Hyperbeam","Buffer"],"picked":"Thunder Strike","floor":16.0},{"not_picked":["Axe Kick","Hologram"],"picked":"Leap","floor":21.0},{"not_picked":["Lockon","Turbo"],"picked":"Barrage","floor":22.0},{"not_picked":["Barrage","Defragment"],"picked":"Creative AI","floor":31.0},{"not_picked":["Machine Learning","Hyperbeam"],"picked":"Reboot","floor":33.0},{"not_picked":["Sweeping Beam","Stack"],"picked":"Chaos","floor":36.0},{"not_picked":["Turbo","Gash"],"picked":"FTL","floor":38.0},{"not_picked":["Turbo","Coolheaded"],"picked":"Impulse","floor":44.0},{"not_picked":["Darkness","Scrape"],"picked":"Lockon","floor":47}],"player_experience":91742,"potions_floor_usage":[],"damage_taken":[{"damage":1.0,"enemies":"Cultist","floor":1.0,"turns":4.0},{"damage":3.0,"enemies":"Jaw Worm","floor":3.0,"turns":3.0},{"damage":1.0,"enemies":"2 Louse","floor":4.0,"turns":3.0},{"damage":0.0,"enemies":"Looter","floor":7.0,"turns":2.0},{"damage":8.0,"enemies":"The Mushroom Lair","floor":8.0,"turns":4.0},{"damage":0.0,"enemies":"Blue Slaver","floor":11.0,"turns":2.0},{"damage":7.0,"enemies":"2 Fungi Beasts","floor":12.0,"turns":3.0},{"damage":41.0,"enemies":"Hexaghost","floor":16.0,"turns":9.0},{"damage":33.0,"enemies":"2 Thieves","floor":18.0,"turns":4.0},{"damage":23.0,"enemies":"Shell Parasite","floor":21.0,"turns":4.0},{"damage":12.0,"enemies":"Centurion and Healer","floor":22.0,"turns":9.0},{"damage":3.0,"enemies":"Snake Plant","floor":24.0,"turns":4.0},{"damage":19.0,"enemies":"Book of Stabbing","floor":29.0,"turns":5.0},{"damage":27.0,"enemies":"Chosen and Byrds","floor":30.0,"turns":6.0},{"damage":0.0,"enemies":"Centurion and Healer","floor":31.0,"turns":6.0},{"damage":28.0,"enemies":"Automaton","floor":33.0,"turns":11.0},{"damage":2.0,"enemies":"Orb Walker","floor":35.0,"turns":3.0},{"damage":51.0,"enemies":"Mysterious Sphere","floor":36.0,"turns":6.0},{"damage":0.0,"enemies":"3 Darklings","floor":38.0,"turns":4.0},{"damage":0.0,"enemies":"4 Shapes","floor":44.0,"turns":5.0},{"damage":24,"enemies":"Maw","floor":47,"turns":6},{"damage":40,"enemies":"Spire Growth","floor":48,"turns":5},{"damage":54,"enemies":"Awakened One","floor":50,"turns":5}],"event_choices":[{"event_name":"Mushrooms","player_choice":"Fought Mushrooms","floor":8.0,"damage_taken":0.0},{"event_name":"Big Fish","player_choice":"Donut","floor":13.0,"damage_taken":0.0},{"event_name":"Transmorgrifier","player_choice":"Transform","floor":19.0,"damage_taken":0.0},{"event_name":"Mysterious Sphere","player_choice":"Fight","floor":36.0,"damage_taken":0.0},{"event_name":"Winding Halls","player_choice":"Embrace Madness","floor":37.0,"damage_taken":0.0},{"event_name":"Bonfire Elementals","player_choice":"UNCOMMON","floor":41.0,"damage_taken":0.0}],"boss_relics":[],"potions_floor_spawned":[1,12,16,22,29,30,31,33,35,36,48],"seed_played":"2456432552296499706","killed_by":"Awakened One","ascension_level":3,"is_trial":false}