{"gold_per_floor":[117,128,143,143,158,187,199,199,223,235,235,245,245,245,245,245],"floor_reached":16,"playtime":725,"items_purged":[],"score":104,"play_id":"40eed7b1-276e-4861-9fcc-b2936970e954","local_time":"20180705015940","is_ascension_mode":false,"campfire_choices":[{"data":"Leg Sweep","floor":13,"key":"SMITH"},{"floor":15,"key":"REST"}],"neow_cost":"","seed_source_timestamp":286611926798950,"circlet_count":0,"master_deck":["Defend_G","Defend_G","Defend_G","Defend_G","Defend_G","Strike_G","Strike_G","Strike_G","Strike_G","Survivor","Neutralize","Backstab","Deadly Poison","Footwork","Leg Sweep+1","Sucker Punch","Crippling Poison","Tactician","Concentrate","Backflip"],"relics":["Ring of the Snake","Sundial","Omamori","Anchor","Golden Idol"],"potions_floor_usage":[16,16,16],"damage_taken":[{"damage":5,"enemies":"Small Slimes","floor":1,"turns":4},{"damage":2,"enemies":"Jaw Worm","floor":2,"turns":4},{"damage":0,"enemies":"2 Louse","floor":3,"turns":2},{"damage":2,"enemies":"Looter","floor":5,"turns":3},{"damage":22,"enemies":"Gremlin Nob","floor":6,"turns":6},{"damage":0,"enemies":"Exordium Thugs","floor":7,"turns":4},{"damage":9,"enemies":"Exordium Wildlife","floor":10,"turns":6},{"damage":0,"enemies":"2 Fungi Beasts","floor":12,"turns":4},{"damage":50,"enemies":"Hexaghost","floor":16,"turns":16}],"seed_played":"-1459259456644807089","potions_obtained":[{"floor":2,"key":"Weak Potion"},{"floor":3,"key":"Fire Potion"},{"floor":6,"key":"Energy Potion"}],"is_trial":false,"path_per_floor":["M","M","M","?","M","E","M","?","T","M","?","M","R","?","R"],"character_chosen":"THE_SILENT","items_purchased":[],"campfire_rested":1,"item_purchase_floors":[],"current_hp_per_floor":[65,63,63,63,61,39,39,36,36,27,27,27,27,27,48,0],"gold":245,"neow_bonus":"","is_prod":false,"is_daily":false,"chose_seed":false,"campfire_upgraded":1,"win_rate":0.0,"timestamp":1530777580,"path_taken":["M","M","M","?","M","E","M","?","T","M","?","?","R","?","R","BOSS"],"build_version":"2018-06-28","purchased_purges":0,"victory":false,"max_hp_per_floor":[70,70,70,70,70,70,70,70,70,70,70,70,70,70,70,70],"card_choices":[{"not_picked":["Dodge and Roll","Eviscerate"],"picked":"Backstab","floor":1},{"not_picked":["Outmaneuver","Calculated Gamble"],"picked":"Deadly Poison","floor":2},{"not_picked":["Acrobatics","Poisoned Stab"],"picked":"Footwork","floor":3},{"not_picked":["Escape Plan","Acrobatics"],"picked":"Leg Sweep","floor":5},{"not_picked":["Escape Plan","Underhanded Strike"],"picked":"Sucker Punch","floor":6},{"not_picked":["Blade Dance","Cloak And Dagger"],"picked":"Crippling Poison","floor":7},{"not_picked":["Underhanded Strike","Dagger Throw"],"picked":"Tactician","floor":10},{"not_picked":["Reflex","Riddle With Holes"],"picked":"Backflip","floor":12}],"player_experience":147968,"relics_obtained":[{"floor":6,"key":"Sundial"},{"floor":9,"key":"Anchor"}],"event_choices":[{"event_name":"Liars Game","player_choice":"disagreed","floor":4,"damage_taken":0},{"event_name":"Scrap Ooze","player_choice":"success","floor":8,"damage_taken":3},{"event_name":"Transmorgrifier","player_choice":"Transform","floor":11,"damage_taken":0},{"event_name":"Golden Idol","player_choice":"Take Wound","floor":14,"damage_taken":0}],"boss_relics":[],"items_purged_floors":[],"is_endless":false,"potions_floor_spawned":[2,3,6,7,10],"killed_by":"Hexaghost","ascension_level":0}