{"gold_per_floor":[211,211,211,161,177,177,204,218,296,296,311,311,311,311,311,414,414,429,429,210,135,35,35,35],"floor_reached":24,"playtime":1046,"items_purged":["Strike_R","Defend_R"],"score":219,"play_id":"9d1accce-4e13-48e4-ab06-c3e1589f71f6","local_time":"20190206213359","is_ascension_mode":true,"campfire_choices":[{"data":"Flex","floor":6.0,"key":"SMITH"},{"floor":13.0,"key":"REST"},{"floor":15.0,"key":"REST"},{"floor":23,"key":"REST"}],"neow_cost":"NONE","seed_source_timestamp":213047730328324,"circlet_count":0,"master_deck":["Strike_R","Strike_R+1","Defend_R","Defend_R","Defend_R","Bash+1","Armaments","Flex+1","Flex","Demon Form","Parasite","Heavy Blade"],"special_seed":0,"relics":["Black Blood","Oddly Smooth Stone","Paper Frog","MutagenicStrength","Juzu Bracelet"],"potions_floor_usage":[18,18],"damage_taken":[{"damage":4.0,"enemies":"Jaw Worm","floor":1.0,"turns":6.0},{"damage":0.0,"enemies":"2 Louse","floor":5.0,"turns":5.0},{"damage":82.0,"enemies":"3 Sentries","floor":7.0,"turns":18.0},{"damage":0.0,"enemies":"Small Slimes","floor":8.0,"turns":3.0},{"damage":0.0,"enemies":"Blue Slaver","floor":11.0,"turns":5.0},{"damage":51.0,"enemies":"The Guardian","floor":16.0,"turns":9.0},{"damage":32,"enemies":"3 Byrds","floor":18,"turns":9},{"damage":20,"enemies":"2 Thieves","floor":21,"turns":5},{"damage":93,"enemies":"Slavers","floor":24,"turns":4}],"seed_played":"6667919176502646259","potions_obtained":[{"floor":5.0,"key":"Fruit Juice"},{"floor":8.0,"key":"SpeedPotion"},{"floor":11.0,"key":"Explosive Potion"},{"floor":16.0,"key":"GamblersBrew"},{"floor":18,"key":"Ancient Potion"}],"is_trial":false,"path_per_floor":["?","?","?","M","?","?","?","?"],"character_chosen":"IRONCLAD","items_purchased":["Juzu Bracelet"],"campfire_rested":3,"item_purchase_floors":[20],"current_hp_per_floor":[80,85,85,85,85,85,14,20,20,20,26,48,75,57,84,39,90,68,68,68,58,58,85,0],"gold":35,"neow_bonus":"HUNDRED_GOLD","is_prod":false,"is_daily":false,"chose_seed":false,"campfire_upgraded":1,"win_rate":0,"timestamp":1549485239,"path_taken":["M","?","?","?","M","R","E","?","T","?","M","?","R","?","R","BOSS","M","?","$","M","$","R","E"],"build_version":"2019-01-23","purchased_purges":2,"victory":false,"max_hp_per_floor":[80,85,85,85,85,85,90,90,90,90,90,90,90,90,90,90,90,90,90,90,90,90,90,90],"card_choices":[{"not_picked":["Thunderclap","Body Slam"],"picked":"Armaments","floor":1.0},{"not_picked":["Carnage","Blood for Blood"],"picked":"Flex","floor":5.0},{"not_picked":["Intimidate","Rupture"],"picked":"Flex","floor":7.0},{"not_picked":["Shockwave","Thunderclap","Corruption"],"picked":"SKIP","floor":8.0},{"not_picked":["Shrug It Off","Havoc"],"picked":"Demon Form","floor":11.0},{"not_picked":["Warcry","Body Slam"],"picked":"Heavy Blade","floor":18},{"not_picked":["Clash","Armaments","Warcry"],"picked":"SKIP","floor":21}],"player_experience":116814,"relics_obtained":[{"floor":7.0,"key":"Oddly Smooth Stone"},{"floor":9.0,"key":"Paper Frog"}],"event_choices":[{"damage_healed":0.0,"max_hp_gain":5.0,"max_hp_loss":0.0,"gold_gain":0.0,"event_name":"Big Fish","player_choice":"Donut","floor":2.0,"gold_loss":0.0,"damage_taken":0.0},{"cards_removed":["Strike_R"],"damage_healed":0.0,"max_hp_gain":0.0,"max_hp_loss":0.0,"gold_gain":0.0,"event_name":"Living Wall","player_choice":"Forget","floor":3.0,"gold_loss":0.0,"damage_taken":0.0},{"cards_removed":["Strike_R"],"damage_healed":0.0,"max_hp_gain":0.0,"max_hp_loss":0.0,"gold_gain":0.0,"event_name":"The Cleric","player_choice":"Card Removal","floor":4.0,"gold_loss":50.0,"damage_taken":0.0},{"damage_healed":0.0,"max_hp_gain":0.0,"max_hp_loss":0.0,"gold_gain":0.0,"event_name":"Golden Wing","player_choice":"Ignored","floor":10.0,"gold_loss":0.0,"damage_taken":0.0},{"damage_healed":22.0,"max_hp_gain":0.0,"max_hp_loss":0.0,"gold_gain":0.0,"event_name":"Mushrooms","player_choice":"Healed and dodged fight","floor":12.0,"gold_loss":0.0,"damage_taken":0.0,"cards_obtained":["Parasite"]},{"damage_healed":0.0,"max_hp_gain":0.0,"max_hp_loss":0.0,"gold_gain":0.0,"event_name":"Shining Light","player_choice":"Entered Light","floor":14.0,"gold_loss":0.0,"damage_taken":18.0,"cards_upgraded":["Strike_R","Bash"]},{"damage_healed":0,"gold_gain":0,"player_choice":"Inject Mutagens","damage_taken":0,"relics_obtained":["MutagenicStrength"],"max_hp_gain":0,"max_hp_loss":0,"event_name":"Drug Dealer","floor":19,"gold_loss":0}],"is_beta":false,"boss_relics":[{"not_picked":["Runic Dome","Eternal Feather"],"picked":"Black Blood"}],"items_purged_floors":[20,22],"is_endless":false,"potions_floor_spawned":[5,8,11,16,18],"killed_by":"Slavers","ascension_level":3}