{"gold_per_floor":[113,124,224,239,259,287,287,303,303,313,344,344,37,49,49,149,149,149,89,89,13,13,13,13,13,13,13,13,13,13,13,13,13],"floor_reached":33,"playtime":1439,"items_purged":[],"score":283,"play_id":"0fa1d95a-197e-4ef4-b808-2af4fb5de10c","local_time":"20180704123137","is_ascension_mode":false,"campfire_choices":[{"data":"Footwork","floor":7.0,"key":"SMITH"},{"data":"Dash","floor":15.0,"key":"SMITH"},{"floor":24,"key":"REST"},{"floor":32,"key":"REST"}],"neow_cost":"","seed_source_timestamp":0,"circlet_count":0,"master_deck":["Defend_G","Defend_G","Defend_G","Defend_G","Defend_G","Strike_G","Strike_G","Strike_G","Strike_G","Strike_G","Survivor","Neutralize","Quick Slash","Footwork+1","Dash+1","Dagger Spray","Poisoned Stab+1","Catalyst","Sucker Punch+1","Malaise","Sucker Punch+1","Caltrops","Burst","Dagger Spray+1","Dagger Spray+1","Footwork","Slice+1","Flying Knee+1","Deadly Poison","Distraction"],"special_seed":0,"relics":["Busted Crown","Molten Egg 2","Smiling Mask","Boot","Paper Crane","Ectoplasm","Gremlin Horn","Pen Nib"],"potions_floor_usage":[23,23],"damage_taken":[{"damage":0.0,"enemies":"Small Slimes","floor":1.0,"turns":4.0},{"damage":0.0,"enemies":"Cultist","floor":2.0,"turns":3.0},{"damage":0.0,"enemies":"Jaw Worm","floor":4.0,"turns":6.0},{"damage":0.0,"enemies":"2 Fungi Beasts","floor":5.0,"turns":4.0},{"damage":14.0,"enemies":"Lagavulin","floor":6.0,"turns":9.0},{"damage":0.0,"enemies":"3 Louse","floor":8.0,"turns":3.0},{"damage":0.0,"enemies":"Looter","floor":10.0,"turns":3.0},{"damage":13.0,"enemies":"Gremlin Nob","floor":11.0,"turns":5.0},{"damage":8.0,"enemies":"Red Slaver","floor":14.0,"turns":2.0},{"damage":9.0,"enemies":"The Guardian","floor":16.0,"turns":13.0},{"damage":7.0,"enemies":"Chosen","floor":18.0,"turns":5.0},{"damage":7,"enemies":"2 Thieves","floor":19,"turns":4},{"damage":9,"enemies":"Snake Plant","floor":22,"turns":3},{"damage":27,"enemies":"Slavers","floor":23,"turns":4},{"damage":3,"enemies":"Centurion and Healer","floor":27,"turns":7},{"damage":7,"enemies":"Snecko","floor":28,"turns":6},{"damage":0,"enemies":"Chosen and Byrds","floor":29,"turns":5},{"damage":32,"enemies":"Snake Plant","floor":31,"turns":4},{"damage":34,"enemies":"Champ","floor":33,"turns":12}],"seed_played":"-4218209638477454819","potions_obtained":[{"floor":4.0,"key":"Explosive Potion"},{"floor":6.0,"key":"LiquidBronze"},{"floor":10.0,"key":"SteroidPotion"},{"floor":23,"key":"GamblersBrew"},{"floor":29,"key":"SteroidPotion"},{"floor":30,"key":"FairyPotion"}],"is_trial":false,"path_per_floor":["M","M","?","M","M","E","R","M","T","M","E","?","$","M","R","B",null,"M","M","?","$","M","E","R","?","T","M","M","M","?","M","R"],"character_chosen":"THE_SILENT","items_purchased":["Paper Crane","Sucker Punch+1","Footwork"],"campfire_rested":2,"item_purchase_floors":[],"current_hp_per_floor":[70,70,70,70,70,56,56,56,56,56,43,43,43,35,35,26,70,63,56,56,56,47,20,41,41,41,38,31,31,31,7,28,0],"gold":13,"neow_bonus":"","is_prod":false,"is_daily":false,"chose_seed":false,"campfire_upgraded":2,"win_rate":0.0,"timestamp":1530729097,"path_taken":["M","M","?","M","M","E","R","M","T","M","E","?","$","M","R","BOSS","M","M","?","$","M","E","R","?","T","M","M","?","?","M","R","BOSS"],"build_version":"2018-06-28","purchased_purges":0,"victory":false,"max_hp_per_floor":[70,70,70,70,70,70,70,70,70,70,70,70,70,70,70,70,70,70,70,70,70,70,70,70,70,70,70,70,70,70,70,70,70],"card_choices":[{"not_picked":[],"picked":"Quick Slash","floor":1.0},{"not_picked":[],"picked":"Footwork","floor":2.0},{"not_picked":[],"picked":"Dash","floor":4.0},{"not_picked":[],"picked":"Dagger Spray","floor":5.0},{"not_picked":[],"picked":"Poisoned Stab","floor":6.0},{"not_picked":[],"picked":"Catalyst","floor":8.0},{"not_picked":[],"picked":"Sucker Punch+1","floor":10.0},{"not_picked":[],"picked":"Malaise","floor":11.0},{"not_picked":[],"picked":"Caltrops","floor":14.0},{"not_picked":[],"picked":"Burst","floor":16.0},{"not_picked":[],"picked":"Dagger Spray+1","floor":18.0},{"not_picked":[],"picked":"Dagger Spray+1","floor":19},{"not_picked":[],"picked":"Slice+1","floor":22},{"not_picked":[],"picked":"Flying Knee+1","floor":23},{"not_picked":[],"picked":"Deadly Poison","floor":27},{"not_picked":[],"picked":"Distraction","floor":28},{"not_picked":["Catalyst"],"picked":"SKIP","floor":29},{"not_picked":["Distraction"],"picked":"SKIP","floor":31}],"player_experience":146079,"relics_obtained":[{"floor":6.0,"key":"Molten Egg 2"},{"floor":9.0,"key":"Smiling Mask"},{"floor":11.0,"key":"Boot"},{"floor":23,"key":"Gremlin Horn"},{"floor":26,"key":"Pen Nib"}],"event_choices":[{"event_name":"Golden Shrine","player_choice":"Pray","floor":3.0,"damage_taken":0.0},{"event_name":"Liars Game","player_choice":"disagreed","floor":12.0,"damage_taken":0.0},{"event_name":"Ghosts","player_choice":"Ignored","floor":20,"damage_taken":0},{"event_name":"Addict","player_choice":"Ignored","floor":25,"damage_taken":0},{"event_name":"The Lab","player_choice":"Got Potions","floor":30,"damage_taken":0}],"boss_relics":[{"not_picked":["Philosopher\u0027s Stone","Fusion Hammer"],"picked":"Ectoplasm"}],"items_purged_floors":[],"is_endless":false,"potions_floor_spawned":[4,6,10,14,16,18,22,23,29,31],"killed_by":"Champ","ascension_level":0}