{"gold_per_floor":[113,113,128,128,140,173,173,188,241,241,166,166,166,178,190,202],"floor_reached":16,"playtime":343,"items_purged":["Strike_R"],"score":176,"play_id":"4e5c2147-6650-477a-bbc2-ac64ec3bbec5","local_time":"20190320150308","is_ascension_mode":true,"campfire_choices":[{"data":"Corruption","floor":7,"key":"SMITH"},{"data":"Body Slam","floor":10,"key":"SMITH"},{"data":"Rampage","floor":12,"key":"SMITH"},{"floor":15,"key":"REST"}],"neow_cost":"NONE","seed_source_timestamp":445739874624070,"circlet_count":0,"master_deck":["AscendersBane","Strike_R","Strike_R","Strike_R","Defend_R","Defend_R","Defend_R","Defend_R+1","Bash+1","Corruption+1","Ghostly Armor","Rampage+1","Flame Barrier","Body Slam+1","Regret"],"relics":["Burning Blood","NeowsBlessing","Paper Frog","Pen Nib","MawBank"],"potions_floor_usage":[4,6,16],"damage_taken":[{"damage":0,"enemies":"2 Louse","floor":1,"turns":1},{"damage":0,"enemies":"Jaw Worm","floor":3,"turns":1},{"damage":0,"enemies":"Cultist","floor":5,"turns":2},{"damage":35,"enemies":"Lagavulin","floor":6,"turns":6},{"damage":30,"enemies":"Large Slime","floor":8,"turns":8},{"damage":28,"enemies":"Hexaghost","floor":16,"turns":5}],"seed_played":"4428517670879753811","potions_obtained":[{"floor":1,"key":"PowerPotion"},{"floor":3,"key":"Ancient Potion"},{"floor":4,"key":"Fruit Juice"},{"floor":4,"key":"AttackPotion"},{"floor":5,"key":"PowerPotion"}],"is_trial":false,"path_per_floor":["M","?","M","?","M","E","R","M","T","R","$","R","?","?","R","B"],"character_chosen":"IRONCLAD","items_purchased":[],"campfire_rested":1,"item_purchase_floors":[],"current_hp_per_floor":[74,67,73,78,80,51,51,27,27,27,27,27,27,3,27,0],"gold":202,"neow_bonus":"THREE_ENEMY_KILL","is_prod":false,"is_daily":false,"chose_seed":false,"campfire_upgraded":3,"win_rate":0,"timestamp":1553061788,"path_taken":["M","?","M","?","?","E","R","M","T","R","$","R","?","?","R","BOSS"],"build_version":"2019-01-23","purchased_purges":1,"victory":false,"max_hp_per_floor":[75,75,75,80,80,80,80,80,80,80,80,80,80,80,80,80],"card_choices":[{"not_picked":["Battle Trance","Feel No Pain"],"picked":"Corruption","floor":1},{"not_picked":["Twin Strike","Hemokinesis"],"picked":"Ghostly Armor","floor":3},{"not_picked":["Power Through","Havoc"],"picked":"Rampage","floor":5},{"not_picked":["Sword Boomerang","Twin Strike"],"picked":"Flame Barrier","floor":6},{"not_picked":["Berserk","Warcry"],"picked":"Body Slam","floor":8}],"player_experience":458444,"relics_obtained":[{"floor":6,"key":"Paper Frog"},{"floor":9,"key":"Pen Nib"}],"event_choices":[{"cards_removed":["Strike_R"],"damage_healed":0,"gold_gain":0,"player_choice":"Card Removal","damage_taken":7,"max_hp_gain":0,"max_hp_loss":0,"event_name":"Golden Wing","floor":2,"gold_loss":0},{"damage_healed":0,"gold_gain":0,"player_choice":"Got Potions","damage_taken":0,"max_hp_gain":0,"max_hp_loss":0,"event_name":"Lab","floor":4,"gold_loss":0},{"damage_healed":0,"gold_gain":0,"player_choice":"Box","damage_taken":0,"relics_obtained":["MawBank"],"max_hp_gain":0,"max_hp_loss":0,"event_name":"Big Fish","floor":13,"gold_loss":0,"cards_obtained":["Regret"]},{"damage_healed":0,"gold_gain":0,"player_choice":"Entered Light","damage_taken":24,"max_hp_gain":0,"max_hp_loss":0,"event_name":"Shining Light","floor":14,"gold_loss":0,"cards_upgraded":["Defend_R","Bash"]}],"is_beta":false,"boss_relics":[],"items_purged_floors":[11],"is_endless":false,"potions_floor_spawned":[1,3,5],"killed_by":"Hexaghost","ascension_level":16}