{"gold_per_floor":[109,19,19,33,33,67,82,97,127,143,159,159,178,202,202,326,326,344,365,71,71],"floor_reached":21,"playtime":978,"items_purged":[],"score":185,"play_id":"4926aa80-3168-49fb-b9a5-dd085f556f2d","local_time":"20180709193910","is_ascension_mode":false,"campfire_choices":[{"data":"Envenom","floor":12,"key":"SMITH"},{"floor":15,"key":"REST"}],"neow_cost":"NONE","seed_source_timestamp":695466104313425,"circlet_count":0,"master_deck":["Defend_G","Defend_G","Defend_G","Defend_G","Strike_G","Strike_G","Strike_G","Strike_G","Strike_G","Survivor","Backstab","Bandage Up","Backflip","Deadly Poison","Crippling Poison","Envenom+1","Blade Dance","Noxious Fumes","Poisoned Stab","Corpse Explosion","Flying Knee","Flying Knee"],"relics":["Empty Cage","Golden Idol","Ancient Tea Set","Tiny Chest","Eternal Feather","Incense Burner"],"potions_floor_usage":[10],"damage_taken":[{"damage":5,"enemies":"Cultist","floor":1,"turns":5},{"damage":5,"enemies":"Jaw Worm","floor":4,"turns":4},{"damage":20,"enemies":"3 Sentries","floor":6,"turns":13},{"damage":0,"enemies":"2 Louse","floor":7,"turns":3},{"damage":9,"enemies":"Looter","floor":8,"turns":4},{"damage":5,"enemies":"Gremlin Gang","floor":10,"turns":5},{"damage":10,"enemies":"Red Slaver","floor":11,"turns":5},{"damage":9,"enemies":"Exordium Thugs","floor":13,"turns":4},{"damage":10,"enemies":"Exordium Wildlife","floor":14,"turns":5},{"damage":24,"enemies":"Hexaghost","floor":16,"turns":9},{"damage":15,"enemies":"3 Byrds","floor":18,"turns":4},{"damage":30,"enemies":"Shell Parasite","floor":19,"turns":5},{"damage":36,"enemies":"Snake Plant","floor":21,"turns":4}],"seed_played":"-7379409580482403976","potions_obtained":[{"floor":1,"key":"SteroidPotion"},{"floor":7,"key":"Fire Potion"},{"floor":13,"key":"Explosive Potion"},{"floor":16,"key":"GhostInAJar"}],"is_trial":false,"path_per_floor":["M","$","$","M","?","E","M","M","T","M","M","R","M","M","R","B",null,"M","M","$"],"character_chosen":"THE_SILENT","items_purchased":["Bandage Up","Incense Burner"],"campfire_rested":1,"item_purchase_floors":[2,20],"current_hp_per_floor":[65,65,65,64,47,31,35,30,30,29,23,23,18,12,33,13,70,57,31,31,0],"gold":71,"neow_bonus":"BOSS_RELIC","is_prod":false,"is_daily":false,"chose_seed":false,"campfire_upgraded":1,"win_rate":0,"timestamp":1531186750,"path_taken":["M","?","$","M","?","E","M","M","T","M","M","R","M","M","R","BOSS","M","?","?","?"],"build_version":"2018-07-05","purchased_purges":0,"victory":false,"max_hp_per_floor":[70,70,70,70,70,70,70,70,70,70,70,70,70,70,70,70,70,70,70,70,70],"card_choices":[{"not_picked":["Leg Sweep","Riddle With Holes"],"picked":"Backstab","floor":1},{"not_picked":["Calculated Gamble","Deflect"],"picked":"Backflip","floor":4},{"not_picked":["PiercingWail","Backflip"],"picked":"Deadly Poison","floor":6},{"not_picked":["Backflip","Dagger Throw"],"picked":"Crippling Poison","floor":7},{"not_picked":["Bane","Finisher","PiercingWail"],"picked":"SKIP","floor":8},{"not_picked":["Flying Knee","Reflex"],"picked":"Envenom","floor":10},{"not_picked":["Setup","Flechettes"],"picked":"Blade Dance","floor":11},{"not_picked":["Outmaneuver","Dagger Spray"],"picked":"Noxious Fumes","floor":13},{"not_picked":["Crippling Poison","Flying Knee"],"picked":"Poisoned Stab","floor":14},{"not_picked":["Glass Knife","Unload"],"picked":"Corpse Explosion","floor":16},{"not_picked":["Masterful Stab","Dodge and Roll"],"picked":"Flying Knee","floor":18},{"not_picked":["Backflip","Skewer"],"picked":"Flying Knee","floor":19}],"player_experience":178469,"relics_obtained":[{"floor":6,"key":"Ancient Tea Set"},{"floor":9,"key":"Tiny Chest"}],"event_choices":[{"event_name":"Golden Idol","player_choice":"Take Damage","floor":5,"damage_taken":0}],"boss_relics":[{"not_picked":["Runic Dome","Coffee Dripper"],"picked":"Eternal Feather"}],"items_purged_floors":[],"is_endless":false,"potions_floor_spawned":[1,7,13,16],"killed_by":"Snake Plant","ascension_level":0}