{"gold_per_floor":[118,118,130,80,80,80,99,129,129,141,153,165,175,62,62,165,165,181,201,221,237,4,4,29,45,70,70,102,119,130,140,140,243,243,259,269,289,308,49,49,67,67,67,98,109,136,136,148,148,148],"floor_reached":51,"playtime":2972,"items_purged":["Defend_G"],"score":1007,"play_id":"e22b3a63-4e5a-4659-b4e9-ba4429ea2307","local_time":"20181109132414","is_ascension_mode":true,"campfire_choices":[{"data":"Backflip","floor":6.0,"key":"SMITH"},{"data":"Phantasmal Killer","floor":15.0,"key":"SMITH"},{"floor":23.0,"key":"REST"},{"floor":27.0,"key":"REST"},{"floor":32.0,"key":"REST"},{"floor":40.0,"key":"REST"},{"floor":47,"key":"REST"},{"floor":49,"key":"REST"}],"neow_cost":"NONE","seed_source_timestamp":3162821681512288,"circlet_count":0,"master_deck":["Defend_G","Defend_G","Defend_G","Defend_G","Strike_G","Strike_G","Strike_G","Strike_G","Survivor","Neutralize+1","Backflip+1","Dash+1","Footwork","Caltrops","Quick Slash","Sucker Punch","Phantasmal Killer+1","Flying Knee","Predator","Adrenaline","Dodge and Roll","Caltrops+1","Trip","Flying Knee","Well Laid Plans","Footwork","Dash","Dodge and Roll+1","Malaise","Quick Slash+1","Caltrops+1","Dodge and Roll","Acrobatics+1","Skewer+1","Dash","Predator+1"],"special_seed":0,"relics":["Ring of the Snake","Matryoshka","Blood Vial","Happy Flower","Meat on the Bone","Fusion Hammer","Lantern","Bag of Marbles","Bag of Preparation","Snake Skull","Strawberry","Cursed Key","Mercury Hourglass","Potion Belt","Smiling Mask"],"potions_floor_usage":[44,50,50,50,50],"damage_taken":[{"damage":3.0,"enemies":"2 Louse","floor":1.0,"turns":2.0},{"damage":1.0,"enemies":"Small Slimes","floor":3.0,"turns":5.0},{"damage":0.0,"enemies":"Cultist","floor":7.0,"turns":3.0},{"damage":1.0,"enemies":"Lagavulin","floor":8.0,"turns":10.0},{"damage":30.0,"enemies":"Gremlin Gang","floor":10.0,"turns":5.0},{"damage":8.0,"enemies":"Large Slime","floor":11.0,"turns":6.0},{"damage":0.0,"enemies":"Looter","floor":12.0,"turns":4.0},{"damage":0.0,"enemies":"3 Louse","floor":13.0,"turns":4.0},{"damage":10.0,"enemies":"Hexaghost","floor":16.0,"turns":11.0},{"damage":10.0,"enemies":"2 Thieves","floor":18.0,"turns":4.0},{"damage":11.0,"enemies":"3 Byrds","floor":19.0,"turns":6.0},{"damage":19.0,"enemies":"Centurion and Healer","floor":20.0,"turns":7.0},{"damage":1.0,"enemies":"Chosen and Byrds","floor":21.0,"turns":6.0},{"damage":15.0,"enemies":"Slavers","floor":24.0,"turns":5.0},{"damage":13.0,"enemies":"Snake Plant","floor":25.0,"turns":3.0},{"damage":8.0,"enemies":"Book of Stabbing","floor":28.0,"turns":4.0},{"damage":16.0,"enemies":"Cultist and Chosen","floor":29.0,"turns":6.0},{"damage":6.0,"enemies":"Chosen and Byrds","floor":30.0,"turns":7.0},{"damage":5.0,"enemies":"Snecko","floor":31.0,"turns":6.0},{"damage":2.0,"enemies":"Automaton","floor":33.0,"turns":11.0},{"damage":0.0,"enemies":"3 Shapes","floor":35.0,"turns":5.0},{"damage":5.0,"enemies":"3 Darklings","floor":36.0,"turns":6.0},{"damage":0.0,"enemies":"Maw","floor":37.0,"turns":7.0},{"damage":25.0,"enemies":"Jaw Worm Horde","floor":38.0,"turns":4.0},{"damage":7.0,"enemies":"Spire Growth","floor":41.0,"turns":5.0},{"damage":13,"enemies":"Giant Head","floor":44,"turns":10},{"damage":3,"enemies":"Transient","floor":45,"turns":5},{"damage":22,"enemies":"Reptomancer","floor":46,"turns":6},{"damage":10,"enemies":"3 Darklings","floor":48,"turns":5},{"damage":32,"enemies":"Donu and Deca","floor":50,"turns":9}],"seed_played":"-4409962950466477955","potions_obtained":[{"floor":1.0,"key":"FearPotion"},{"floor":10.0,"key":"Regen Potion"},{"floor":11.0,"key":"Dexterity Potion"},{"floor":12.0,"key":"Dexterity Potion"},{"floor":30.0,"key":"GhostInAJar"},{"floor":44,"key":"Strength Potion"},{"floor":46,"key":"LiquidBronze"}],"is_trial":false,"path_per_floor":["M","?","M","?","?","R","M","E","T","M","M","M","M","$","R","B",null,"M","M","M","M","$","R","E","M","T","R","E","M","M","M","R","B",null,"M","M","M","M","$","R","M","?","T","E","M","E","R","M","R","B",null],"character_chosen":"THE_SILENT","items_purchased":["Predator","Lantern","Trip","Mercury Hourglass"],"campfire_rested":6,"item_purchase_floors":[14,22,22,39],"current_hp_per_floor":[60,48,47,47,47,47,47,46,46,30,36,38,40,40,40,44,64,56,47,42,43,43,64,51,40,40,61,62,48,44,41,64,64,74,76,72,74,51,51,74,69,69,69,58,57,49,72,64,77,45],"gold":148,"neow_bonus":"UPGRADE_CARD","is_prod":false,"is_daily":false,"chose_seed":false,"campfire_upgraded":2,"win_rate":0,"timestamp":1541795054,"path_taken":["M","?","M","?","?","R","M","E","T","M","?","M","M","$","R","BOSS","M","M","?","M","$","R","E","M","T","R","E","M","M","M","R","BOSS","M","M","M","M","$","R","?","?","T","E","M","E","R","M","R","BOSS"],"build_version":"2018-11-08","purchased_purges":1,"victory":true,"max_hp_per_floor":[70,70,70,70,70,70,70,70,70,70,70,70,70,70,70,70,70,70,70,70,70,70,70,70,70,70,70,77,77,77,77,77,77,77,77,77,77,77,77,77,77,77,77,77,77,77,77,77,77,77],"card_choices":[{"not_picked":["Catalyst","Dodge and Roll"],"picked":"Backflip","floor":1.0},{"not_picked":["Dagger Throw","Riddle With Holes"],"picked":"Dash","floor":3.0},{"not_picked":["PiercingWail","Acrobatics"],"picked":"Footwork","floor":7.0},{"not_picked":["Bouncing Flask","Tactician"],"picked":"Caltrops","floor":8.0},{"not_picked":["Skewer","Slice"],"picked":"Quick Slash","floor":10.0},{"not_picked":["Poisoned Stab","Dodge and Roll"],"picked":"Sucker Punch","floor":11.0},{"not_picked":["PiercingWail","Dodge and Roll"],"picked":"Phantasmal Killer","floor":12.0},{"not_picked":["Slice","Dodge and Roll"],"picked":"Flying Knee","floor":13.0},{"not_picked":["Venomology","Envenom"],"picked":"Adrenaline","floor":16.0},{"not_picked":["Deflect","Outmaneuver+1","PiercingWail"],"picked":"SKIP","floor":18.0},{"not_picked":["Quick Slash","Sucker Punch"],"picked":"Dodge and Roll","floor":19.0},{"not_picked":["Sucker Punch","Poisoned Stab"],"picked":"Caltrops+1","floor":20.0},{"not_picked":["Deflect","Masterful Stab"],"picked":"Acrobatics","floor":21.0},{"not_picked":["Choke","Terror"],"picked":"Flying Knee","floor":24.0},{"not_picked":["Quick Slash","Blade Dance"],"picked":"Well Laid Plans","floor":25.0},{"not_picked":["Finisher+1","Prepared"],"picked":"Footwork","floor":28.0},{"not_picked":["Sucker Punch","Dagger Spray"],"picked":"Dash","floor":29.0},{"not_picked":["Envenom","Well Laid Plans"],"picked":"Dodge and Roll+1","floor":30.0},{"not_picked":["Eviscerate","Poisoned Stab+1","Quick Slash"],"picked":"SKIP","floor":31.0},{"not_picked":["Unload","Grand Finale"],"picked":"Malaise","floor":33.0},{"not_picked":["Noxious Fumes","Deadly Poison","Flying Knee+1"],"picked":"SKIP","floor":35.0},{"not_picked":["Deflect","Blade Dance+1"],"picked":"Quick Slash+1","floor":36.0},{"not_picked":["Prepared","Blade Dance+1"],"picked":"Caltrops+1","floor":37.0},{"not_picked":["Riddle With Holes+1","Acrobatics+1","Finisher"],"picked":"SKIP","floor":38.0},{"not_picked":["Night Terror","Choke+1"],"picked":"Dodge and Roll","floor":41.0},{"not_picked":["PiercingWail+1","Quick Slash+1"],"picked":"Acrobatics+1","floor":44},{"not_picked":["Terror","Backflip"],"picked":"Skewer+1","floor":45},{"not_picked":["Outmaneuver","Flying Knee+1"],"picked":"Dash","floor":46},{"not_picked":["Masterful Stab+1","Bane"],"picked":"Predator+1","floor":48}],"player_experience":571503,"relics_obtained":[{"floor":8.0,"key":"Blood Vial"},{"floor":9.0,"key":"Happy Flower"},{"floor":9.0,"key":"Meat on the Bone"},{"floor":24.0,"key":"Bag of Marbles"},{"floor":26.0,"key":"Bag of Preparation"},{"floor":26.0,"key":"Snake Skull"},{"floor":28.0,"key":"Strawberry"},{"floor":44,"key":"Potion Belt"},{"floor":46,"key":"Smiling Mask"}],"event_choices":[{"damage_healed":0.0,"max_hp_gain":0.0,"max_hp_loss":0.0,"gold_gain":0.0,"event_name":"Scrap Ooze","player_choice":"Success","floor":2.0,"gold_loss":0.0,"damage_taken":12.0,"relics_obtained":["Matryoshka"]},{"cards_removed":["Strike_G"],"damage_healed":0.0,"max_hp_gain":0.0,"max_hp_loss":0.0,"gold_gain":0.0,"event_name":"The Cleric","player_choice":"Card Removal","floor":4.0,"gold_loss":50.0,"damage_taken":0.0},{"damage_healed":0.0,"max_hp_gain":0.0,"max_hp_loss":0.0,"gold_gain":0.0,"event_name":"Upgrade Shrine","player_choice":"Upgraded","floor":5.0,"gold_loss":0.0,"damage_taken":0.0,"cards_upgraded":["Dash"]},{"cards_removed":["Acrobatics"],"damage_healed":0.0,"max_hp_gain":0.0,"max_hp_loss":0.0,"gold_gain":0.0,"event_name":"Falling","player_choice":"Removed Skill","floor":42.0,"gold_loss":0.0,"damage_taken":0.0}],"is_beta":false,"boss_relics":[{"not_picked":["WristBlade","HoveringKite"],"picked":"Fusion Hammer"},{"not_picked":["White Beast Statue","Eternal Feather"],"picked":"Cursed Key"}],"items_purged_floors":[14],"is_endless":false,"potions_floor_spawned":[1,10,11,12,16,18,21,28,29,30,36,38,41,44,46],"ascension_level":7}