{"gold_per_floor":[110,185,202,202,215,215,242,259,286,69,84,84,101,276,276,381,381,391,409,422,433,433],"floor_reached":22,"playtime":951,"items_purged":[],"score":247,"play_id":"b9464162-e095-44cd-ae1b-de8035a3f3be","local_time":"20181018235350","is_ascension_mode":true,"campfire_choices":[{"floor":6,"key":"REST"},{"data":"Dash","floor":15,"key":"SMITH"}],"neow_cost":"NONE","seed_source_timestamp":1298488698454024,"circlet_count":0,"master_deck":["Defend_G","Defend_G","Defend_G","Defend_G","Strike_G","Strike_G","Strike_G","Strike_G+1","Strike_G+1","Survivor","Neutralize","Underhanded Strike","Noxious Fumes","Dash+1","Cloak And Dagger","Terror","Blur","Leg Sweep","Catalyst","Doubt","Corpse Explosion","Calculated Gamble+1","Dagger Spray","All Out Attack"],"relics":["Ring of the Snake","Potion Belt","Bronze Scales","PreservedInsect","Sozu"],"potions_floor_usage":[7,16],"damage_taken":[{"damage":3,"enemies":"Jaw Worm","floor":1,"turns":6},{"damage":8,"enemies":"Small Slimes","floor":3,"turns":4},{"damage":0,"enemies":"2 Louse","floor":5,"turns":3},{"damage":20,"enemies":"Lagavulin","floor":7,"turns":8},{"damage":6,"enemies":"Gremlin Gang","floor":8,"turns":5},{"damage":20,"enemies":"Exordium Thugs","floor":11,"turns":5},{"damage":0,"enemies":"2 Fungi Beasts","floor":13,"turns":5},{"damage":51,"enemies":"Slime Boss","floor":16,"turns":13},{"damage":14,"enemies":"2 Thieves","floor":18,"turns":3},{"damage":18,"enemies":"Spheric Guardian","floor":19,"turns":5},{"damage":5,"enemies":"3 Cultists","floor":20,"turns":3},{"damage":16,"enemies":"Centurion and Healer","floor":21,"turns":5},{"damage":10,"enemies":"Snake Plant","floor":22,"turns":2}],"seed_played":"3557360318296704377","potions_obtained":[{"floor":1,"key":"SpeedPotion"},{"floor":3,"key":"EssenceOfSteel"},{"floor":11,"key":"Explosive Potion"}],"is_trial":false,"path_per_floor":["M","?","M","?","M","R","E","M","T","$","M","?","M","?","R","B",null,"M","M","M","M"],"character_chosen":"THE_SILENT","items_purchased":["PreservedInsect","Blur"],"campfire_rested":1,"item_purchase_floors":[10,10],"current_hp_per_floor":[60,49,41,27,27,48,28,22,22,22,2,70,70,70,70,19,57,43,25,20,4,0],"gold":433,"neow_bonus":"TRANSFORM_CARD","is_prod":false,"is_daily":false,"chose_seed":false,"campfire_upgraded":1,"win_rate":0,"timestamp":1539928430,"path_taken":["M","?","M","?","M","R","E","?","T","$","M","?","M","?","R","BOSS","M","?","M","M","M"],"build_version":"2018-10-18","purchased_purges":0,"victory":false,"max_hp_per_floor":[70,70,70,70,70,70,70,70,70,70,70,70,70,70,70,70,70,70,70,70,70,70],"card_choices":[{"not_picked":["Slice","Blade Dance"],"picked":"Noxious Fumes","floor":1},{"not_picked":["Finisher","Noxious Fumes"],"picked":"Dash","floor":3},{"not_picked":["Slice","Setup"],"picked":"Cloak And Dagger","floor":5},{"not_picked":["Noxious Fumes","Slice"],"picked":"Caltrops","floor":7},{"not_picked":["Night Terror","Flying Knee"],"picked":"Terror","floor":8},{"not_picked":["Crippling Poison","Escape Plan"],"picked":"Leg Sweep","floor":11},{"not_picked":["Footwork","Backstab"],"picked":"Catalyst","floor":13},{"not_picked":["Burst","A Thousand Cuts"],"picked":"Corpse Explosion","floor":16},{"not_picked":["Deadly Poison","Flying Knee+1"],"picked":"Calculated Gamble+1","floor":18},{"not_picked":["Accuracy","Setup"],"picked":"Dagger Spray","floor":19},{"not_picked":["Backflip","Reflex"],"picked":"All Out Attack","floor":20},{"not_picked":["Expertise","Backflip+1","Quick Slash"],"picked":"SKIP","floor":21}],"player_experience":527995,"relics_obtained":[{"floor":7,"key":"Potion Belt"},{"floor":9,"key":"Bronze Scales"}],"event_choices":[{"damage_healed":0,"gold_gain":75,"player_choice":"Gather Gold","damage_taken":11,"max_hp_gain":0,"max_hp_loss":0,"event_name":"World of Goop","floor":2,"gold_loss":0},{"damage_healed":0,"gold_gain":0,"player_choice":"Entered Light","damage_taken":14,"max_hp_gain":0,"max_hp_loss":0,"event_name":"Shining Light","floor":4,"gold_loss":0,"cards_upgraded":["Strike_G","Strike_G"]},{"cards_removed":["Caltrops"],"damage_healed":68,"gold_gain":0,"player_choice":"Offered Uncommon","damage_taken":0,"max_hp_gain":0,"max_hp_loss":0,"event_name":"Bonfire Elementals","floor":12,"gold_loss":0},{"damage_healed":0,"gold_gain":175,"player_choice":"AGREE","damage_taken":0,"max_hp_gain":0,"max_hp_loss":0,"event_name":"Liars Game","floor":14,"gold_loss":0,"cards_obtained":["Doubt"]}],"is_beta":false,"boss_relics":[{"not_picked":["Philosopher\u0027s Stone","Tiny House"],"picked":"Sozu"}],"items_purged_floors":[],"is_endless":false,"potions_floor_spawned":[1,3,11,18,20],"killed_by":"Snake Plant","ascension_level":6}