{"gold_per_floor":[109,109,173,223,290,290,319,319,390,415,435,485,495,511,511,511],"floor_reached":16,"playtime":903,"items_purged":[],"score":162,"play_id":"d3ca9ef7-1584-4fdb-9892-9fa55ec822fe","local_time":"20181111232400","is_ascension_mode":true,"campfire_choices":[{"data":"Deflect","floor":6,"key":"SMITH"},{"data":"Neutralize","floor":8,"key":"SMITH"},{"data":"Burst","floor":15,"key":"SMITH"}],"neow_cost":"NONE","seed_source_timestamp":47811386896711,"circlet_count":0,"master_deck":["Defend_G","Defend_G","Defend_G","Defend_G","Defend_G","Strike_G","Strike_G","Strike_G","Strike_G","Survivor","Neutralize+1","Sucker Punch","Deadly Poison","Deflect+1","PiercingWail","Burst+1","Cloak And Dagger"],"relics":["Ring of the Snake","SsserpentHead","Bag of Marbles","Gremlin Horn","Oddly Smooth Stone","Bag of Preparation"],"potions_floor_usage":[7],"damage_taken":[{"damage":6,"enemies":"Jaw Worm","floor":1,"turns":7},{"damage":0,"enemies":"Cultist","floor":3,"turns":4},{"damage":4,"enemies":"Small Slimes","floor":5,"turns":4},{"damage":15,"enemies":"Gremlin Nob","floor":7,"turns":4},{"damage":27,"enemies":"3 Sentries","floor":10,"turns":14},{"damage":0,"enemies":"Gremlin Gang","floor":11,"turns":6},{"damage":0,"enemies":"2 Fungi Beasts","floor":13,"turns":3},{"damage":0,"enemies":"Lots of Slimes","floor":14,"turns":4},{"damage":40,"enemies":"Slime Boss","floor":16,"turns":10}],"seed_played":"2954864498419936490","potions_obtained":[{"floor":1,"key":"Poison Potion"},{"floor":7,"key":"SpeedPotion"},{"floor":13,"key":"FairyPotion"}],"is_trial":false,"path_per_floor":["M","?","M","?","M","R","E","R","T","E","M","?","M","M","R","B"],"character_chosen":"THE_SILENT","items_purchased":[],"campfire_rested":0,"item_purchase_floors":[],"current_hp_per_floor":[64,64,64,64,60,60,45,45,45,18,18,18,18,18,18,0],"gold":511,"neow_bonus":"TEN_PERCENT_HP_BONUS","is_prod":false,"is_daily":false,"chose_seed":false,"campfire_upgraded":3,"win_rate":0,"timestamp":1542007440,"path_taken":["M","?","?","?","?","R","E","R","T","E","M","?","M","M","R","BOSS"],"build_version":"2018-11-08","purchased_purges":0,"victory":false,"max_hp_per_floor":[77,77,77,77,77,77,77,77,77,77,77,77,77,77,77,77],"card_choices":[{"not_picked":["Deadly Poison","Slice"],"picked":"Sucker Punch","floor":1},{"not_picked":["Blade Dance","Malaise"],"picked":"Deadly Poison","floor":3},{"not_picked":["Deadly Poison","Bane"],"picked":"Deflect","floor":5},{"not_picked":["Expertise","Dodge and Roll"],"picked":"PiercingWail","floor":7},{"not_picked":["Accuracy","Catalyst"],"picked":"Burst","floor":10},{"not_picked":["Poisoned Stab","Bane"],"picked":"Flying Knee","floor":11},{"not_picked":["Quick Slash","Deflect"],"picked":"Cloak And Dagger","floor":13},{"not_picked":["Catalyst","Prepared","Caltrops"],"picked":"SKIP","floor":14}],"player_experience":554185,"relics_obtained":[{"floor":7,"key":"Bag of Marbles"},{"floor":9,"key":"Gremlin Horn"},{"floor":10,"key":"Oddly Smooth Stone"}],"event_choices":[{"damage_healed":0,"gold_gain":0,"player_choice":"Trade","damage_taken":0,"relics_obtained":["SsserpentHead"],"max_hp_gain":0,"max_hp_loss":0,"event_name":"FaceTrader","floor":2,"gold_loss":0},{"cards_removed":["Strike_G"],"damage_healed":0,"gold_gain":0,"player_choice":"Purged","damage_taken":0,"max_hp_gain":0,"max_hp_loss":0,"event_name":"Purifier","floor":4,"gold_loss":0},{"cards_removed":["Flying Knee"],"damage_healed":0,"gold_gain":0,"player_choice":"Gave Card","damage_taken":0,"relics_obtained":["Bag of Preparation"],"max_hp_gain":0,"max_hp_loss":0,"event_name":"WeMeetAgain","floor":12,"gold_loss":0}],"is_beta":false,"boss_relics":[],"items_purged_floors":[],"is_endless":false,"potions_floor_spawned":[1,7,13],"killed_by":"Slime Boss","ascension_level":9}