{"gold_per_floor":[114,114,130,148,166,201,201,218,270,119,152,152,164,184,184,279,279,289,320,320,338,353,379,379,379,379,405,405,430,430,440,440,536,536,550,550,603,194,212,222,234,234,257,291,291,291,304,317,317,317,317,317,61,91,91],"floor_reached":56,"playtime":4589,"items_purged":[],"score":1354,"play_id":"4329cc80-858b-4334-944c-6c659f8c19fb","local_time":"20181127235856","is_ascension_mode":false,"campfire_choices":[{"data":"Burst","floor":12.0,"key":"SMITH"},{"floor":15.0,"key":"RECALL"},{"data":"Cloak And Dagger","floor":25.0,"key":"SMITH"},{"data":"Cloak And Dagger","floor":30.0,"key":"SMITH"},{"data":"Madness","floor":32.0,"key":"SMITH"},{"floor":42.0,"key":"REST"},{"data":"Cloak And Dagger","floor":45.0,"key":"SMITH"},{"data":"Deflect","floor":49.0,"key":"SMITH"},{"data":"Neutralize","floor":52.0,"key":"SMITH"}],"neow_cost":"NONE","seed_source_timestamp":0,"circlet_count":0,"master_deck":["Defend_G","Defend_G","Defend_G","Defend_G","Defend_G","Survivor","Neutralize+1","Slice+1","Cloak And Dagger+1","Venomology","Backflip","Dagger Throw","Madness+1","Escape Plan","Dagger Spray","Dash","Burst+1","Sucker Punch","Envenom+1","Footwork+1","Deflect+1","Footwork+1","Well Laid Plans+1","Cloak And Dagger+1","Sucker Punch+1","Bite","Bite+1","Bite","Bite","Bite","Noxious Fumes+1","After Image+1","Secret Weapon","Trip","Cloak And Dagger+1","Infinite Blades+1","Master of Strategy","Slice","PiercingWail+1","Infinite Blades+1","PiercingWail+1","After Image+1","Backflip+1"],"special_seed":0,"relics":["Ring of the Snake","The Specimen","Oddly Smooth Stone","Frozen Egg 2","WristBlade","Red Mask","Orichalcum","Dream Catcher","Matryoshka","Busted Crown","Tingsha","PreservedInsect","Happy Flower","Whetstone","Regal Pillow","Paper Crane","Turnip"],"potions_floor_usage":[55,55,55,55],"damage_taken":[{"damage":1.0,"enemies":"Cultist","floor":1.0,"turns":4.0},{"damage":0.0,"enemies":"Small Slimes","floor":3.0,"turns":4.0},{"damage":0.0,"enemies":"2 Louse","floor":4.0,"turns":2.0},{"damage":0.0,"enemies":"Gremlin Gang","floor":5.0,"turns":6.0},{"damage":23.0,"enemies":"Lagavulin","floor":6.0,"turns":10.0},{"damage":0.0,"enemies":"Large Slime","floor":8.0,"turns":7.0},{"damage":6.0,"enemies":"Gremlin Nob","floor":11.0,"turns":4.0},{"damage":0.0,"enemies":"Looter","floor":13.0,"turns":4.0},{"damage":0.0,"enemies":"2 Fungi Beasts","floor":14.0,"turns":2.0},{"damage":42.0,"enemies":"The Guardian","floor":16.0,"turns":20.0},{"damage":8.0,"enemies":"3 Byrds","floor":18.0,"turns":6.0},{"damage":31.0,"enemies":"Masked Bandits","floor":19.0,"turns":8.0},{"damage":3.0,"enemies":"Shell Parasite","floor":21.0,"turns":9.0},{"damage":0.0,"enemies":"Snake Plant","floor":22.0,"turns":8.0},{"damage":17.0,"enemies":"Gremlin Leader","floor":23.0,"turns":7.0},{"damage":2.0,"enemies":"Colosseum Slavers","floor":24.0,"turns":6.0},{"damage":5.0,"enemies":"Slavers","floor":27.0,"turns":8.0},{"damage":4.0,"enemies":"Book of Stabbing","floor":29.0,"turns":9.0},{"damage":0.0,"enemies":"Cultist and Chosen","floor":31.0,"turns":6.0},{"damage":15.0,"enemies":"Collector","floor":33.0,"turns":11.0},{"damage":8.0,"enemies":"3 Darklings","floor":35.0,"turns":7.0},{"damage":54.0,"enemies":"2 Orb Walkers","floor":37.0,"turns":9.0},{"damage":0.0,"enemies":"Orb Walker","floor":39.0,"turns":4.0},{"damage":1.0,"enemies":"Writhing Mass","floor":40.0,"turns":7.0},{"damage":0.0,"enemies":"4 Shapes","floor":41.0,"turns":5.0},{"damage":0.0,"enemies":"Nemesis","floor":44.0,"turns":6.0},{"damage":0.0,"enemies":"Maw","floor":47.0,"turns":8.0},{"damage":0.0,"enemies":"Sphere and 2 Shapes","floor":48.0,"turns":6.0},{"damage":0.0,"enemies":"Donu and Deca","floor":50.0,"turns":9.0},{"damage":15.0,"enemies":"Shield and Spear","floor":54.0,"turns":8.0},{"damage":8,"enemies":"The Heart","floor":55,"turns":13}],"seed_played":"-4934138979526768079","potions_obtained":[{"floor":1.0,"key":"LiquidBronze"},{"floor":4.0,"key":"LiquidBronze"},{"floor":6.0,"key":"Fire Potion"},{"floor":13.0,"key":"Fire Potion"},{"floor":18.0,"key":"GhostInAJar"},{"floor":22.0,"key":"Swift Potion"},{"floor":29.0,"key":"Fire Potion"},{"floor":33.0,"key":"FairyPotion"},{"floor":37.0,"key":"FairyPotion"},{"floor":39.0,"key":"Swift Potion"},{"floor":41.0,"key":"SkillPotion"},{"floor":48.0,"key":"AttackPotion"}],"is_trial":false,"path_per_floor":["M","?","M","M","M","E","?","M","T","$","E","R","M","M","R","B",null,"M","?","?","M","M","E","?","R","T","E","?","E","R","M","R","B",null,"M","?","?","$","M","M","M","M","R","T","E","R","?","M","M","R","B",null,"R","$","E","B",null],"character_chosen":"THE_SILENT","items_purchased":["Oddly Smooth Stone","Cloak And Dagger","Infinite Blades+1","PreservedInsect","Master of Strategy","Paper Crane"],"campfire_rested":1,"item_purchase_floors":[10,38,38,38,38,53],"current_hp_per_floor":[76,77,77,77,77,54,54,54,54,54,48,48,48,48,48,6,77,69,52,52,63,63,46,44,44,44,41,41,45,45,51,51,44,77,77,72,26,26,30,41,47,70,70,77,77,77,77,77,77,77,77,77,77,70,72],"gold":91,"neow_bonus":"TEN_PERCENT_HP_BONUS","is_prod":false,"is_daily":false,"chose_seed":false,"campfire_upgraded":7,"win_rate":0,"timestamp":1543391936,"path_taken":["M","?","M","?","M","E","?","?","T","?","E","R","M","M","R","BOSS","M","?","?","M","?","E","?","R","T","E","?","E","R","M","R","BOSS","M","?","?","$","M","M","M","R","T","E","R","?","?","?","R","BOSS","R","$","E","BOSS"],"build_version":"2018-11-15","purchased_purges":0,"victory":true,"max_hp_per_floor":[77,77,77,77,77,77,77,77,77,77,77,77,77,77,77,77,77,77,77,77,77,77,77,77,77,77,77,77,77,77,77,77,77,77,77,77,77,77,77,77,77,77,77,77,77,77,77,77,77,77,77,77,77,77,77],"card_choices":[{"not_picked":["Heel Hook","Blur"],"picked":"Slice","floor":1.0},{"not_picked":["Crippling Poison","Flying Knee"],"picked":"Cloak And Dagger","floor":3.0},{"not_picked":["Bane","Dagger Spray"],"picked":"Venomology","floor":4.0},{"not_picked":["Quick Slash","PiercingWail"],"picked":"Backflip","floor":5.0},{"not_picked":["Dodge and Roll","Prepared"],"picked":"Dagger Throw","floor":6.0},{"not_picked":["Accuracy","Acrobatics"],"picked":"Dash","floor":8.0},{"not_picked":["Sucker Punch","Acrobatics"],"picked":"Burst","floor":11.0},{"not_picked":["All Out Attack","Flechettes"],"picked":"Sucker Punch","floor":13.0},{"not_picked":["Dodge and Roll","PiercingWail","Prepared"],"picked":"SKIP","floor":14.0},{"not_picked":["Malaise","Grand Finale"],"picked":"Envenom+1","floor":16.0},{"not_picked":["Eviscerate+1","Escape Plan"],"picked":"Footwork+1","floor":18.0},{"not_picked":["Predator","Underhanded Strike"],"picked":"Deflect","floor":19.0},{"not_picked":["Cloak And Dagger","Backflip"],"picked":"Well Laid Plans+1","floor":21.0},{"not_picked":["Riddle With Holes+1","Malaise"],"picked":"Cloak And Dagger","floor":22.0},{"not_picked":["PiercingWail","Wraith Form v2+1","Flechettes"],"picked":"SKIP","floor":23.0},{"not_picked":["Eviscerate","Deadly Poison"],"picked":"Sucker Punch+1","floor":27.0},{"not_picked":["Grand Finale","Skewer","Flying Knee"],"picked":"SKIP","floor":29.0},{"not_picked":["Quick Slash","Underhanded Strike+1"],"picked":"Noxious Fumes+1","floor":31.0},{"not_picked":["Corpse Explosion","Bullet Time"],"picked":"After Image+1","floor":33.0},{"not_picked":["Bouncing Flask"],"picked":"SKIP","floor":35.0},{"not_picked":[],"picked":"Secret Weapon","floor":36.0},{"not_picked":[],"picked":"Trip","floor":36.0},{"not_picked":["Predator"],"picked":"SKIP","floor":39.0},{"not_picked":[],"picked":"Slice","floor":40.0},{"not_picked":["Bane"],"picked":"SKIP","floor":41.0},{"not_picked":[],"picked":"PiercingWail+1","floor":42.0},{"not_picked":[],"picked":"Infinite Blades+1","floor":44.0},{"not_picked":[],"picked":"PiercingWail+1","floor":47.0},{"not_picked":[],"picked":"After Image+1","floor":48.0},{"not_picked":[],"picked":"Backflip+1","floor":54.0}],"player_experience":619878,"relics_obtained":[{"floor":6.0,"key":"The Specimen"},{"floor":11.0,"key":"Frozen Egg 2"},{"floor":19.0,"key":"Red Mask"},{"floor":23.0,"key":"Orichalcum"},{"floor":26.0,"key":"Blood Vial"},{"floor":27.0,"key":"Dream Catcher"},{"floor":29.0,"key":"Matryoshka"},{"floor":37.0,"key":"Tingsha"},{"floor":43.0,"key":"Happy Flower"},{"floor":43.0,"key":"Whetstone"},{"floor":44.0,"key":"Regal Pillow"},{"floor":54.0,"key":"Turnip"}],"event_choices":[{"damage_healed":1.0,"max_hp_gain":0.0,"max_hp_loss":0.0,"gold_gain":0.0,"event_name":"Wheel of Change","player_choice":"Full Heal","floor":2.0,"gold_loss":0.0,"damage_taken":0.0},{"damage_healed":0.0,"max_hp_gain":0.0,"max_hp_loss":0.0,"gold_gain":0.0,"event_name":"Match and Keep!","player_choice":"4 cards matched","floor":7.0,"gold_loss":0.0,"damage_taken":0.0,"cards_obtained":["Madness","Neutralize","Escape Plan","Dagger Spray"]},{"damage_healed":0.0,"max_hp_gain":0.0,"max_hp_loss":0.0,"gold_gain":0.0,"event_name":"Masked Bandits","player_choice":"Fought Bandits","floor":19.0,"gold_loss":0.0,"damage_taken":0.0},{"damage_healed":0.0,"max_hp_gain":0.0,"max_hp_loss":0.0,"gold_gain":0.0,"event_name":"Duplicator","player_choice":"Copied","floor":20.0,"gold_loss":0.0,"damage_taken":0.0,"cards_obtained":["Footwork"]},{"damage_healed":0.0,"max_hp_gain":0.0,"max_hp_loss":0.0,"gold_gain":0.0,"event_name":"Colosseum","player_choice":"Fight","floor":24.0,"gold_loss":0.0,"damage_taken":0.0},{"damage_healed":0.0,"max_hp_gain":0.0,"max_hp_loss":0.0,"gold_gain":0.0,"event_name":"Colosseum","player_choice":"Fled From Nobs","floor":24.0,"gold_loss":0.0,"damage_taken":0.0},{"damage_healed":0.0,"max_hp_gain":0.0,"max_hp_loss":0.0,"gold_gain":0.0,"event_name":"Vampires","player_choice":"Became a vampire (Vial)","floor":28.0,"relics_lost":["Blood Vial"],"gold_loss":0.0,"damage_taken":0.0,"cards_obtained":["Bite","Bite","Bite","Bite","Bite"]},{"damage_healed":0.0,"max_hp_gain":0.0,"max_hp_loss":0.0,"gold_gain":0.0,"event_name":"SensoryStone","player_choice":"Memory 2","floor":36.0,"gold_loss":0.0,"damage_taken":5.0},{"damage_healed":0.0,"max_hp_gain":0.0,"max_hp_loss":0.0,"gold_gain":0.0,"event_name":"Mysterious Sphere","player_choice":"Fight","floor":37.0,"gold_loss":0.0,"damage_taken":0.0},{"cards_removed":["Neutralize"],"damage_healed":0.0,"max_hp_gain":0.0,"max_hp_loss":0.0,"gold_gain":0.0,"event_name":"Falling","player_choice":"Removed Attack","floor":46.0,"gold_loss":0.0,"damage_taken":0.0}],"is_beta":false,"boss_relics":[{"not_picked":["Lizard Tail","Tiny House"],"picked":"WristBlade"},{"not_picked":["Runic Pyramid","Astrolabe"],"picked":"Busted Crown"}],"items_purged_floors":[],"is_endless":false,"potions_floor_spawned":[1,4,6,13,14,18,22,24,29,33,37,39,40,41,48],"ascension_level":0}