{"gold_per_floor":[111,111,122,139,153,153,186,186,186,186,203,203,213,228,228,325,325,345,361,361,380,390,418,100,116,116,41,6,6,6,6,6,111,111,122,122,122,138,138,138,138],"floor_reached":41,"playtime":1173,"items_purged":[],"score":413,"play_id":"bc3f6d3c-ffb8-4e7b-90f9-a0e47353b9f1","local_time":"20180906123351","is_ascension_mode":false,"campfire_choices":[{"data":"Bash","floor":6.0,"key":"SMITH"},{"data":"Intimidate","floor":15,"key":"SMITH"},{"floor":32,"key":"REST"},{"data":"Double Tap","floor":40,"key":"SMITH"}],"neow_cost":"NONE","seed_source_timestamp":1560526116383275,"circlet_count":0,"master_deck":["Strike_R","Strike_R","Strike_R","Strike_R","Defend_R","Defend_R","Defend_R","Bash+1","Shrug It Off","Dropkick","Clash","Dropkick","Offering","Flame Barrier","Intimidate+1","Sword Boomerang","Double Tap+1","Pommel Strike+1","Uppercut","Thunderclap","Dropkick","Madness","Infernal Blade","Spot Weakness","Thunderclap+1","Madness","Madness"],"special_seed":0,"relics":["Burning Blood","Vajra","Juzu Bracelet","Question Card","Busted Crown","Mango","Happy Flower","Ice Cream","Nloth\u0027s Gift","Coffee Dripper"],"potions_floor_usage":[16],"damage_taken":[{"damage":0.0,"enemies":"Small Slimes","floor":1.0,"turns":4.0},{"damage":0.0,"enemies":"2 Louse","floor":3.0,"turns":4.0},{"damage":0.0,"enemies":"Cultist","floor":4.0,"turns":3.0},{"damage":25.0,"enemies":"Exordium Thugs","floor":5.0,"turns":4.0},{"damage":26.0,"enemies":"Lagavulin","floor":7.0,"turns":5.0},{"damage":14.0,"enemies":"Gremlin Gang","floor":11.0,"turns":4.0},{"damage":1,"enemies":"3 Louse","floor":13,"turns":3},{"damage":6,"enemies":"Exordium Wildlife","floor":14,"turns":3},{"damage":19,"enemies":"The Guardian","floor":16,"turns":8},{"damage":11,"enemies":"Chosen","floor":18,"turns":3},{"damage":16,"enemies":"2 Thieves","floor":19,"turns":4},{"damage":16,"enemies":"3 Cultists","floor":21,"turns":5},{"damage":12,"enemies":"Snecko","floor":22,"turns":3},{"damage":13,"enemies":"Book of Stabbing","floor":23,"turns":3},{"damage":22,"enemies":"Cultist and Chosen","floor":25,"turns":5},{"damage":18,"enemies":"Colosseum Slavers","floor":30,"turns":2},{"damage":20,"enemies":"Champ","floor":33,"turns":8},{"damage":23,"enemies":"3 Shapes","floor":35,"turns":3},{"damage":28,"enemies":"3 Darklings","floor":38,"turns":4},{"damage":48,"enemies":"Sphere and 2 Shapes","floor":41,"turns":3}],"seed_played":"947513876894252103","potions_obtained":[{"floor":3.0,"key":"SpeedPotion"},{"floor":5.0,"key":"PowerPotion"},{"floor":11.0,"key":"Swift Potion"},{"floor":16,"key":"SmokeBomb"},{"floor":21,"key":"Strength Potion"},{"floor":23,"key":"Fire Potion"},{"floor":35,"key":"Dexterity Potion"}],"is_trial":false,"path_per_floor":["M","?","M","M","M","R","E","T","T","?","M","?","M","M","R","B",null,"M","M","?","M","M","E","$","M","T","?","$","?","?","$","R","B",null,"M","?","?","M","?","R"],"character_chosen":"IRONCLAD","items_purchased":["Happy Flower","Dropkick","Madness","Spot Weakness"],"campfire_rested":1,"item_purchase_floors":[24,24,24,28],"current_hp_per_floor":[80,80,80,80,61,61,41,41,41,41,33,21,26,26,26,15,80,75,65,65,55,49,56,56,40,40,40,40,40,28,28,56,42,94,77,77,77,55,43,43,0],"gold":138,"neow_bonus":"REMOVE_CARD","is_prod":false,"is_daily":false,"chose_seed":false,"campfire_upgraded":3,"win_rate":0,"timestamp":1536258831,"path_taken":["M","?","?","M","M","R","E","?","T","?","M","?","M","M","R","BOSS","M","M","?","M","M","E","$","M","T","?","?","?","?","$","R","BOSS","M","?","?","M","?","R","M"],"build_version":"2018-08-30","purchased_purges":0,"victory":false,"max_hp_per_floor":[80,80,80,80,80,80,80,80,80,80,80,80,80,80,80,80,80,80,80,80,80,80,94,94,94,94,94,94,94,94,94,94,94,94,94,94,94,94,94,94,94],"card_choices":[{"not_picked":["Reckless Charge","Havoc"],"picked":"Shrug It Off","floor":1.0},{"not_picked":["Clash","Dual Wield"],"picked":"Dropkick","floor":3.0},{"not_picked":["Warcry","Power Through"],"picked":"Clash","floor":4.0},{"not_picked":["Evolve","Sword Boomerang"],"picked":"Dropkick","floor":5.0},{"not_picked":["Cleave","Perfected Strike"],"picked":"Offering","floor":7.0},{"not_picked":["Evolve","Headbutt"],"picked":"Flame Barrier","floor":11.0},{"not_picked":["Power Through","Bloodletting","Sentinel"],"picked":"Intimidate","floor":13},{"not_picked":["Rupture","Bloodletting","Headbutt"],"picked":"Sword Boomerang","floor":14},{"not_picked":["Fiend Fire","Impervious","Immolate"],"picked":"Double Tap","floor":16},{"not_picked":["Carnage"],"picked":"Pommel Strike+1","floor":18},{"not_picked":["Corruption"],"picked":"Armaments","floor":19},{"not_picked":["Wild Strike"],"picked":"Uppercut","floor":21},{"not_picked":["Wild Strike","Entrench"],"picked":"SKIP","floor":22},{"not_picked":["Sentinel"],"picked":"Thunderclap","floor":23},{"not_picked":["True Grit"],"picked":"Infernal Blade","floor":25},{"not_picked":["Dark Embrace","Warcry+1"],"picked":"SKIP","floor":35},{"not_picked":["Pommel Strike"],"picked":"Thunderclap+1","floor":38}],"player_experience":464294,"relics_obtained":[{"floor":7.0,"key":"Vajra"},{"floor":8.0,"key":"Juzu Bracelet"},{"floor":9.0,"key":"Bird Faced Urn"},{"floor":23,"key":"Mango"},{"floor":26,"key":"Ice Cream"}],"event_choices":[{"event_name":"Liars Game","player_choice":"disagreed","floor":2.0,"damage_taken":0.0},{"event_name":"The Woman in Blue","player_choice":"Bought 0 Potions","floor":10.0,"damage_taken":0.0},{"event_name":"Scrap Ooze","player_choice":"success","floor":12,"damage_taken":12},{"event_name":"Ghosts","player_choice":"Ignored","floor":20,"damage_taken":0},{"event_name":"Beggar","player_choice":"Gave Gold","floor":27,"damage_taken":0},{"event_name":"N\u0027loth","player_choice":"Traded a Bird Faced Urn","floor":29,"damage_taken":0},{"event_name":"Colosseum","player_choice":"Fight","floor":30,"damage_taken":0},{"event_name":"Colosseum","player_choice":"Fled From Nobs","floor":30,"damage_taken":0},{"event_name":"Mysterious Sphere","player_choice":"Ignore","floor":36,"damage_taken":0},{"event_name":"Falling","player_choice":"Removed Skill","floor":37,"damage_taken":0},{"event_name":"Winding Halls","player_choice":"Embrace Madness","floor":39,"damage_taken":0}],"is_beta":false,"boss_relics":[{"not_picked":["Runic Pyramid","White Beast Statue"],"picked":"Busted Crown"},{"not_picked":["Astrolabe","Runic Cube"],"picked":"Coffee Dripper"}],"items_purged_floors":[],"is_endless":false,"potions_floor_spawned":[3,5,11,14,16,21,23,25,30,35],"killed_by":"Sphere and 2 Shapes","ascension_level":0}