{"gold_per_floor":[119,130,130,140,140,140,151,151,205,231,231,231,33,52,52,52],"floor_reached":16,"playtime":548,"items_purged":[],"score":100,"play_id":"af316be4-aa42-4b5d-b99b-e22508a9a33c","local_time":"20181201003110","is_ascension_mode":false,"campfire_choices":[{"data":"True Grit","floor":6.0,"key":"SMITH"},{"data":"Flex","floor":12,"key":"SMITH"},{"floor":15,"key":"RECALL"}],"neow_cost":"NONE","seed_source_timestamp":203616279721109,"circlet_count":0,"master_deck":["Strike_R","Strike_R","Strike_R","Strike_R","Defend_R","Defend_R","Defend_R","Bash","True Grit+1","Twin Strike","Wild Strike","Flex+1","Pommel Strike"],"special_seed":0,"relics":["Burning Blood","Dream Catcher","Juzu Bracelet","Tiny Chest","Question Card","Golden Idol","Brimstone"],"potions_floor_usage":[],"damage_taken":[{"damage":0.0,"enemies":"Small Slimes","floor":1.0,"turns":3.0},{"damage":0.0,"enemies":"Cultist","floor":2.0,"turns":4.0},{"damage":2.0,"enemies":"2 Louse","floor":4.0,"turns":3.0},{"damage":1.0,"enemies":"Looter","floor":7.0,"turns":3.0},{"damage":44,"enemies":"3 Sentries","floor":10,"turns":12},{"damage":7,"enemies":"Exordium Wildlife","floor":14,"turns":2},{"damage":43,"enemies":"The Guardian","floor":16,"turns":6}],"seed_played":"-88585629229087275","potions_obtained":[{"floor":1.0,"key":"Swift Potion"},{"floor":4.0,"key":"Explosive Potion"}],"is_trial":false,"path_per_floor":["M","M","?","M","?","R","M","?","T","E","?","R","$","M","R","B"],"character_chosen":"IRONCLAD","items_purchased":["Brimstone"],"campfire_rested":0,"item_purchase_floors":[13],"current_hp_per_floor":[80,80,80,80,73,73,78,71,71,33,33,33,33,32,32,0],"gold":52,"neow_bonus":"RANDOM_COMMON_RELIC","is_prod":false,"is_daily":false,"chose_seed":false,"campfire_upgraded":2,"win_rate":0,"timestamp":1543649470,"path_taken":["M","M","?","?","?","R","M","?","T","E","?","R","?","M","R","BOSS"],"build_version":"2018-11-15","purchased_purges":0,"victory":false,"max_hp_per_floor":[80,80,80,80,80,80,80,80,80,80,74,74,74,74,74,74],"card_choices":[{"not_picked":["Sever Soul","Fire Breathing"],"picked":"True Grit","floor":1.0},{"not_picked":["Warcry","Pommel Strike"],"picked":"Twin Strike","floor":2.0},{"not_picked":["True Grit","Clothesline"],"picked":"Wild Strike","floor":4.0},{"not_picked":["Clothesline","Thunderclap"],"picked":"Flex","floor":7.0},{"not_picked":["Sever Soul","Entrench","Blood for Blood"],"picked":"SKIP","floor":10},{"not_picked":["Body Slam","Flex","Entrench"],"picked":"Pommel Strike","floor":14}],"player_experience":652080,"relics_obtained":[{"floor":9,"key":"Tiny Chest"},{"floor":10,"key":"Question Card"}],"event_choices":[{"cards_removed":["Strike_R"],"damage_healed":0.0,"max_hp_gain":0.0,"max_hp_loss":0.0,"gold_gain":0.0,"event_name":"Bonfire Elementals","player_choice":"Offered Basic","floor":3.0,"gold_loss":0.0,"damage_taken":0.0},{"cards_removed":["Defend_R"],"damage_healed":0.0,"max_hp_gain":0.0,"max_hp_loss":0.0,"gold_gain":0.0,"event_name":"Golden Wing","player_choice":"Card Removal","floor":5.0,"gold_loss":0.0,"damage_taken":7.0},{"damage_healed":0.0,"max_hp_gain":0.0,"max_hp_loss":0.0,"gold_gain":0.0,"event_name":"Scrap Ooze","player_choice":"Success","floor":8.0,"gold_loss":0.0,"damage_taken":7.0,"relics_obtained":["Juzu Bracelet"]},{"damage_healed":0,"gold_gain":0,"player_choice":"Lose Max HP","damage_taken":0,"relics_obtained":["Golden Idol"],"max_hp_gain":0,"max_hp_loss":6,"event_name":"Golden Idol","floor":11,"gold_loss":0}],"is_beta":false,"boss_relics":[],"items_purged_floors":[],"is_endless":false,"potions_floor_spawned":[1,4],"killed_by":"The Guardian","ascension_level":0}