{"gold_per_floor":[115,115,34,48,48,79,29,29,29,29,47,47,47,71,71,175,175,188,188,113,163,103],"floor_reached":22,"playtime":650,"items_purged":["Strike_R"],"score":254,"play_id":"9b5d4e54-283b-475f-92ce-c0bb765331aa","local_time":"20190209015625","is_ascension_mode":true,"campfire_choices":[{"data":"Spot Weakness","floor":10,"key":"SMITH"},{"data":"Heavy Blade","floor":12,"key":"SMITH"},{"floor":15,"key":"REST"}],"neow_cost":"NONE","seed_source_timestamp":115564494433777,"circlet_count":0,"master_deck":["Strike_R","Strike_R","Strike_R+1","Defend_R","Defend_R","Defend_R","Defend_R","Bash","Spot Weakness+1","Iron Wave+1","Heavy Blade+1","Heavy Blade","Demon Form","Spot Weakness"],"relics":["Burning Blood","NeowsBlessing","Blue Candle","Bag of Marbles","Torii","Odd Mushroom","Sozu"],"potions_floor_usage":[16,16],"damage_taken":[{"damage":0,"enemies":"Small Slimes","floor":1,"turns":1},{"damage":0,"enemies":"2 Louse","floor":4,"turns":1},{"damage":0,"enemies":"3 Sentries","floor":6,"turns":1},{"damage":0,"enemies":"Cultist","floor":11,"turns":3},{"damage":35,"enemies":"The Mushroom Lair","floor":14,"turns":5},{"damage":57,"enemies":"Slime Boss","floor":16,"turns":9},{"damage":35,"enemies":"3 Byrds","floor":18,"turns":6},{"damage":34,"enemies":"2 Thieves","floor":22,"turns":2}],"seed_played":"83932668576683058","potions_obtained":[{"floor":4,"key":"Weak Potion"},{"floor":14,"key":"SteroidPotion"}],"is_trial":false,"path_per_floor":["?","?","?","?","?","?","?","M"],"character_chosen":"IRONCLAD","items_purchased":["Spot Weakness"],"campfire_rested":1,"item_purchase_floors":[3],"current_hp_per_floor":[80,80,80,80,73,79,79,79,79,79,80,80,64,35,59,8,62,33,33,33,33,0],"gold":103,"neow_bonus":"THREE_ENEMY_KILL","is_prod":false,"is_daily":false,"chose_seed":false,"campfire_upgraded":2,"win_rate":0,"timestamp":1549673785,"path_taken":["M","?","$","M","?","E","?","$","T","R","M","R","?","?","R","BOSS","M","?","$","?","?"],"build_version":"2019-01-23","purchased_purges":1,"victory":false,"max_hp_per_floor":[80,80,80,80,80,80,80,80,80,80,80,80,80,80,80,80,80,80,80,80,80,80],"card_choices":[{"not_picked":["Clash","Warcry","Headbutt"],"picked":"SKIP","floor":1},{"not_picked":["Headbutt","Shockwave"],"picked":"Iron Wave","floor":4},{"not_picked":["Thunderclap","Iron Wave"],"picked":"Heavy Blade","floor":6},{"not_picked":["Pommel Strike","Anger","Dropkick"],"picked":"SKIP","floor":11},{"not_picked":["Reaper","Blood for Blood"],"picked":"Heavy Blade","floor":14},{"not_picked":["Barricade","Brutality"],"picked":"Demon Form","floor":16},{"not_picked":["Ghostly Armor+1","Perfected Strike+1"],"picked":"Spot Weakness","floor":18}],"player_experience":134279,"relics_obtained":[{"floor":6,"key":"Bag of Marbles"},{"floor":9,"key":"Torii"},{"floor":14,"key":"Odd Mushroom"}],"event_choices":[{"damage_healed":0,"gold_gain":0,"player_choice":"Ignored","damage_taken":0,"max_hp_gain":0,"max_hp_loss":0,"event_name":"Liars Game","floor":2,"gold_loss":0},{"damage_healed":0,"gold_gain":0,"player_choice":"Success","damage_taken":7,"relics_obtained":["Blue Candle"],"max_hp_gain":0,"max_hp_loss":0,"event_name":"Scrap Ooze","floor":5,"gold_loss":0},{"cards_removed":["Strike_R"],"damage_healed":0,"gold_gain":0,"player_choice":"Card Removal","damage_taken":0,"max_hp_gain":0,"max_hp_loss":0,"event_name":"The Cleric","floor":7,"gold_loss":50},{"damage_healed":0,"gold_gain":0,"player_choice":"Entered Light","damage_taken":16,"max_hp_gain":0,"max_hp_loss":0,"event_name":"Shining Light","floor":13,"gold_loss":0,"cards_upgraded":["Iron Wave","Strike_R"]},{"damage_healed":0,"gold_gain":0,"player_choice":"Fought Mushrooms","damage_taken":0,"max_hp_gain":0,"max_hp_loss":0,"event_name":"Mushrooms","floor":14,"gold_loss":0},{"damage_healed":0,"gold_gain":0,"player_choice":"Ignored","damage_taken":0,"max_hp_gain":0,"max_hp_loss":0,"event_name":"Vampires","floor":19,"gold_loss":0},{"damage_healed":0,"gold_gain":100,"player_choice":"Bet on Murderer","damage_taken":0,"max_hp_gain":0,"max_hp_loss":0,"event_name":"The Joust","floor":21,"gold_loss":50}],"is_beta":false,"boss_relics":[{"not_picked":["Coffee Dripper","Ectoplasm"],"picked":"Sozu"}],"items_purged_floors":[20],"is_endless":false,"potions_floor_spawned":[4,14],"killed_by":"2 Thieves","ascension_level":5}