{"gold_per_floor":[118,130,140,150,36,36,46,77,77,77,89,104,122,122,122,223,223,196,213,213],"floor_reached":20,"playtime":1380,"items_purged":[],"score":180,"play_id":"127a4e49-dfc7-41a7-aa1f-06b32ca187ad","local_time":"20180701160329","is_ascension_mode":false,"campfire_choices":[{"data":"Sucker Punch","floor":6,"key":"SMITH"},{"data":"Infinite Blades","floor":10,"key":"SMITH"},{"floor":15,"key":"REST"}],"neow_cost":"NONE","seed_source_timestamp":429346408883763,"circlet_count":0,"master_deck":["Defend_G","Defend_G","Defend_G","Defend_G","Defend_G","Strike_G","Strike_G","Survivor","Neutralize","Infinite Blades+1","Flying Knee","Infinite Blades","Sucker Punch+1","Blade Dance","Backstab","Cloak And Dagger","Distraction","Backstab","Backflip","Outmaneuver","Phantasmal Killer","Eviscerate+1","Catalyst+1","Heel Hook+1","Endless Agony+1","Blur"],"relics":["Ring of the Snake","NeowsBlessing","Omamori","Gambling Chip","Astrolabe"],"potions_floor_usage":[],"damage_taken":[{"damage":0,"enemies":"Cultist","floor":1,"turns":1},{"damage":0,"enemies":"Jaw Worm","floor":2,"turns":1},{"damage":0,"enemies":"Small Slimes","floor":3,"turns":1},{"damage":11,"enemies":"3 Louse","floor":4,"turns":4},{"damage":0,"enemies":"2 Fungi Beasts","floor":7,"turns":3},{"damage":24,"enemies":"Lagavulin","floor":8,"turns":7},{"damage":3,"enemies":"Gremlin Gang","floor":11,"turns":6},{"damage":10,"enemies":"Large Slime","floor":12,"turns":4},{"damage":0,"enemies":"Blue Slaver","floor":13,"turns":3},{"damage":30,"enemies":"Slime Boss","floor":16,"turns":13},{"damage":23,"enemies":"2 Thieves","floor":18,"turns":5},{"damage":7,"enemies":"3 Byrds","floor":19,"turns":6},{"damage":43,"enemies":"Centurion and Healer","floor":20,"turns":11}],"seed_played":"-1563565362860495498","potions_obtained":[{"floor":2,"key":"Strength Potion"},{"floor":4,"key":"GhostInAJar"},{"floor":8,"key":"PowerPotion"},{"floor":14,"key":"Ancient Potion"}],"is_trial":false,"path_per_floor":["M","M","M","M","$","R","M","E","T","R","M","M","M","?","R","B",null,"M","M"],"character_chosen":"THE_SILENT","items_purchased":["Blade Dance","Backstab"],"campfire_rested":1,"item_purchase_floors":[5,5],"current_hp_per_floor":[70,70,70,59,59,59,59,35,35,35,32,22,22,22,43,13,70,47,40,0],"gold":213,"neow_bonus":"THREE_ENEMY_KILL","is_prod":false,"is_daily":false,"chose_seed":false,"campfire_upgraded":2,"win_rate":0.0,"timestamp":1530482609,"path_taken":["M","M","M","M","$","R","M","E","T","R","M","M","?","?","R","BOSS","M","M","M"],"build_version":"2018-06-28","purchased_purges":0,"victory":false,"max_hp_per_floor":[70,70,70,70,70,70,70,70,70,70,70,70,70,70,70,70,70,70,70,70],"card_choices":[{"not_picked":["Dodge and Roll","Prepared"],"picked":"Infinite Blades","floor":1},{"not_picked":["Prepared","Slice"],"picked":"Flying Knee","floor":2},{"not_picked":["Skewer","Dodge and Roll"],"picked":"Infinite Blades","floor":3},{"not_picked":["Calculated Gamble","Dagger Spray"],"picked":"Sucker Punch","floor":4},{"not_picked":["Riddle With Holes","Prepared"],"picked":"Cloak And Dagger","floor":7},{"not_picked":["Riddle With Holes","Bane"],"picked":"Distraction","floor":8},{"not_picked":["Skewer","Dagger Spray"],"picked":"Backstab","floor":11},{"not_picked":["Riddle With Holes","Bane"],"picked":"Backflip","floor":12},{"not_picked":["Acrobatics","Quick Slash"],"picked":"Outmaneuver","floor":13},{"not_picked":["Storm of Steel","Adrenaline"],"picked":"Phantasmal Killer","floor":16},{"not_picked":["Deadly Poison+1","Acrobatics"],"picked":"Endless Agony+1","floor":18},{"not_picked":["Dagger Throw+1","Acrobatics"],"picked":"Blur","floor":19}],"player_experience":92829,"relics_obtained":[{"floor":8,"key":"Omamori"},{"floor":9,"key":"Gambling Chip"}],"event_choices":[{"event_name":"The Lab","player_choice":"Got Potions","floor":14,"damage_taken":0}],"boss_relics":[{"not_picked":["Coffee Dripper","Philosopher\u0027s Stone"],"picked":"Astrolabe"}],"items_purged_floors":[],"is_endless":false,"potions_floor_spawned":[2,4,8,11],"killed_by":"Centurion and Healer","ascension_level":0}