{"gold_per_floor":[116,38,38,58,77,77,77,77,89,101,63,101,113,142,154,271,283,308,320,332,344,271,283,312,334,346,11,11,21,37,47,47,47],"floor_reached":33,"playtime":957,"items_purged":[],"score":343,"play_id":"313e5ee2-70b3-4904-ae2d-fd0e3f204f53","local_time":"20190317222403","is_ascension_mode":true,"campfire_choices":[{"data":"Defragment","floor":6.0,"key":"SMITH"},{"data":"Reinforced Body","floor":13.0,"key":"SMITH"},{"data":"Lockon","floor":15.0,"key":"SMITH"},{"data":"Electrodynamics","floor":23,"key":"SMITH"},{"data":"Metamorphosis","floor":28,"key":"SMITH"},{"floor":32,"key":"REST"}],"neow_cost":"NONE","seed_source_timestamp":39468384456198,"circlet_count":0,"master_deck":["Strike_B","Strike_B","Strike_B","Defend_B","Defend_B","Defend_B","Zap","Dualcast","Reinforced Body+1","Ball Lightning","Defragment+1","Lockon+1","Electrodynamics+1","Auto Shields","Loop+1","Coolheaded+1","Metamorphosis+1","Loop+1","Redo+1"],"special_seed":0,"relics":["Cracked Core","MawBank","Bag of Preparation","Question Card","Lizard Tail","Bag of Marbles","Bottled Tornado","DataDisk"],"potions_floor_usage":[30,31,33],"damage_taken":[{"damage":0.0,"enemies":"2 Louse","floor":1.0,"turns":2.0},{"damage":0.0,"enemies":"Cultist","floor":4.0,"turns":3.0},{"damage":3.0,"enemies":"Jaw Worm","floor":5.0,"turns":2.0},{"damage":6.0,"enemies":"Lagavulin","floor":12.0,"turns":5.0},{"damage":3.0,"enemies":"Blue Slaver","floor":14.0,"turns":3.0},{"damage":16.0,"enemies":"Hexaghost","floor":16.0,"turns":7.0},{"damage":0.0,"enemies":"3 Byrds","floor":18.0,"turns":2.0},{"damage":22,"enemies":"2 Thieves","floor":24,"turns":3},{"damage":20,"enemies":"Shelled Parasite and Fungi","floor":25,"turns":4},{"damage":3,"enemies":"Cultist and Chosen","floor":29,"turns":3},{"damage":21,"enemies":"Centurion and Healer","floor":30,"turns":4},{"damage":48,"enemies":"Snake Plant","floor":31,"turns":3},{"damage":51,"enemies":"Champ","floor":33,"turns":5}],"seed_played":"-5320412888813292617","potions_obtained":[{"floor":1.0,"key":"FairyPotion"},{"floor":3.0,"key":"EssenceOfSteel"},{"floor":3.0,"key":"Swift Potion"},{"floor":5.0,"key":"AttackPotion"},{"floor":16.0,"key":"Block Potion"},{"floor":29,"key":"GamblersBrew"},{"floor":30,"key":"GamblersBrew"}],"is_trial":false,"path_per_floor":["M","$","?","M","M","R","$","?","T","?","?","E","R","M","R","B",null,"M","?","$","?","?","R","M","M","T","$","R","M","M","M","R","B"],"character_chosen":"DEFECT","items_purchased":["Defragment","DataDisk","Metamorphosis"],"campfire_rested":1,"item_purchase_floors":[2,27,27],"current_hp_per_floor":[68,68,68,68,65,65,65,53,53,58,58,52,52,49,49,33,68,68,68,68,68,68,68,46,26,26,26,26,23,2,8,32,0],"gold":47,"neow_bonus":"TRANSFORM_CARD","is_prod":false,"is_daily":false,"chose_seed":false,"campfire_upgraded":5,"win_rate":0,"timestamp":1552879443,"path_taken":["M","$","?","M","?","R","$","?","T","?","?","E","R","M","R","BOSS","M","?","$","?","?","R","M","M","T","$","R","M","M","M","R","BOSS"],"build_version":"2019-01-23","purchased_purges":0,"victory":false,"max_hp_per_floor":[75,75,75,75,75,75,75,75,75,80,80,80,80,80,80,80,80,80,80,80,80,80,80,80,80,80,80,80,80,80,80,80,80],"card_choices":[{"not_picked":["Genetic Algorithm","Go for the Eyes"],"picked":"Ball Lightning","floor":1.0},{"not_picked":["Coolheaded","Reinforced Body","Leap"],"picked":"SKIP","floor":4.0},{"not_picked":["Coolheaded","Recycle","Turbo"],"picked":"SKIP","floor":5.0},{"not_picked":["Double Energy","Conserve Battery"],"picked":"Lockon","floor":12.0},{"not_picked":["Hello World","Streamline","Darkness","Chaos"],"picked":"SKIP","floor":14.0},{"not_picked":["Meteor Strike","All For One","Amplify"],"picked":"Electrodynamics","floor":16.0},{"not_picked":["Coolheaded","Tempest","Cold Snap+1"],"picked":"Auto Shields","floor":18.0},{"not_picked":["Storm","Chaos","Rebound"],"picked":"Loop+1","floor":24},{"not_picked":["Static Discharge","Gash","Compile Driver"],"picked":"Coolheaded+1","floor":25},{"not_picked":["Capacitor","Chill","Turbo"],"picked":"Loop+1","floor":29},{"not_picked":["Turbo","Rebound","Force Field","FTL"],"picked":"SKIP","floor":30},{"not_picked":["Sweeping Beam","Biased Cognition","Barrage"],"picked":"Redo+1","floor":31}],"player_experience":555339,"relics_obtained":[{"floor":9.0,"key":"Bag of Preparation"},{"floor":12.0,"key":"Question Card"},{"floor":26,"key":"Bottled Tornado"}],"event_choices":[{"damage_healed":0.0,"max_hp_gain":0.0,"max_hp_loss":0.0,"gold_gain":0.0,"event_name":"Lab","player_choice":"Got Potions","floor":3.0,"gold_loss":0.0,"damage_taken":0.0},{"damage_healed":0.0,"max_hp_gain":0.0,"max_hp_loss":0.0,"gold_gain":0.0,"event_name":"Scrap Ooze","player_choice":"Success","floor":8.0,"gold_loss":0.0,"damage_taken":12.0,"relics_obtained":["MawBank"]},{"damage_healed":0.0,"max_hp_gain":5.0,"max_hp_loss":0.0,"gold_gain":0.0,"event_name":"Big Fish","player_choice":"Donut","floor":10.0,"gold_loss":0.0,"damage_taken":0.0},{"cards_removed":["Defend_B"],"damage_healed":0.0,"max_hp_gain":0.0,"max_hp_loss":0.0,"gold_gain":0.0,"event_name":"The Cleric","player_choice":"Card Removal","floor":11.0,"gold_loss":50.0,"damage_taken":0.0},{"damage_healed":0,"gold_gain":0,"player_choice":"Ignored","damage_taken":0,"max_hp_gain":0,"max_hp_loss":0,"event_name":"Cursed Tome","floor":19,"gold_loss":0},{"damage_healed":0,"gold_gain":0,"player_choice":"Ignored","damage_taken":0,"max_hp_gain":0,"max_hp_loss":0,"event_name":"Beggar","floor":21,"gold_loss":0},{"damage_healed":0,"gold_gain":0,"player_choice":"Obtained Relic","damage_taken":0,"relics_obtained":["Bag of Marbles"],"max_hp_gain":0,"max_hp_loss":0,"event_name":"Addict","floor":22,"gold_loss":85}],"is_beta":false,"boss_relics":[{"not_picked":["White Beast Statue","Runic Pyramid"],"picked":"Lizard Tail"}],"items_purged_floors":[],"is_endless":false,"potions_floor_spawned":[1,5,16,29,30],"killed_by":"Champ","ascension_level":8}