{"gold_per_floor":[117,117,130,147,167,167,92,92,92,2,2,18,36,61,61,180,180,205,23,23,37,462,462,387,387,387,405,39,57,57],"floor_reached":30,"playtime":1618,"items_purged":["Injury","Strike_R+1"],"score":222,"play_id":"b908e095-018a-4769-83a9-d6e3f8efaa47","local_time":"20190317135224","is_ascension_mode":false,"campfire_choices":[{"floor":11,"key":"REST"},{"floor":15,"key":"REST"},{"floor":23,"key":"REST"},{"floor":25,"key":"REST"}],"neow_cost":"NONE","seed_source_timestamp":195914280194200,"circlet_count":0,"master_deck":["Strike_R+1","Strike_R+1","Strike_R+1","Defend_R+1","Defend_R+1","Defend_R+1","Defend_R+1","Bash","Shockwave+1","Headbutt","Ghostly Armor","Anger","Uppercut","Limit Break","Blood for Blood","Perfected Strike","Demon Form","Combust","Flame Barrier","Entrench","Carnage","Anger+1","Cleave","Cleave+1"],"relics":["Burning Blood","Golden Idol","StoneCalendar","Lizard Tail","Oddly Smooth Stone","Old Coin","Pantograph","Charon\u0027s Ashes","Frozen Egg 2"],"potions_floor_usage":[5,12,16,22,29,30],"damage_taken":[{"damage":11,"enemies":"Jaw Worm","floor":1,"turns":2},{"damage":4,"enemies":"Cultist","floor":3,"turns":3},{"damage":3,"enemies":"2 Louse","floor":4,"turns":2},{"damage":37,"enemies":"Exordium Wildlife","floor":5,"turns":6},{"damage":32,"enemies":"Exordium Thugs","floor":12,"turns":6},{"damage":18,"enemies":"2 Fungi Beasts","floor":13,"turns":3},{"damage":12,"enemies":"Looter","floor":14,"turns":3},{"damage":42,"enemies":"The Guardian","floor":16,"turns":9},{"damage":27,"enemies":"Spheric Guardian","floor":18,"turns":5},{"damage":31,"enemies":"Shell Parasite","floor":21,"turns":5},{"damage":29,"enemies":"Colosseum Slavers","floor":22,"turns":4},{"damage":46,"enemies":"Colosseum Nobs","floor":22,"turns":6},{"damage":50,"enemies":"Shelled Parasite and Fungi","floor":27,"turns":6},{"damage":16,"enemies":"3 Cultists","floor":29,"turns":6},{"damage":21,"enemies":"Snake Plant","floor":30,"turns":4}],"seed_played":"6704645120203007272","potions_obtained":[{"floor":3,"key":"Weak Potion"},{"floor":13,"key":"Explosive Potion"},{"floor":14,"key":"Block Potion"},{"floor":27,"key":"Dexterity Potion"},{"floor":29,"key":"FearPotion"}],"is_trial":false,"path_per_floor":["M","?","M","M","M","?","$","?","T","$","R","M","M","M","R","B",null,"M","$","?","M","?","R","?","R","T","M","$","M","M"],"character_chosen":"IRONCLAD","items_purchased":["Uppercut","FearPotion","Flame Barrier","Oddly Smooth Stone","Cleave","Frozen Egg 2"],"campfire_rested":4,"item_purchase_floors":[10,10,19,19,28,28],"current_hp_per_floor":[83,83,85,88,57,57,57,57,57,57,83,57,45,39,65,29,88,67,67,67,42,23,49,49,75,75,31,31,21,0],"gold":57,"neow_bonus":"TEN_PERCENT_HP_BONUS","is_prod":false,"is_daily":false,"chose_seed":false,"campfire_upgraded":0,"win_rate":0.0,"timestamp":1552845144,"path_taken":["M","?","M","M","?","?","$","?","T","?","R","M","M","?","R","BOSS","M","$","?","M","?","R","?","R","T","M","?","?","M"],"build_version":"2019-01-23","purchased_purges":2,"victory":false,"max_hp_per_floor":[88,88,88,88,88,88,88,88,88,88,88,88,88,88,88,88,88,88,88,88,88,88,88,88,88,88,88,88,88,88],"card_choices":[{"not_picked":["Shrug It Off","Armaments"],"picked":"Shockwave","floor":1},{"not_picked":["Shrug It Off","Body Slam"],"picked":"Headbutt","floor":3},{"not_picked":["Anger","Flex"],"picked":"Ghostly Armor","floor":4},{"not_picked":["Clash","Second Wind"],"picked":"Anger","floor":5},{"not_picked":["Pommel Strike","Shrug It Off"],"picked":"Limit Break","floor":12},{"not_picked":["Shrug It Off","Havoc"],"picked":"Blood for Blood","floor":13},{"not_picked":["Heavy Blade","Shockwave"],"picked":"Perfected Strike","floor":14},{"not_picked":["Offering","Bludgeon"],"picked":"Demon Form","floor":16},{"not_picked":["Armaments","Iron Wave"],"picked":"Combust","floor":18},{"not_picked":["Combust","Body Slam"],"picked":"Entrench","floor":21},{"not_picked":["Armaments","Spot Weakness"],"picked":"Carnage","floor":22},{"not_picked":["Warcry+1","Body Slam"],"picked":"Anger+1","floor":27},{"not_picked":["Spot Weakness","Iron Wave"],"picked":"Cleave+1","floor":29}],"player_experience":70447,"relics_obtained":[{"floor":9,"key":"StoneCalendar"},{"floor":22,"key":"Old Coin"},{"floor":22,"key":"Pantograph"},{"floor":26,"key":"Charon\u0027s Ashes"}],"event_choices":[{"damage_healed":0,"gold_gain":0,"player_choice":"Forge","damage_taken":0,"max_hp_gain":0,"max_hp_loss":0,"event_name":"Accursed Blacksmith","floor":2,"gold_loss":0,"cards_upgraded":["Shockwave"]},{"damage_healed":0,"gold_gain":0,"player_choice":"Take Wound","damage_taken":0,"relics_obtained":["Golden Idol"],"max_hp_gain":0,"max_hp_loss":0,"event_name":"Golden Idol","floor":6,"gold_loss":0,"cards_obtained":["Injury"]},{"damage_healed":0,"gold_gain":0,"player_choice":"Ignored","damage_taken":0,"max_hp_gain":0,"max_hp_loss":0,"event_name":"Golden Wing","floor":8,"gold_loss":0},{"damage_healed":0,"gold_gain":0,"player_choice":"Simplicity","damage_taken":0,"max_hp_gain":0,"max_hp_loss":0,"event_name":"Back to Basics","floor":20,"gold_loss":0,"cards_upgraded":["Strike_R","Strike_R","Strike_R","Strike_R","Strike_R","Defend_R","Defend_R","Defend_R","Defend_R"]},{"damage_healed":0,"gold_gain":0,"player_choice":"Fight","damage_taken":0,"max_hp_gain":0,"max_hp_loss":0,"event_name":"Colosseum","floor":22,"gold_loss":0},{"damage_healed":0,"gold_gain":0,"player_choice":"Fought Nobs","damage_taken":0,"max_hp_gain":0,"max_hp_loss":0,"event_name":"Colosseum","floor":22,"gold_loss":0},{"cards_removed":["Strike_R"],"damage_healed":0,"gold_gain":0,"player_choice":"Gave Gold","damage_taken":0,"max_hp_gain":0,"max_hp_loss":0,"event_name":"Beggar","floor":24,"gold_loss":75}],"is_beta":false,"boss_relics":[{"not_picked":["Cursed Key","Astrolabe"],"picked":"Lizard Tail"}],"items_purged_floors":[7,28],"is_endless":false,"potions_floor_spawned":[3,13,14,22,27,29],"killed_by":"Snake Plant","ascension_level":0}