{"gold_per_floor":[116,133,150,150,150,150,31,60,60,73,103,103,5,17,17,116,116,131,13,27,27,47,47,47,79,79,97,109,109,109],"floor_reached":30,"playtime":906,"items_purged":["Strike_B","Strike_B"],"score":324,"play_id":"c04e4fad-d36c-4c46-a5c1-af691bc70cab","local_time":"20190315170636","is_ascension_mode":true,"campfire_choices":[{"data":"Zap","floor":6,"key":"SMITH"},{"floor":12,"key":"REST"},{"floor":15,"key":"REST"},{"floor":23,"key":"REST"},{"floor":29,"key":"REST"}],"neow_cost":"NONE","seed_source_timestamp":59670104434573,"circlet_count":0,"master_deck":["Strike_B","Strike_B","Defend_B","Defend_B","Defend_B","Defend_B","Zap+1","Dualcast+1","Redo+1","Steam","Redo","Electrodynamics","Redo","Leap","Barrage","Static Discharge","Conserve Battery","BootSequence","Creative AI","Redo+1","Storm","Conserve Battery","Decay","Hyperbeam","Loop","White Noise+1"],"relics":["Cracked Core","NeowsBlessing","Gremlin Horn","Cables","Smiling Mask","Nuclear Battery","Girya","Bottled Flame","Letter Opener"],"potions_floor_usage":[14,16,30],"damage_taken":[{"damage":0,"enemies":"Cultist","floor":1,"turns":1},{"damage":0,"enemies":"Jaw Worm","floor":2,"turns":1},{"damage":0,"enemies":"Small Slimes","floor":3,"turns":1},{"damage":18,"enemies":"Gremlin Nob","floor":8,"turns":3},{"damage":0,"enemies":"Gremlin Gang","floor":10,"turns":2},{"damage":28,"enemies":"Lagavulin","floor":11,"turns":7},{"damage":0,"enemies":"3 Louse","floor":14,"turns":2},{"damage":53,"enemies":"Hexaghost","floor":16,"turns":10},{"damage":5,"enemies":"3 Byrds","floor":18,"turns":2},{"damage":17,"enemies":"Spheric Guardian","floor":20,"turns":4},{"damage":10,"enemies":"Chosen and Byrds","floor":22,"turns":3},{"damage":26,"enemies":"Gremlin Leader","floor":25,"turns":5},{"damage":7,"enemies":"3 Cultists","floor":27,"turns":3},{"damage":5,"enemies":"Centurion and Healer","floor":28,"turns":5},{"damage":55,"enemies":"Book of Stabbing","floor":30,"turns":4}],"seed_played":"-6713975363070131460","potions_obtained":[{"floor":2,"key":"EssenceOfSteel"},{"floor":3,"key":"Regen Potion"},{"floor":8,"key":"FearPotion"},{"floor":16,"key":"SteroidPotion"},{"floor":20,"key":"SteroidPotion"},{"floor":22,"key":"PowerPotion"}],"is_trial":false,"path_per_floor":["M","?","?","$","?","?","M"],"character_chosen":"DEFECT","items_purchased":["Electrodynamics","Redo","Conserve Battery","Storm"],"campfire_rested":4,"item_purchase_floors":[7,7,13,19],"current_hp_per_floor":[75,75,75,60,75,75,75,57,57,57,29,51,51,51,73,29,75,70,70,53,53,43,65,65,39,39,32,27,49,0],"gold":109,"neow_bonus":"THREE_ENEMY_KILL","is_prod":false,"is_daily":false,"chose_seed":false,"campfire_upgraded":1,"win_rate":0,"timestamp":1552665996,"path_taken":["M","?","M","?","?","R","$","E","T","M","E","R","?","M","R","BOSS","M","$","M","?","M","R","?","E","T","M","?","R","E"],"build_version":"2019-01-23","purchased_purges":2,"victory":false,"max_hp_per_floor":[75,75,75,75,75,75,75,75,75,75,75,75,75,75,75,75,75,75,75,75,75,75,75,75,75,75,75,75,75,75],"card_choices":[{"not_picked":["Steam","Streamline"],"picked":"Redo","floor":1},{"not_picked":["Hologram","Consume"],"picked":"Steam","floor":2},{"not_picked":["Recycle","Streamline"],"picked":"Redo","floor":3},{"not_picked":["Stack","Gash"],"picked":"Leap","floor":8},{"not_picked":["Compile Driver","Sunder"],"picked":"Barrage","floor":10},{"not_picked":["Gash","Cold Snap"],"picked":"Static Discharge","floor":11},{"not_picked":["Redo","Force Field"],"picked":"BootSequence","floor":14},{"not_picked":["Electrodynamics","Seek"],"picked":"Creative AI","floor":16},{"not_picked":["Beam Cell","Undo"],"picked":"Redo+1","floor":18},{"not_picked":["Leap","Cold Snap"],"picked":"Conserve Battery","floor":20},{"not_picked":["Blizzard","Static Discharge","Lockon"],"picked":"SKIP","floor":22},{"not_picked":["Redo","Reinforced Body"],"picked":"Hyperbeam","floor":25},{"not_picked":["Beam Cell","Leap"],"picked":"Loop","floor":27},{"not_picked":["Consume+1","Creative AI"],"picked":"White Noise+1","floor":28}],"player_experience":320360,"relics_obtained":[{"floor":8,"key":"Gremlin Horn"},{"floor":9,"key":"Cables"},{"floor":11,"key":"Smiling Mask"},{"floor":25,"key":"Bottled Flame"},{"floor":26,"key":"Letter Opener"}],"event_choices":[{"damage_healed":0,"gold_gain":0,"player_choice":"Entered Light","damage_taken":15,"max_hp_gain":0,"max_hp_loss":0,"event_name":"Shining Light","floor":4,"gold_loss":0,"cards_upgraded":["Dualcast","Redo"]},{"damage_healed":25,"gold_gain":0,"player_choice":"Banana","damage_taken":0,"max_hp_gain":0,"max_hp_loss":0,"event_name":"Big Fish","floor":5,"gold_loss":0},{"damage_healed":0,"gold_gain":0,"player_choice":"Smashed Altar","damage_taken":0,"max_hp_gain":0,"max_hp_loss":0,"event_name":"Forgotten Altar","floor":21,"gold_loss":0,"cards_obtained":["Decay"]},{"damage_healed":0,"gold_gain":0,"player_choice":"Gave Potion","damage_taken":0,"relics_obtained":["Girya"],"max_hp_gain":0,"max_hp_loss":0,"event_name":"WeMeetAgain","floor":24,"gold_loss":0}],"is_beta":false,"boss_relics":[{"not_picked":["Astrolabe","Runic Pyramid"],"picked":"Nuclear Battery"}],"items_purged_floors":[13,19],"is_endless":false,"potions_floor_spawned":[2,3,8,16,20,22],"killed_by":"Book of Stabbing","ascension_level":3}