{"gold_per_floor":[109,109,127,13,13,44,56,85,137,37,37,48,81,6,6,6],"floor_reached":16,"playtime":1580,"items_purged":["Strike_R","Strike_R"],"score":218,"play_id":"c883abf0-e179-4973-a9b1-2683fc494ecd","local_time":"20190320201845","is_ascension_mode":true,"campfire_choices":[{"floor":11,"key":"REST"},{"data":"Body Slam","floor":15,"key":"SMITH"}],"neow_cost":"NONE","seed_source_timestamp":1833181878690,"circlet_count":0,"master_deck":["AscendersBane","Strike_R","Strike_R","Defend_R","Defend_R","Defend_R","Defend_R","Bash","Impervious","Sever Soul","Body Slam+1","Whirlwind","Shrug It Off","Feel No Pain"],"relics":["Burning Blood","Singing Bowl","Bag of Preparation","FossilizedHelix","Dream Catcher","Potion Belt"],"potions_floor_usage":[6,16],"damage_taken":[{"damage":12,"enemies":"Jaw Worm","floor":1,"turns":2},{"damage":6,"enemies":"Cultist","floor":3,"turns":3},{"damage":30,"enemies":"3 Sentries","floor":6,"turns":9},{"damage":4,"enemies":"2 Louse","floor":7,"turns":2},{"damage":24,"enemies":"Gremlin Nob","floor":8,"turns":4},{"damage":24,"enemies":"Large Slime","floor":12,"turns":8},{"damage":9,"enemies":"3 Sentries","floor":13,"turns":11},{"damage":44,"enemies":"The Guardian","floor":16,"turns":15}],"seed_played":"4760072388549904722","potions_obtained":[{"floor":1,"key":"EssenceOfSteel"},{"floor":3,"key":"BloodPotion"},{"floor":8,"key":"Strength Potion"}],"is_trial":false,"path_per_floor":["M","?","M","$","$","E","M","E","T","$","R","M","E","?","R","B"],"character_chosen":"IRONCLAD","items_purchased":["Whirlwind"],"campfire_rested":1,"item_purchase_floors":[4],"current_hp_per_floor":[62,62,62,62,62,45,49,31,31,31,56,40,39,39,39,0],"gold":6,"neow_bonus":"ONE_RANDOM_RARE_CARD","is_prod":false,"is_daily":false,"chose_seed":false,"campfire_upgraded":1,"win_rate":0,"timestamp":1553080725,"path_taken":["M","?","M","?","$","E","M","E","T","?","R","M","E","?","R","BOSS"],"build_version":"2019-01-23","purchased_purges":2,"victory":false,"max_hp_per_floor":[75,75,75,75,75,75,77,77,77,77,79,81,83,83,83,83],"card_choices":[{"not_picked":["Twin Strike","Hemokinesis"],"picked":"Sever Soul","floor":1},{"not_picked":["Sword Boomerang","Shockwave"],"picked":"Body Slam","floor":3},{"not_picked":["Perfected Strike","Thunderclap"],"picked":"Shrug It Off","floor":6},{"not_picked":["Perfected Strike","Combust","Warcry"],"picked":"Singing Bowl","floor":7},{"not_picked":["Sever Soul","Seeing Red"],"picked":"Feel No Pain","floor":8},{"not_picked":["Clash","Berserk","Anger"],"picked":"Singing Bowl","floor":11},{"not_picked":["Blood for Blood","Intimidate","Disarm"],"picked":"Singing Bowl","floor":12},{"not_picked":["Iron Wave","Cleave","Twin Strike"],"picked":"Singing Bowl","floor":13}],"player_experience":467689,"relics_obtained":[{"floor":6,"key":"Bag of Preparation"},{"floor":8,"key":"FossilizedHelix"},{"floor":9,"key":"Dream Catcher"},{"floor":13,"key":"Potion Belt"}],"event_choices":[{"damage_healed":0,"gold_gain":0,"player_choice":"Gave Potion","damage_taken":0,"relics_obtained":["Singing Bowl"],"max_hp_gain":0,"max_hp_loss":0,"event_name":"WeMeetAgain","floor":2,"gold_loss":0},{"cards_removed":["Strike_R"],"damage_healed":0,"gold_gain":0,"player_choice":"Card Removal","damage_taken":0,"max_hp_gain":0,"max_hp_loss":0,"event_name":"The Cleric","floor":14,"gold_loss":75}],"is_beta":false,"boss_relics":[],"items_purged_floors":[4,10],"is_endless":false,"potions_floor_spawned":[1,3,8],"killed_by":"The Guardian","ascension_level":17}