{"gold_per_floor":[111,126,301,301,6,6,19,52,127,51,51,51,51,69,69,172,172,182,199,199,231,146,146,178,178,202,202,221,233,259,259,259,259],"floor_reached":33,"playtime":1716,"items_purged":["Doubt"],"score":362,"play_id":"756202eb-6e65-40bc-835f-62f3293134a9","local_time":"20190316111553","is_ascension_mode":true,"campfire_choices":[{"data":"Sunder","floor":6,"key":"SMITH"},{"floor":11,"key":"REST"},{"data":"Hello World","floor":15,"key":"SMITH"},{"floor":23,"key":"REST"},{"floor":25,"key":"REST"},{"data":"Ghostly","floor":32,"key":"SMITH"}],"neow_cost":"NONE","seed_source_timestamp":124208786249523,"circlet_count":0,"master_deck":["Zap","Dualcast","Hello World+1","Steam Power","Go for the Eyes","Sunder+1","Gash","Stack","Self Repair","Leap","All For One","FTL","Chaos","BootSequence","Reprogram","Fusion","Skim","Leap","Beam Cell","Conserve Battery+1","Rip and Tear","Ghostly+1","Ghostly","Ghostly","Ghostly","Ghostly","Sweeping Beam+1","Hyperbeam"],"relics":["Cracked Core","Strawberry","Omamori","Singing Bowl","Pandora\u0027s Box","Potion Belt","Red Mask","Pear","DataDisk","Blood Vial","Matryoshka"],"potions_floor_usage":[16,16,18],"damage_taken":[{"damage":5,"enemies":"Small Slimes","floor":1,"turns":6},{"damage":2,"enemies":"Jaw Worm","floor":2,"turns":3},{"damage":0,"enemies":"Cultist","floor":7,"turns":2},{"damage":19,"enemies":"3 Sentries","floor":8,"turns":6},{"damage":12,"enemies":"Blue Slaver","floor":14,"turns":4},{"damage":32,"enemies":"Hexaghost","floor":16,"turns":9},{"damage":2,"enemies":"Spheric Guardian","floor":18,"turns":3},{"damage":18,"enemies":"Chosen","floor":19,"turns":5},{"damage":48,"enemies":"Masked Bandits","floor":21,"turns":6},{"damage":18,"enemies":"Slavers","floor":24,"turns":4},{"damage":3,"enemies":"Snake Plant","floor":28,"turns":6},{"damage":2,"enemies":"Sentry and Sphere","floor":29,"turns":6},{"damage":3,"enemies":"Book of Stabbing","floor":30,"turns":7},{"damage":53,"enemies":"Collector","floor":33,"turns":7}],"seed_played":"3495478139764472550","potions_obtained":[{"floor":1,"key":"FearPotion"},{"floor":13,"key":"Fire Potion"},{"floor":13,"key":"LiquidBronze"},{"floor":16,"key":"SkillPotion"},{"floor":19,"key":"Regen Potion"},{"floor":21,"key":"EntropicBrew"},{"floor":24,"key":"Energy Potion"}],"is_trial":false,"path_per_floor":["?","?","?","?","?","?","?","?","M","?"],"character_chosen":"DEFECT","items_purchased":["Sunder","Strawberry","Self Repair"],"campfire_rested":3,"item_purchase_floors":[5,5,10],"current_hp_per_floor":[70,68,68,61,68,68,68,49,49,49,73,78,78,73,73,48,87,87,76,76,35,45,74,63,92,92,48,48,48,50,50,50,0],"gold":259,"neow_bonus":"TRANSFORM_CARD","is_prod":false,"is_daily":false,"chose_seed":false,"campfire_upgraded":3,"win_rate":0,"timestamp":1552731353,"path_taken":["M","M","?","?","$","R","M","E","T","$","R","?","?","M","R","BOSS","M","M","?","?","?","R","E","R","T","?","?","M","E","?","R","BOSS"],"build_version":"2019-01-23","purchased_purges":1,"victory":false,"max_hp_per_floor":[75,75,75,75,82,82,82,82,82,82,82,87,87,87,87,87,87,87,87,87,87,97,97,97,97,97,48,48,48,50,50,50,50],"card_choices":[{"not_picked":["Coolheaded","Hologram"],"picked":"Steam Power","floor":1},{"not_picked":["Tempest","Darkness"],"picked":"Go for the Eyes","floor":2},{"not_picked":["Coolheaded","Undo"],"picked":"Gash","floor":7},{"not_picked":["Ball Lightning","Redo"],"picked":"Stack","floor":8},{"not_picked":["Beam Cell","Coolheaded"],"picked":"Leap","floor":14},{"not_picked":["Machine Learning","Thunder Strike"],"picked":"All For One","floor":16},{"not_picked":["Coolheaded+1","Rebound+1"],"picked":"Leap","floor":18},{"not_picked":["Capacitor","Turbo"],"picked":"Beam Cell","floor":19},{"not_picked":["Coolheaded","Glacier"],"picked":"Conserve Battery+1","floor":21},{"not_picked":["Recycle","Tempest"],"picked":"Rip and Tear","floor":24},{"not_picked":["Stack","Blizzard"],"picked":"Sweeping Beam+1","floor":28},{"not_picked":["Blizzard","Melter"],"picked":"Hyperbeam","floor":29},{"not_picked":["Sweeping Beam","Redo","Consume"],"picked":"Singing Bowl","floor":30}],"player_experience":334656,"relics_obtained":[{"floor":8,"key":"Omamori"},{"floor":9,"key":"Singing Bowl"},{"floor":21,"key":"Red Mask"},{"floor":24,"key":"DataDisk"},{"floor":26,"key":"Blood Vial"},{"floor":30,"key":"Matryoshka"}],"event_choices":[{"damage_healed":0,"gold_gain":175,"player_choice":"AGREE","damage_taken":0,"max_hp_gain":0,"max_hp_loss":0,"event_name":"Liars Game","floor":3,"gold_loss":0,"cards_obtained":["Doubt"]},{"cards_removed":["Strike_B"],"damage_healed":0,"gold_gain":0,"player_choice":"Card Removal","damage_taken":7,"max_hp_gain":0,"max_hp_loss":0,"event_name":"Golden Wing","floor":4,"gold_loss":0},{"damage_healed":0,"gold_gain":0,"player_choice":"Donut","damage_taken":0,"max_hp_gain":5,"max_hp_loss":0,"event_name":"Big Fish","floor":12,"gold_loss":0},{"damage_healed":0,"gold_gain":0,"player_choice":"Got Potions","damage_taken":0,"max_hp_gain":0,"max_hp_loss":0,"event_name":"Lab","floor":13,"gold_loss":0},{"damage_healed":0,"gold_gain":0,"player_choice":"Opened","damage_taken":0,"relics_obtained":["Potion Belt"],"max_hp_gain":0,"max_hp_loss":0,"event_name":"The Mausoleum","floor":20,"gold_loss":0,"cards_obtained":["Writhe"]},{"damage_healed":0,"gold_gain":0,"player_choice":"Fought Bandits","damage_taken":0,"max_hp_gain":0,"max_hp_loss":0,"event_name":"Masked Bandits","floor":21,"gold_loss":0},{"damage_healed":0,"gold_gain":0,"player_choice":"Obtained Relic","damage_taken":0,"relics_obtained":["Pear"],"max_hp_gain":0,"max_hp_loss":0,"event_name":"Addict","floor":22,"gold_loss":85},{"damage_healed":0,"gold_gain":0,"player_choice":"Became a Ghost","damage_taken":0,"max_hp_gain":0,"max_hp_loss":49,"event_name":"Ghosts","floor":27,"gold_loss":0,"cards_obtained":["Ghostly","Ghostly","Ghostly","Ghostly","Ghostly"]},{"damage_healed":0,"gold_gain":0,"player_choice":"Simplicity","damage_taken":0,"max_hp_gain":0,"max_hp_loss":0,"event_name":"Back to Basics","floor":31,"gold_loss":0,"cards_upgraded":[]}],"is_beta":false,"boss_relics":[{"not_picked":["Cursed Key","Lizard Tail"],"picked":"Pandora\u0027s Box"}],"items_purged_floors":[5],"is_endless":false,"potions_floor_spawned":[1,16,19,21,24],"killed_by":"Collector","ascension_level":4}