{"gold_per_floor":[112,112,124,134,309,309,343,343,343,359,309,46,68,95,95,193,193,209,209,229,248,262,294,306,334,357,357,373,19,19,37,37,137,137,148,148,148,166,87,112,0,58,58,72,101,101,147,147,147,147],"floor_reached":51,"playtime":2491,"items_purged":[],"score":1093,"play_id":"e1cffb7a-4daa-4748-a33f-c6c03602b848","local_time":"20181016004000","is_ascension_mode":true,"campfire_choices":[{"data":"Shrug It Off","floor":6.0,"key":"SMITH"},{"data":"Immolate","floor":8.0,"key":"SMITH"},{"data":"Barricade","floor":15.0,"key":"SMITH"},{"data":"Inflame","floor":27.0,"key":"SMITH"},{"data":"Disarm","floor":32.0,"key":"SMITH"},{"data":"Limit Break","floor":46.0,"key":"SMITH"},{"data":"Metallicize","floor":49.0,"key":"SMITH"}],"neow_cost":"NONE","seed_source_timestamp":1039764894815013,"circlet_count":0,"master_deck":["Bash","Shrug It Off+1","Immolate+1","Metallicize+1","Shrug It Off","Disarm+1","Barricade+1","Pummel","Thunderclap+1","Feed","True Grit+1","Headbutt","Power Through","Inflame+1","Dropkick","Dual Wield+1","Demon Form","True Grit","Heavy Blade","Warcry","Rupture","Cleave","Clash","Wild Strike","Shockwave+1","Inflame","Shrug It Off","Hemokinesis+1","Limit Break+1","Bloodletting+1"],"special_seed":0,"relics":["Burning Blood","Centennial Puzzle","Mummified Hand","Vajra","Lantern","Odd Mushroom","Regal Pillow","Coffee Dripper","Nunchaku","Bag of Preparation","PreservedInsect","Whetstone","TheAbacus","Pandora\u0027s Box","Mango","Red Mask","Tiny Chest","Singing Bowl","Paper Frog","Ice Cream","Red Skull"],"potions_floor_usage":[50,50],"damage_taken":[{"damage":14.0,"enemies":"2 Louse","floor":1.0,"turns":3.0},{"damage":4.0,"enemies":"Small Slimes","floor":3.0,"turns":2.0},{"damage":2.0,"enemies":"Jaw Worm","floor":4.0,"turns":4.0},{"damage":11.0,"enemies":"3 Sentries","floor":7.0,"turns":5.0},{"damage":0.0,"enemies":"3 Louse","floor":10.0,"turns":1.0},{"damage":17.0,"enemies":"The Mushroom Lair","floor":13.0,"turns":3.0},{"damage":4.0,"enemies":"Gremlin Nob","floor":14.0,"turns":3.0},{"damage":2.0,"enemies":"The Guardian","floor":16.0,"turns":15.0},{"damage":6.0,"enemies":"2 Thieves","floor":18.0,"turns":4.0},{"damage":3.0,"enemies":"Shell Parasite","floor":20.0,"turns":6.0},{"damage":3.0,"enemies":"Snake Plant","floor":21.0,"turns":4.0},{"damage":4.0,"enemies":"Centurion and Healer","floor":22.0,"turns":6.0},{"damage":45.0,"enemies":"Gremlin Leader","floor":23.0,"turns":8.0},{"damage":1.0,"enemies":"Shelled Parasite and Fungi","floor":24.0,"turns":6.0},{"damage":15.0,"enemies":"Book of Stabbing","floor":25.0,"turns":5.0},{"damage":3.0,"enemies":"Snake Plant","floor":28.0,"turns":2.0},{"damage":6.0,"enemies":"Centurion and Healer","floor":31.0,"turns":6.0},{"damage":12.0,"enemies":"Champ","floor":33.0,"turns":29.0},{"damage":0.0,"enemies":"Orb Walker","floor":35.0,"turns":1.0},{"damage":7.0,"enemies":"3 Darklings","floor":38.0,"turns":2.0},{"damage":12.0,"enemies":"Nemesis","floor":40.0,"turns":3.0},{"damage":2.0,"enemies":"2 Orb Walkers","floor":42.0,"turns":3.0},{"damage":10.0,"enemies":"Transient","floor":44.0,"turns":5.0},{"damage":44.0,"enemies":"Nemesis","floor":45.0,"turns":3.0},{"damage":13.0,"enemies":"Mysterious Sphere","floor":47.0,"turns":4.0},{"damage":43,"enemies":"Awakened One","floor":50,"turns":11}],"seed_played":"-397887303632714276","potions_obtained":[{"floor":4.0,"key":"Fire Potion"},{"floor":7.0,"key":"LiquidBronze"},{"floor":10.0,"key":"EssenceOfSteel"},{"floor":13.0,"key":"Fire Potion"},{"floor":14.0,"key":"Regen Potion"},{"floor":18.0,"key":"GamblersBrew"},{"floor":20.0,"key":"Fire Potion"},{"floor":24.0,"key":"GamblersBrew"},{"floor":31.0,"key":"FairyPotion"},{"floor":33.0,"key":"PowerPotion"},{"floor":44.0,"key":"PowerPotion"}],"is_trial":false,"path_per_floor":["M","?","M","M","?","R","E","R","T","M","?","$","?","E","R","B",null,"M","?","M","M","M","E","M","E","T","R","M","$","?","M","R","B",null,"M","?","$","M","$","E","?","E","T","M","E","R","?","T","R","B"],"character_chosen":"IRONCLAD","items_purchased":["Lantern","Corruption","Pummel","Whetstone","TheAbacus","Inflame","Shrug It Off"],"campfire_rested":0,"item_purchase_floors":[12,12,12,29,29,39,39],"current_hp_per_floor":[64,64,66,70,70,70,65,65,65,71,71,71,60,62,62,66,77,77,77,80,80,83,44,52,43,43,43,46,46,46,46,46,40,75,81,81,81,80,80,88,88,92,92,90,52,52,50,50,50,13],"gold":147,"neow_bonus":"RANDOM_COMMON_RELIC","is_prod":false,"is_daily":false,"chose_seed":false,"campfire_upgraded":7,"win_rate":0,"timestamp":1539672000,"path_taken":["M","?","M","M","?","R","E","R","T","?","?","$","?","E","R","BOSS","M","?","M","M","?","E","M","E","T","R","M","$","?","?","R","BOSS","M","?","$","M","$","E","?","E","T","M","E","R","?","?","R","BOSS"],"build_version":"2018-10-11","purchased_purges":0,"victory":true,"max_hp_per_floor":[80,80,80,80,80,80,80,80,80,80,80,80,80,80,80,80,80,80,80,80,80,83,83,86,86,86,86,86,86,86,86,86,86,86,86,86,86,86,86,100,100,100,100,102,102,102,107,107,107,107],"card_choices":[{"not_picked":["Wild Strike","Bloodletting"],"picked":"Shrug It Off","floor":1.0},{"not_picked":["Armaments","Heavy Blade"],"picked":"Metallicize","floor":3.0},{"not_picked":["Carnage","Pommel Strike"],"picked":"Shrug It Off","floor":4.0},{"not_picked":["Clash","True Grit"],"picked":"Disarm","floor":7.0},{"not_picked":["Intimidate","Seeing Red"],"picked":"Barricade","floor":10.0},{"not_picked":["Combust","Iron Wave"],"picked":"Thunderclap","floor":13.0},{"not_picked":["Havoc","Disarm","Second Wind"],"picked":"SKIP","floor":14.0},{"not_picked":["Reaper","Immolate"],"picked":"Feed","floor":16.0},{"not_picked":["Hemokinesis","Sever Soul","Cleave"],"picked":"SKIP","floor":18.0},{"not_picked":["Evolve","Carnage+1"],"picked":"True Grit+1","floor":20.0},{"not_picked":["True Grit+1","Sever Soul+1"],"picked":"Headbutt","floor":21.0},{"not_picked":["True Grit","Heavy Blade"],"picked":"Power Through","floor":22.0},{"not_picked":["Thunderclap","Sword Boomerang"],"picked":"Inflame","floor":23.0},{"not_picked":["Cleave","Heavy Blade","Warcry"],"picked":"SKIP","floor":24.0},{"not_picked":["Armaments+1","Shrug It Off"],"picked":"Dropkick","floor":25.0},{"not_picked":["Armaments","Fiend Fire"],"picked":"Dual Wield+1","floor":28.0},{"not_picked":["Rampage","Hemokinesis","Perfected Strike+1"],"picked":"SKIP","floor":31.0},{"not_picked":["Fiend Fire","Bludgeon"],"picked":"Demon Form","floor":33.0},{"not_picked":["Twin Strike","Rupture"],"picked":"Shockwave+1","floor":35.0},{"not_picked":["Perfected Strike","Pommel Strike","Ghostly Armor+1"],"picked":"SKIP","floor":38.0},{"not_picked":["Cleave+1","Barricade"],"picked":"Hemokinesis+1","floor":40.0},{"not_picked":["Flex","Uppercut"],"picked":"Limit Break","floor":42.0},{"not_picked":["Thunderclap+1","Inflame","Warcry"],"picked":"Singing Bowl","floor":44.0},{"not_picked":["Armaments","Thunderclap+1"],"picked":"Bloodletting+1","floor":45.0},{"not_picked":["Wild Strike+1","Shockwave","Headbutt"],"picked":"Singing Bowl","floor":47.0}],"player_experience":520634,"relics_obtained":[{"floor":7.0,"key":"Mummified Hand"},{"floor":9.0,"key":"Vajra"},{"floor":13.0,"key":"Odd Mushroom"},{"floor":14.0,"key":"Regal Pillow"},{"floor":23.0,"key":"Nunchaku"},{"floor":25.0,"key":"Bag of Preparation"},{"floor":26.0,"key":"PreservedInsect"},{"floor":40.0,"key":"Mango"},{"floor":42.0,"key":"Tiny Chest"},{"floor":43.0,"key":"Singing Bowl"},{"floor":45.0,"key":"Paper Frog"},{"floor":47.0,"key":"Ice Cream"},{"floor":48.0,"key":"Red Skull"}],"event_choices":[{"event_name":"Living Wall","player_choice":"Change","floor":2.0,"damage_taken":0.0},{"event_name":"Liars Game","player_choice":"agreed","floor":5.0,"damage_taken":0.0},{"event_name":"The Cleric","player_choice":"Card Removal","floor":11.0,"damage_taken":0.0},{"event_name":"Mushrooms","player_choice":"Fought Mushrooms","floor":13.0,"damage_taken":0.0},{"event_name":"Purifier","player_choice":"One Purge","floor":19.0,"damage_taken":0.0},{"event_name":"Ghosts","player_choice":"Ignored","floor":30.0,"damage_taken":0.0},{"event_name":"Falling","player_choice":"Removed Power","floor":36.0,"damage_taken":0.0},{"event_name":"Tomb of Lord Red Mask","player_choice":"Paid","floor":41.0,"damage_taken":0.0},{"event_name":"Mysterious Sphere","player_choice":"Fight","floor":47.0,"damage_taken":0.0}],"is_beta":false,"boss_relics":[{"not_picked":["Ectoplasm","Runic Dome"],"picked":"Coffee Dripper"},{"not_picked":["Philosopher\u0027s Stone","Velvet Choker"],"picked":"Pandora\u0027s Box"}],"items_purged_floors":[],"is_endless":false,"potions_floor_spawned":[4,7,10,13,14,18,20,24,31,33,44],"ascension_level":6}