{"path_per_floor":["M","M","?","?","?","R","E","R","T","E","$","M","M","$","R","B",null,"M","?","M","?","M","R","?"],"character_chosen":"DEFECT","items_purchased":["Capacitor","Rip and Tear","Fruit Juice"],"gold_per_floor":[119,139,89,89,164,164,196,196,196,229,24,42,60,8,8,113,113,128,128,140,140,158,158,158,158],"floor_reached":25,"campfire_rested":1,"playtime":1585,"current_hp_per_floor":[71,71,71,71,60,60,57,57,57,53,53,53,50,50,50,15,80,46,46,17,17,12,36,36,0],"items_purged":["Strike_B"],"gold":158,"score":230,"play_id":"17b0f6c1-a7f6-4d3e-82b8-9984805f11eb","local_time":"20180508171235","is_prod":false,"is_daily":false,"chose_seed":false,"is_ascension_mode":true,"campfire_upgraded":3,"timestamp":1525817555,"path_taken":["M","M","?","?","?","R","E","R","T","E","$","M","M","?","R","BOSS","M","?","M","?","M","R","?","E"],"build_version":"2018-05-07","seed_source_timestamp":1952068779360173,"purchased_purges":2,"victory":false,"master_deck":["Strike_B","Strike_B","Defend_B","Defend_B","Defend_B","Zap+1","Dualcast","Glacier+1","Aggregate","Redo+1","Capacitor+1","Rip and Tear","Static Discharge","Fission","Chaos","Ball Lightning+1","Go for the Eyes"],"max_hp_per_floor":[75,75,75,75,75,75,75,75,75,75,75,75,75,75,75,80,80,80,80,80,80,80,80,80,80],"relics":["Cracked Core","Lantern","Bag of Preparation","Dream Catcher","Ancient Tea Set","Sozu"],"card_choices":[{"not_picked":["Beam Cell","Streamline"],"picked":"Glacier","floor":1.0},{"not_picked":["Hologram","Scrape"],"picked":"Aggregate","floor":2},{"not_picked":["Conserve Battery","Heatsinks"],"picked":"Redo","floor":7},{"not_picked":["Rebound","Stack"],"picked":"Static Discharge","floor":12},{"not_picked":["Prime","Nova"],"picked":"Fission","floor":16},{"not_picked":["Skim","Scrape"],"picked":"Chaos","floor":18},{"not_picked":["Aggregate","Hello World"],"picked":"Ball Lightning","floor":20},{"not_picked":["Aggregate","Blizzard"],"picked":"Go for the Eyes","floor":22}],"player_experience":54572,"potions_floor_usage":[10,16,16],"damage_taken":[{"damage":4.0,"enemies":"2 Louse","floor":1.0,"turns":2.0},{"damage":0,"enemies":"Small Slimes","floor":2,"turns":4},{"damage":3,"enemies":"3 Sentries","floor":7,"turns":10},{"damage":4,"enemies":"Gremlin Nob","floor":10,"turns":3},{"damage":0,"enemies":"Jaw Worm","floor":12,"turns":2},{"damage":3,"enemies":"Blue Slaver","floor":13,"turns":3},{"damage":40,"enemies":"Slime Boss","floor":16,"turns":15},{"damage":34,"enemies":"2 Thieves","floor":18,"turns":4},{"damage":29,"enemies":"3 Byrds","floor":20,"turns":5},{"damage":5,"enemies":"3 Cultists","floor":22,"turns":6},{"damage":43,"enemies":"Gremlin Leader","floor":25,"turns":8}],"event_choices":[{"event_name":"The Cleric","player_choice":"Card Removal","floor":3,"damage_taken":0},{"event_name":"Living Wall","player_choice":"Grow","floor":4,"damage_taken":0},{"event_name":"World of Goop","player_choice":"Gather Gold","floor":5,"damage_taken":0},{"event_name":"Drug Dealer","player_choice":"Ignored","floor":19,"damage_taken":0},{"event_name":"Purifier","player_choice":"One Purge","floor":21,"damage_taken":0},{"event_name":"Cursed Tome","player_choice":"Ignored","floor":24,"damage_taken":0}],"boss_relics":[{"not_picked":["Black Star","Philosopher\u0027s Stone"],"picked":"Sozu"}],"potions_floor_spawned":[2,12,20,22],"seed_played":"7158925168661596019","killed_by":"Gremlin Leader","ascension_level":2,"is_trial":false}