{"gold_per_floor":[115,115,115,132,147,179,179,199,199,215,228,256,22,0],"floor_reached":14,"playtime":490,"items_purged":["Strike_R"],"score":102,"play_id":"ce1d68f2-b440-4eab-b120-dc3013387276","local_time":"20180730140628","is_ascension_mode":false,"campfire_choices":[{"data":"Rampage","floor":7,"key":"SMITH"}],"neow_cost":"TEN_PERCENT_HP_LOSS","seed_source_timestamp":1345281356091998,"circlet_count":0,"master_deck":["Strike_R","Strike_R","Strike_R","Defend_R","Defend_R","Defend_R","Bash","Thunderclap","Rampage+1","Dropkick","Dropkick","Warcry","Feed"],"relics":["Burning Blood"],"potions_floor_usage":[10,12,12],"damage_taken":[{"damage":5,"enemies":"Small Slimes","floor":1,"turns":3},{"damage":6,"enemies":"Cultist","floor":4,"turns":3},{"damage":2,"enemies":"2 Louse","floor":5,"turns":3},{"damage":33,"enemies":"3 Sentries","floor":6,"turns":9},{"damage":14,"enemies":"Blue Slaver","floor":8,"turns":3},{"damage":11,"enemies":"Lots of Slimes","floor":10,"turns":4},{"damage":16,"enemies":"2 Fungi Beasts","floor":11,"turns":3},{"damage":21,"enemies":"Lagavulin","floor":12,"turns":4},{"damage":17,"enemies":"Exordium Thugs","floor":14,"turns":2}],"seed_played":"-4841099186160879548","potions_obtained":[{"floor":5,"key":"LiquidBronze"},{"floor":8,"key":"GamblersBrew"},{"floor":11,"key":"SteroidPotion"}],"is_trial":false,"path_per_floor":["M","?","?","M","M","E","R","M","T","M","M","E","$"],"character_chosen":"IRONCLAD","items_purchased":["Feed"],"campfire_rested":0,"item_purchase_floors":[13],"current_hp_per_floor":[72,72,77,77,77,50,50,42,42,37,27,12,12,0],"gold":0,"neow_bonus":"REMOVE_TWO","is_prod":false,"is_daily":false,"chose_seed":false,"campfire_upgraded":1,"win_rate":0,"timestamp":1532981188,"path_taken":["M","?","?","M","M","E","R","?","T","M","M","E","?","M"],"build_version":"2018-07-26","purchased_purges":1,"victory":false,"max_hp_per_floor":[72,72,77,77,77,77,77,77,77,77,77,77,77,77],"card_choices":[{"not_picked":["True Grit","Rage","Wild Strike"],"picked":"SKIP","floor":1},{"not_picked":["Reckless Charge","Second Wind"],"picked":"Thunderclap","floor":4},{"not_picked":["Combust","Blood for Blood"],"picked":"Rampage","floor":5},{"not_picked":["Thunderclap","Blood for Blood"],"picked":"Dropkick","floor":6},{"not_picked":["Clothesline","Anger"],"picked":"Dropkick","floor":8},{"not_picked":["True Grit","Havoc","Heavy Blade"],"picked":"SKIP","floor":10},{"not_picked":["Fire Breathing","Body Slam"],"picked":"Warcry","floor":11},{"not_picked":["Flame Barrier","Clothesline","Perfected Strike"],"picked":"SKIP","floor":12}],"player_experience":297085,"relics_obtained":[],"event_choices":[{"event_name":"Golden Idol","player_choice":"Ignored","floor":2,"damage_taken":0},{"event_name":"Big Fish","player_choice":"Donut","floor":3,"damage_taken":0}],"is_beta":false,"boss_relics":[],"items_purged_floors":[13],"is_endless":false,"potions_floor_spawned":[5,8,11],"killed_by":"Exordium Thugs","ascension_level":0}