{"gold_per_floor":[114,64,64,81,97,97,132,132,132,106,121,121,131,131,131,131],"floor_reached":16,"playtime":514,"items_purged":[],"score":125,"play_id":"61a92873-ef98-41dc-9977-c3bde2424c12","local_time":"20181009132458","is_ascension_mode":true,"campfire_choices":[{"data":"Caltrops","floor":6,"key":"SMITH"},{"floor":12,"key":"REST"},{"data":"Flash of Steel","floor":15,"key":"SMITH"}],"neow_cost":"NONE","seed_source_timestamp":483694565309365,"circlet_count":0,"master_deck":["Defend_G","Defend_G","Defend_G","Defend_G","Strike_G","Strike_G","Strike_G","Strike_G","Survivor","Neutralize","Blade Dance","Blade Dance","Flash of Steel+1","Caltrops+1","Cloak And Dagger","Night Terror","Flying Knee","Blur","Calculated Gamble"],"relics":["Ring of the Snake","Mummified Hand","Matryoshka","CultistMask"],"potions_floor_usage":[],"damage_taken":[{"damage":3,"enemies":"Small Slimes","floor":1,"turns":4},{"damage":3,"enemies":"Jaw Worm","floor":4,"turns":4},{"damage":0,"enemies":"Cultist","floor":5,"turns":3},{"damage":48,"enemies":"Gremlin Nob","floor":7,"turns":5},{"damage":1,"enemies":"3 Louse","floor":11,"turns":3},{"damage":12,"enemies":"Gremlin Gang","floor":13,"turns":6},{"damage":30,"enemies":"Slime Boss","floor":16,"turns":7}],"seed_played":"2944668150424595332","potions_obtained":[{"floor":4,"key":"Swift Potion"},{"floor":13,"key":"Dexterity Potion"}],"is_trial":false,"path_per_floor":["M","?","?","M","M","R","E","?","T","$","M","R","M","?","R"],"character_chosen":"THE_SILENT","items_purchased":["Flying Knee"],"campfire_rested":1,"item_purchase_floors":[10],"current_hp_per_floor":[67,67,67,64,64,64,16,16,16,16,15,36,24,24,24,0],"gold":131,"neow_bonus":"TRANSFORM_CARD","is_prod":false,"is_daily":false,"chose_seed":false,"campfire_upgraded":2,"win_rate":0,"timestamp":1539113098,"path_taken":["M","?","?","M","M","R","E","?","T","?","M","R","?","?","R","BOSS"],"build_version":"2018-10-04v2","purchased_purges":0,"victory":false,"max_hp_per_floor":[70,70,70,70,70,70,70,70,70,70,70,70,70,70,70,70],"card_choices":[{"not_picked":["Predator","Dagger Throw"],"picked":"Blade Dance","floor":1},{"not_picked":["Poisoned Stab","Catalyst"],"picked":"Caltrops","floor":4},{"not_picked":["Slice","Doppelganger"],"picked":"Cloak And Dagger","floor":5},{"not_picked":["Crippling Poison","Masterful Stab"],"picked":"Night Terror","floor":7},{"not_picked":["Slice","Skewer"],"picked":"Blur","floor":11},{"not_picked":["Dodge and Roll","Underhanded Strike"],"picked":"Calculated Gamble","floor":13}],"player_experience":507125,"relics_obtained":[{"floor":7,"key":"Mummified Hand"},{"floor":9,"key":"Matryoshka"}],"event_choices":[{"event_name":"The Cleric","player_choice":"Card Removal","floor":2,"damage_taken":0},{"event_name":"Match and Keep!","player_choice":"1 cards matched","floor":3,"damage_taken":0},{"event_name":"The Woman in Blue","player_choice":"Bought 0 Potions","floor":8,"damage_taken":0},{"event_name":"FaceTrader","player_choice":"Trade","floor":14,"damage_taken":0}],"is_beta":false,"boss_relics":[],"items_purged_floors":[],"is_endless":false,"potions_floor_spawned":[4,13],"killed_by":"Slime Boss","ascension_level":5}