{"path_per_floor":["M","?","M","$","M","R","M","M","T","$","M","$","?","M","R"],"character_chosen":"DEFECT","items_purchased":["Capacitor","Sunder"],"gold_per_floor":[115,65,84,37,57,57,75,95,119,119,135,55,81,100,100,100],"floor_reached":16,"campfire_rested":1,"playtime":969,"current_hp_per_floor":[72,72,71,71,71,71,65,50,50,50,25,25,12,10,32,0],"items_purged":[],"gold":100,"score":94,"play_id":"3621b096-b024-47c8-9d26-9f8b23aaa493","local_time":"20180504230250","is_prod":false,"is_daily":false,"chose_seed":false,"is_ascension_mode":false,"campfire_upgraded":1,"timestamp":1525492970,"path_taken":["M","?","M","$","?","R","M","M","T","$","M","?","?","M","R","BOSS"],"build_version":"2018-05-03","seed_source_timestamp":1628104803562811,"purchased_purges":0,"victory":false,"master_deck":["Strike_B","Strike_B","Strike_B","Defend_B","Defend_B","Defend_B","Defend_B","Zap","Dualcast","Beam Cell","Storm+1","Capacitor","Capacitor","Go for the Eyes","Ball Lightning","Sunder","Undo"],"max_hp_per_floor":[75,75,75,75,75,75,75,75,75,75,75,75,75,75,75,75],"relics":["Cracked Core","Vajra","Odd Mushroom"],"card_choices":[{"not_picked":["Hologram","Aggregate"],"picked":"Beam Cell","floor":1.0},{"not_picked":["Streamline","Beam Cell"],"picked":"Storm","floor":3.0},{"not_picked":["Axe Kick","Beam Cell"],"picked":"Capacitor","floor":7.0},{"not_picked":["Sweeping Beam","Loop"],"picked":"Go for the Eyes","floor":8.0},{"not_picked":["Streamline","Echo Form"],"picked":"Ball Lightning","floor":11},{"not_picked":["Chill","Go for the Eyes"],"picked":"Undo","floor":14}],"player_experience":37001,"potions_floor_usage":[16,16],"damage_taken":[{"damage":3.0,"enemies":"Jaw Worm","floor":1.0,"turns":3.0},{"damage":1.0,"enemies":"Cultist","floor":3.0,"turns":3.0},{"damage":0.0,"enemies":"2 Louse","floor":5.0,"turns":3.0},{"damage":6.0,"enemies":"Exordium Wildlife","floor":7.0,"turns":5.0},{"damage":15.0,"enemies":"Gremlin Gang","floor":8.0,"turns":4.0},{"damage":25.0,"enemies":"Lots of Slimes","floor":11.0,"turns":4.0},{"damage":13,"enemies":"The Mushroom Lair","floor":13,"turns":4},{"damage":2,"enemies":"2 Fungi Beasts","floor":14,"turns":2},{"damage":32,"enemies":"The Guardian","floor":16,"turns":7}],"event_choices":[{"event_name":"The Cleric","player_choice":"Card Removal","floor":2.0,"damage_taken":0.0},{"event_name":"Mushrooms","player_choice":"Fought Mushrooms","floor":13,"damage_taken":0}],"boss_relics":[],"potions_floor_spawned":[5,7,11],"seed_played":"-2487085466066320862","killed_by":"The Guardian","ascension_level":0,"is_trial":false}