{"path_per_floor":["M","M","?","?","M","R","?","R","T","M","M","M","?","M","R","B",null,"M","M","?","M","$"],"character_chosen":"THE_SILENT","items_purchased":["Die Die Die","Noxious Fumes","Phantasmal Killer"],"gold_per_floor":[113,131,131,101,114,114,114,114,140,151,167,178,178,196,196,291,291,301,319,319,333,37],"floor_reached":23,"campfire_rested":0,"playtime":1610,"current_hp_per_floor":[70,70,63,63,63,63,63,63,63,54,48,44,70,70,70,27,70,41,32,32,10,10],"items_purged":[],"gold":37,"play_id":"6460f646-6b6f-4187-b21b-a537b3c69d93","is_prod":false,"is_daily":false,"campfire_rituals":0,"campfire_upgraded":3,"is_hardmode":false,"path_taken":["M","M","?","?","M","R","?","R","T","M","M","M","?","M","R","BOSS","M","?","?","?","$","E"],"build_version":"2018-01-18-PROD2","purchased_purges":0,"victory":false,"master_deck":["Defend_G","Defend_G","Defend_G","Defend_G","Strike_G","Strike_G","Strike_G","Strike_G","Survivor","Neutralize","Poisoned Stab","Dodge and Roll","Poisoned Stab","Quick Slash","Noxious Fumes","Dagger Throw","Doppelganger","Tools of the Trade","Prepared","All Out Attack","Dash","Die Die Die","Noxious Fumes","Phantasmal Killer"],"max_hp_per_floor":[70,70,70,70,70,70,70,70,70,70,70,70,70,70,70,70,70,70,70,70,70,70],"relics":["Ring of the Snake","NeowsBlessing","Orichalcum","Velvet Choker","Snake Skull"],"campfire_meditates":0,"card_choices":[{"not_picked":["Prepared","Slice"],"picked":"Poisoned Stab"},{"not_picked":["Poisoned Stab","Malaise"],"picked":"Dodge and Roll"},{"not_picked":["Crippling Poison","Prepared"],"picked":"Poisoned Stab"},{"not_picked":["Blur","Calculated Gamble"],"picked":"Quick Slash"},{"not_picked":["Outmaneuver","Backflip"],"picked":"Noxious Fumes"},{"not_picked":["Crippling Poison","PiercingWail"],"picked":"Dagger Throw"},{"not_picked":["Deadly Poison","Dagger Throw"],"picked":"Doppelganger"},{"not_picked":["Venomology","After Image"],"picked":"Tools of the Trade"},{"not_picked":["Distraction","Backflip"],"picked":"Prepared"},{"not_picked":["Deflect","PiercingWail"],"picked":"All Out Attack"},{"not_picked":["Quick Slash","Sucker Punch"],"picked":"Dash"}],"player_experience":5176,"potions_floor_usage":[16],"damage_taken":[{"damage":0,"enemies":"Small Slimes","floor":1,"turns":1},{"damage":0,"enemies":"Jaw Worm","floor":2,"turns":1},{"damage":0,"enemies":"Blue Slaver","floor":5,"turns":1},{"damage":9,"enemies":"Lots of Slimes","floor":10,"turns":5},{"damage":6,"enemies":"Looter","floor":11,"turns":3},{"damage":4,"enemies":"Red Slaver","floor":12,"turns":3},{"damage":0,"enemies":"Large Slime","floor":14,"turns":5},{"damage":43,"enemies":"Hexaghost","floor":16,"turns":8},{"damage":29,"enemies":"3 Byrds","floor":18,"turns":6},{"damage":9,"enemies":"Spheric Guardian","floor":19,"turns":5},{"damage":22,"enemies":"Snake Plant","floor":21,"turns":4},{"damage":10,"enemies":"Gremlin Leader","floor":23,"turns":2}],"event_choices":[{"event_name":"Golden Wing","player_choice":"Card Removal","floor":3,"damage_taken":0},{"event_name":"The Woman in Blue","player_choice":"Bought 2 Potions","floor":4,"damage_taken":0},{"event_name":"Bonfire Elementals","player_choice":"BASIC","floor":7,"damage_taken":0},{"event_name":"Wheel of Change","player_choice":"Full Heal","floor":13,"damage_taken":0},{"event_name":"The Mausoleum","player_choice":"Yes","floor":20,"damage_taken":0}],"boss_relics":[{"not_picked":["Philosopher\u0027s Stone","Runic Pyramid"],"picked":"Velvet Choker"}],"potions_floor_spawned":[2,5,14,16,18,21],"seed_played":"-8097702602793683631","killed_by":"Gremlin Leader","is_trial":false}