{"path_per_floor":["M","?","$","M","M","R","M","R","T","M","M","R","?","?","R","B",null,"M","M"],"character_chosen":"THE_SILENT","items_purchased":["Escape Plan"],"gold_per_floor":[117,117,82,94,106,106,119,119,119,130,146,146,207,207,207,307,307,320,245],"floor_reached":20,"campfire_rested":3,"playtime":2053,"current_hp_per_floor":[70,70,70,56,51,51,44,65,65,37,31,52,43,43,64,4,70,48,16],"items_purged":[],"gold":245,"play_id":"e3ee69eb-0fc0-4233-b058-752811c4f922","is_prod":false,"is_daily":false,"campfire_rituals":0,"campfire_upgraded":1,"is_hardmode":false,"path_taken":["M","?","?","M","M","R","M","R","T","?","?","R","?","?","R","BOSS","M","M","M"],"build_version":"2018-01-11-PROD2","purchased_purges":0,"victory":false,"master_deck":["Defend_G","Defend_G","Defend_G","Defend_G","Defend_G","Strike_G","Strike_G","Strike_G","Strike_G","Strike_G","Survivor","Neutralize","Dagger Spray","Escape Plan","After Image","Backflip","Bullet Time","Skewer","Backstab","Bouncing Flask","Envenom","Poisoned Stab","Masterful Stab"],"max_hp_per_floor":[70,70,70,70,70,70,70,70,70,70,70,70,70,70,70,70,70,70,70],"relics":["Ring of the Snake","Calipers","Centennial Puzzle","Eternal Feather"],"campfire_meditates":0,"card_choices":[{"not_picked":["Sucker Punch","Poisoned Stab"],"picked":"Dagger Spray"},{"not_picked":["Backstab","Dagger Spray"],"picked":"After Image"},{"not_picked":["Acrobatics","Prepared"],"picked":"Backflip"},{"not_picked":["Slice","Sucker Punch"],"picked":"Bullet Time"},{"not_picked":["Deadly Poison","Dodge and Roll"],"picked":"Skewer"},{"not_picked":["Slice","PiercingWail"],"picked":"Backstab"},{"not_picked":["Quick Slash","Deflect"],"picked":"Bouncing Flask"},{"not_picked":["Unload","Bullet Time"],"picked":"Envenom"},{"not_picked":["Terror","Eviscerate"],"picked":"Poisoned Stab"},{"not_picked":["Deadly Poison","Choke"],"picked":"Masterful Stab"}],"player_experience":1116,"potions_floor_usage":[],"damage_taken":[{"damage":0.0,"enemies":"2 Louse","floor":1.0,"turns":4.0},{"damage":14.0,"enemies":"Jaw Worm","floor":4.0,"turns":5.0},{"damage":5.0,"enemies":"Blue Slaver","floor":5.0,"turns":6.0},{"damage":7.0,"enemies":"Lots of Slimes","floor":7.0,"turns":5.0},{"damage":28.0,"enemies":"Gremlin Gang","floor":10.0,"turns":6.0},{"damage":6.0,"enemies":"2 Fungi Beasts","floor":11.0,"turns":4.0},{"damage":9.0,"enemies":"3 Sentries","floor":13.0,"turns":6.0},{"damage":60.0,"enemies":"Hexaghost","floor":16.0,"turns":12.0},{"damage":22.0,"enemies":"Chosen","floor":18.0,"turns":7.0},{"damage":32.0,"enemies":"2 Thieves","floor":19.0,"turns":5.0},{"damage":21,"enemies":"Sentry and Sphere","floor":20,"turns":5}],"event_choices":[{"event_name":"Liars Game","player_choice":"disagreed","floor":2.0,"damage_taken":0.0},{"event_name":"Dead Adventurer","player_choice":"Searched \u00272\u0027 times","floor":13.0,"damage_taken":0.0},{"event_name":"Upgrade Shrine","player_choice":"Upgraded","floor":14.0,"damage_taken":0.0}],"boss_relics":[],"potions_floor_spawned":[5,7,13],"seed_played":"7614489069897240257","killed_by":"Sentry and Sphere","is_trial":false}