{"gold_per_floor":[109,109,109,34,34,34,68,86,86,141,141,141,27,52,52,128,128,143,0,0,0,0],"floor_reached":22,"playtime":1115,"items_purged":["Strike_R","Strike_R"],"score":380,"play_id":"5720c551-22f8-4f8c-a014-fd4f05c84e18","local_time":"20190320170637","is_ascension_mode":true,"campfire_choices":[{"data":"Bash","floor":6.0,"key":"SMITH"},{"data":"True Grit","floor":12.0,"key":"SMITH"},{"data":"Evolve","floor":15.0,"key":"SMITH"}],"neow_cost":"NONE","seed_source_timestamp":452276043693680,"circlet_count":0,"master_deck":["AscendersBane","Strike_R","Strike_R","Defend_R","Defend_R","Defend_R","Defend_R+1","Bash+1","Dropkick","Second Wind+1","True Grit+1","Sentinel","Evolve+1","Seeing Red","Double Tap","Shame"],"special_seed":0,"relics":["Burning Blood","NeowsBlessing","Pen Nib","The Courier","Centennial Puzzle","War Paint","Peace Pipe","Philosopher\u0027s Stone","Frozen Egg 2"],"potions_floor_usage":[],"damage_taken":[{"damage":0.0,"enemies":"Jaw Worm","floor":1.0,"turns":1.0},{"damage":3.0,"enemies":"3 Sentries","floor":7.0,"turns":2.0},{"damage":3.0,"enemies":"Small Slimes","floor":8.0,"turns":2.0},{"damage":50.0,"enemies":"3 Sentries","floor":10.0,"turns":12.0},{"damage":1.0,"enemies":"Gremlin Nob","floor":14.0,"turns":3.0},{"damage":10.0,"enemies":"Hexaghost","floor":16.0,"turns":6.0},{"damage":9.0,"enemies":"Chosen","floor":18.0,"turns":5.0},{"damage":70,"enemies":"Spheric Guardian","floor":22,"turns":9}],"seed_played":"-807189690651624677","potions_obtained":[{"floor":1.0,"key":"SteroidPotion"},{"floor":7.0,"key":"Swift Potion"},{"floor":14.0,"key":"AttackPotion"},{"floor":18.0,"key":"SpeedPotion"}],"is_trial":false,"path_per_floor":["M","?","?","$","?","R","E","M","T","?","?","R","$","E","R","B",null,"M","?","?","$","M"],"character_chosen":"IRONCLAD","items_purchased":["Evolve"],"campfire_rested":0,"item_purchase_floors":[13],"current_hp_per_floor":[74,74,67,67,67,67,70,73,73,29,29,29,29,34,34,30,64,61,61,61,61,0],"gold":0,"neow_bonus":"THREE_ENEMY_KILL","is_prod":false,"is_daily":false,"chose_seed":false,"campfire_upgraded":3,"win_rate":0,"timestamp":1553069197,"path_taken":["M","?","?","$","?","R","E","M","T","?","?","R","$","E","R","BOSS","M","?","?","$","M"],"build_version":"2019-01-23","purchased_purges":2,"victory":false,"max_hp_per_floor":[75,75,75,75,75,75,75,75,75,75,75,75,75,75,75,75,75,75,75,75,75,75],"card_choices":[{"not_picked":["Headbutt","Cleave"],"picked":"Dropkick","floor":1.0},{"not_picked":["Heavy Blade","Havoc"],"picked":"Second Wind","floor":7.0},{"not_picked":["Pommel Strike","Iron Wave"],"picked":"True Grit","floor":8.0},{"not_picked":["Havoc","True Grit"],"picked":"Sentinel","floor":10.0},{"not_picked":["Spot Weakness","Feed"],"picked":"Seeing Red","floor":14.0},{"not_picked":["Impervious","Bludgeon"],"picked":"Double Tap","floor":16.0},{"not_picked":["Thunderclap","True Grit","Wild Strike"],"picked":"SKIP","floor":18.0}],"player_experience":461776,"relics_obtained":[{"floor":7.0,"key":"The Courier"},{"floor":9.0,"key":"Centennial Puzzle"},{"floor":14.0,"key":"Peace Pipe"}],"event_choices":[{"damage_healed":0.0,"max_hp_gain":0.0,"max_hp_loss":0.0,"gold_gain":0.0,"event_name":"Liars Game","player_choice":"Ignored","floor":2.0,"gold_loss":0.0,"damage_taken":0.0},{"cards_removed":["Strike_R"],"damage_healed":0.0,"max_hp_gain":0.0,"max_hp_loss":0.0,"gold_gain":0.0,"event_name":"Golden Wing","player_choice":"Card Removal","floor":3.0,"gold_loss":0.0,"damage_taken":7.0},{"damage_healed":0.0,"max_hp_gain":0.0,"max_hp_loss":0.0,"gold_gain":0.0,"event_name":"Big Fish","player_choice":"Box","floor":5.0,"gold_loss":0.0,"damage_taken":0.0,"relics_obtained":["Pen Nib"],"cards_obtained":["Regret"]},{"damage_healed":0.0,"max_hp_gain":0.0,"max_hp_loss":0.0,"gold_gain":30.0,"event_name":"Dead Adventurer","player_choice":"Searched \u00273\u0027 times","floor":10.0,"gold_loss":0.0,"damage_taken":0.0,"relics_obtained":["War Paint"]},{"cards_removed":["Regret"],"damage_healed":0.0,"max_hp_gain":0.0,"max_hp_loss":0.0,"gold_gain":0.0,"event_name":"Living Wall","player_choice":"Forget","floor":11.0,"gold_loss":0.0,"damage_taken":0.0},{"damage_healed":0.0,"max_hp_gain":0.0,"max_hp_loss":0.0,"gold_gain":0.0,"event_name":"Masked Bandits","player_choice":"Paid Fearfully","floor":19.0,"gold_loss":143.0,"damage_taken":0.0},{"damage_healed":0.0,"max_hp_gain":0.0,"max_hp_loss":0.0,"gold_gain":0.0,"event_name":"Addict","player_choice":"Stole Relic","floor":20.0,"gold_loss":0.0,"damage_taken":0.0,"relics_obtained":["Frozen Egg 2"],"cards_obtained":["Shame"]}],"is_beta":false,"boss_relics":[{"not_picked":["Velvet Choker","Black Blood"],"picked":"Philosopher\u0027s Stone"}],"items_purged_floors":[4,13],"is_endless":false,"potions_floor_spawned":[1,7,14,18],"killed_by":"Spheric Guardian","ascension_level":16}