{"gold_per_floor":[116,129,129,52,52,52,66,80,80,30,65,141,168,188,188,188],"floor_reached":16,"playtime":478,"items_purged":[],"score":140,"play_id":"174f424e-9e40-430d-9fd5-ce06b076ff18","local_time":"20190315215745","is_ascension_mode":true,"campfire_choices":[{"data":"Evolve","floor":6,"key":"SMITH"},{"floor":15,"key":"REST"}],"neow_cost":"NONE","seed_source_timestamp":21261651228064,"circlet_count":0,"master_deck":["Strike_R","Strike_R","Strike_R","Strike_R","Defend_R","Defend_R","Defend_R","Defend_R","Bash","Spot Weakness","Armaments+1","Evolve+1","Injury","Feel No Pain","Immolate","Body Slam","Inflame","Power Through"],"relics":["Burning Blood","Lantern","Golden Idol","Ornamental Fan","Smiling Mask","Boot","Ancient Tea Set"],"potions_floor_usage":[16,16],"damage_taken":[{"damage":0,"enemies":"2 Louse","floor":1,"turns":3},{"damage":0,"enemies":"Small Slimes","floor":2,"turns":3},{"damage":12,"enemies":"Jaw Worm","floor":7,"turns":3},{"damage":21,"enemies":"Blue Slaver","floor":8,"turns":4},{"damage":25,"enemies":"3 Sentries","floor":11,"turns":5},{"damage":20,"enemies":"3 Sentries","floor":12,"turns":4},{"damage":11,"enemies":"2 Fungi Beasts","floor":14,"turns":3},{"damage":49,"enemies":"The Guardian","floor":16,"turns":6}],"seed_played":"7564764423737648144","potions_obtained":[{"floor":1,"key":"LiquidBronze"},{"floor":7,"key":"GamblersBrew"},{"floor":11,"key":"FearPotion"}],"is_trial":false,"path_per_floor":["M","M","?","$","?","R","M","M","T","?","E","?","T","M","R","B"],"character_chosen":"IRONCLAD","items_purchased":["Evolve"],"campfire_rested":1,"item_purchase_floors":[4],"current_hp_per_floor":[78,80,80,80,80,80,74,59,59,59,40,26,26,21,45,0],"gold":188,"neow_bonus":"RANDOM_COMMON_RELIC","is_prod":false,"is_daily":false,"chose_seed":false,"campfire_upgraded":1,"win_rate":0,"timestamp":1552654665,"path_taken":["M","M","?","$","?","R","M","M","T","?","E","?","?","M","R","BOSS"],"build_version":"2019-01-23","purchased_purges":0,"victory":false,"max_hp_per_floor":[80,80,80,80,80,80,80,80,80,80,80,80,80,80,80,80],"card_choices":[{"not_picked":["Havoc","Cleave"],"picked":"Spot Weakness","floor":1},{"not_picked":["Havoc","Clothesline"],"picked":"Armaments","floor":2},{"not_picked":["Iron Wave","Twin Strike"],"picked":"Feel No Pain","floor":7},{"not_picked":["Searing Blow","Infernal Blade"],"picked":"Immolate","floor":8},{"not_picked":["Clash","Fire Breathing"],"picked":"Body Slam","floor":11},{"not_picked":["Blood for Blood","Ghostly Armor"],"picked":"Inflame","floor":12},{"not_picked":["Clothesline","Dropkick"],"picked":"Power Through","floor":14}],"player_experience":383604,"relics_obtained":[{"floor":9,"key":"Ornamental Fan"},{"floor":11,"key":"Smiling Mask"},{"floor":12,"key":"Boot"},{"floor":13,"key":"Ancient Tea Set"}],"event_choices":[{"damage_healed":0,"gold_gain":0,"player_choice":"Grow","damage_taken":0,"max_hp_gain":0,"max_hp_loss":0,"event_name":"Living Wall","floor":3,"gold_loss":0,"cards_upgraded":["Armaments"]},{"damage_healed":0,"gold_gain":0,"player_choice":"Take Wound","damage_taken":0,"relics_obtained":["Golden Idol"],"max_hp_gain":0,"max_hp_loss":0,"event_name":"Golden Idol","floor":5,"gold_loss":0,"cards_obtained":["Injury"]},{"cards_removed":["Strike_R"],"damage_healed":0,"gold_gain":0,"player_choice":"Card Removal","damage_taken":0,"max_hp_gain":0,"max_hp_loss":0,"event_name":"The Cleric","floor":10,"gold_loss":50},{"damage_healed":0,"gold_gain":0,"player_choice":"Searched \u00271\u0027 times","damage_taken":0,"max_hp_gain":0,"max_hp_loss":0,"event_name":"Dead Adventurer","floor":12,"gold_loss":0}],"is_beta":false,"boss_relics":[],"items_purged_floors":[],"is_endless":false,"potions_floor_spawned":[1,7,11],"killed_by":"The Guardian","ascension_level":8}