{"gold_per_floor":[360,373,388,80,97,97,129,129,129,142,217,217,231,251,251,350,350,362,374,299,309,49,49,72,72,72,88,102,102,116,128,128,128],"floor_reached":33,"playtime":963,"items_purged":[],"score":253,"play_id":"0377718c-bd6d-4390-a3d2-b026488586b3","local_time":"20180922011147","is_ascension_mode":false,"campfire_choices":[{"data":"Flex","floor":6.0,"key":"SMITH"},{"data":"Seeing Red","floor":8.0,"key":"SMITH"},{"data":"Heavy Blade","floor":15.0,"key":"SMITH"},{"data":"Armaments","floor":23.0,"key":"SMITH"},{"data":"Shrug It Off","floor":25.0,"key":"SMITH"},{"floor":32.0,"key":"REST"}],"neow_cost":"TEN_PERCENT_HP_LOSS","seed_source_timestamp":47143785100065,"circlet_count":0,"master_deck":["Bash","Shrug It Off+1","Thunderclap","Clothesline","Flex+1","Heavy Blade+1","Seeing Red+1","Dropkick","Metallicize+1","Sword Boomerang","Sword Boomerang","Berserk+1","Cleave","Clothesline","Body Slam","Armaments+1","Hemokinesis","Hemokinesis","Searing Blow","Pummel","Twin Strike","Thunderclap","Spot Weakness+1","Shrug It Off+1","Battle Trance"],"special_seed":0,"relics":["Burning Blood","ClockworkSouvenir","Frozen Egg 2","Question Card","Pandora\u0027s Box","Ornamental Fan","Bronze Scales","Orichalcum"],"potions_floor_usage":[33],"damage_taken":[{"damage":0.0,"enemies":"Small Slimes","floor":1.0,"turns":3.0},{"damage":0.0,"enemies":"2 Louse","floor":2.0,"turns":3.0},{"damage":7.0,"enemies":"Jaw Worm","floor":3.0,"turns":4.0},{"damage":20.0,"enemies":"Blue Slaver","floor":5.0,"turns":5.0},{"damage":18.0,"enemies":"Lagavulin","floor":7.0,"turns":3.0},{"damage":6.0,"enemies":"Exordium Wildlife","floor":10.0,"turns":3.0},{"damage":7.0,"enemies":"Gremlin Gang","floor":13.0,"turns":4.0},{"damage":1.0,"enemies":"Looter","floor":14.0,"turns":2.0},{"damage":8.0,"enemies":"Hexaghost","floor":16.0,"turns":4.0},{"damage":29.0,"enemies":"2 Thieves","floor":18.0,"turns":4.0},{"damage":6.0,"enemies":"Chosen","floor":19.0,"turns":3.0},{"damage":18.0,"enemies":"Centurion and Healer","floor":21.0,"turns":3.0},{"damage":18.0,"enemies":"3 Cultists","floor":27.0,"turns":4.0},{"damage":5.0,"enemies":"Snecko","floor":28.0,"turns":3.0},{"damage":11.0,"enemies":"Colosseum Slavers","floor":29.0,"turns":3.0},{"damage":17.0,"enemies":"Shelled Parasite and Fungi","floor":30.0,"turns":4.0},{"damage":12.0,"enemies":"Snake Plant","floor":31.0,"turns":4.0},{"damage":39,"enemies":"Champ","floor":33,"turns":11}],"seed_played":"8255678319329070547","potions_obtained":[{"floor":3.0,"key":"FearPotion"},{"floor":5.0,"key":"FearPotion"},{"floor":14.0,"key":"LiquidBronze"},{"floor":21.0,"key":"EssenceOfSteel"},{"floor":27.0,"key":"FairyPotion"}],"is_trial":false,"path_per_floor":["M","M","M","$","M","R","E","R","T","M","?","?","M","M","R","B",null,"M","M","?","M","$","R","T","R","T","M","M","?","M","M","R"],"character_chosen":"IRONCLAD","items_purchased":["ClockworkSouvenir","Flex","Heavy Blade","Ornamental Fan"],"campfire_rested":1,"item_purchase_floors":[4,4,4,22],"current_hp_per_floor":[72,72,71,71,57,57,45,45,45,45,34,27,26,31,31,29,72,49,49,49,37,37,37,37,37,37,25,26,21,10,13,34,0],"gold":128,"neow_bonus":"TWO_FIFTY_GOLD","is_prod":false,"is_daily":false,"chose_seed":false,"campfire_upgraded":5,"win_rate":0,"timestamp":1537600307,"path_taken":["M","M","M","$","M","R","E","R","T","M","?","?","?","M","R","BOSS","M","M","?","M","$","R","?","R","T","M","M","?","?","M","R","BOSS"],"build_version":"2018-09-20","purchased_purges":0,"victory":false,"max_hp_per_floor":[72,72,72,72,72,72,72,72,72,72,72,72,72,72,72,72,72,72,72,72,72,72,72,72,72,72,72,72,72,72,72,72,72],"card_choices":[{"not_picked":["Clash","Iron Wave"],"picked":"Shrug It Off","floor":1.0},{"not_picked":["Clothesline","Barricade"],"picked":"Thunderclap","floor":2.0},{"not_picked":["Warcry","Searing Blow"],"picked":"Clothesline","floor":3.0},{"not_picked":["Perfected Strike","Twin Strike"],"picked":"Seeing Red","floor":5.0},{"not_picked":["Entrench","Second Wind"],"picked":"Dropkick","floor":7.0},{"not_picked":["Shockwave","Evolve+1","Clash"],"picked":"Metallicize+1","floor":10.0},{"not_picked":["Flex","True Grit","Twin Strike"],"picked":"Sword Boomerang","floor":13.0},{"not_picked":["Pommel Strike","Barricade+1","Carnage"],"picked":"Sword Boomerang","floor":14.0},{"not_picked":["Impervious","Fiend Fire","Bludgeon"],"picked":"Berserk+1","floor":16.0},{"not_picked":["Evolve+1","Burning Pact","Second Wind","True Grit"],"picked":"SKIP","floor":18.0},{"not_picked":["Hemokinesis","Feel No Pain+1","Sever Soul"],"picked":"Pummel","floor":19.0},{"not_picked":["Heavy Blade","Searing Blow+1","Anger"],"picked":"Twin Strike","floor":21.0},{"not_picked":["Hemokinesis+1","Pommel Strike","Carnage"],"picked":"Thunderclap","floor":27.0},{"not_picked":["Clash","Clothesline+1","Havoc"],"picked":"Spot Weakness+1","floor":28.0},{"not_picked":["Anger+1","Headbutt","Impervious"],"picked":"Shrug It Off+1","floor":30.0},{"not_picked":["Body Slam","Cleave","Bloodletting+1"],"picked":"Battle Trance","floor":31.0}],"player_experience":487454,"relics_obtained":[{"floor":7.0,"key":"Frozen Egg 2"},{"floor":9.0,"key":"Question Card"},{"floor":24.0,"key":"Bronze Scales"},{"floor":26.0,"key":"Orichalcum"}],"event_choices":[{"event_name":"World of Goop","player_choice":"Gather Gold","floor":11.0,"damage_taken":0.0},{"event_name":"Golden Wing","player_choice":"Card Removal","floor":12.0,"damage_taken":0.0},{"event_name":"Beggar","player_choice":"Gave Gold","floor":20.0,"damage_taken":0.0},{"event_name":"Colosseum","player_choice":"Fight","floor":29.0,"damage_taken":0.0},{"event_name":"Colosseum","player_choice":"Fled From Nobs","floor":29.0,"damage_taken":0.0}],"is_beta":false,"boss_relics":[{"not_picked":["Snecko Eye","Runic Cube"],"picked":"Pandora\u0027s Box"}],"items_purged_floors":[],"is_endless":false,"potions_floor_spawned":[3,5,14,21,27,28],"killed_by":"Champ","ascension_level":0}