{"gold_per_floor":[112,112,187,187,115,115,147,167,221,232,252,264,277,277],"floor_reached":14,"playtime":698,"items_purged":[],"score":92,"play_id":"a87c867f-2a05-4c3f-87a1-e6149b3509b3","local_time":"20190130104758","is_ascension_mode":false,"campfire_choices":[{"data":"Sunder","floor":6,"key":"SMITH"}],"neow_cost":"NONE","seed_source_timestamp":155672229081638,"circlet_count":0,"master_deck":["Strike_B","Strike_B","Strike_B","Strike_B","Defend_B","Defend_B","Defend_B","Zap","Dualcast","Sunder+1","Fusion","Hello World","Rainbow","Lockon","Streamline","Gash","White Noise","Reprogram"],"relics":["Cracked Core","Bottled Flame","Pen Nib"],"potions_floor_usage":[14,14],"damage_taken":[{"damage":0,"enemies":"Small Slimes","floor":1,"turns":2},{"damage":30,"enemies":"Gremlin Nob","floor":7,"turns":4},{"damage":6,"enemies":"Jaw Worm","floor":8,"turns":3},{"damage":4,"enemies":"Cultist","floor":10,"turns":3},{"damage":4,"enemies":"Exordium Wildlife","floor":11,"turns":2},{"damage":7,"enemies":"3 Louse","floor":12,"turns":3},{"damage":17,"enemies":"Blue Slaver","floor":13,"turns":4},{"damage":11,"enemies":"Exordium Wildlife","floor":14,"turns":1}],"seed_played":"677664404415623449","potions_obtained":[{"floor":1,"key":"LiquidBronze"},{"floor":12,"key":"Swift Potion"},{"floor":13,"key":"FocusPotion"}],"is_trial":false,"path_per_floor":["?","?","?"],"character_chosen":"DEFECT","items_purchased":["Hello World"],"campfire_rested":0,"item_purchase_floors":[5],"current_hp_per_floor":[82,82,71,71,71,71,41,35,35,31,27,20,3,0],"gold":277,"neow_bonus":"TEN_PERCENT_HP_BONUS","is_prod":false,"is_daily":false,"chose_seed":false,"campfire_upgraded":1,"win_rate":0.0,"timestamp":1548841678,"path_taken":["M","?","?","?","$","R","E","M","T","M","M","M","M","M"],"build_version":"2019-01-23","purchased_purges":0,"victory":false,"max_hp_per_floor":[82,82,82,82,82,82,82,82,82,82,82,82,82,82],"card_choices":[{"not_picked":["Fusion","Compile Driver"],"picked":"Sunder","floor":1},{"not_picked":["Aggregate","Gash"],"picked":"Rainbow","floor":7},{"not_picked":["Blizzard","Auto Shields"],"picked":"Lockon","floor":8},{"not_picked":["Beam Cell","Capacitor"],"picked":"Streamline","floor":10},{"not_picked":["Conserve Battery","Steam Power"],"picked":"Gash","floor":11},{"not_picked":["Stack","Undo"],"picked":"White Noise","floor":12},{"not_picked":["Undo","Scrape"],"picked":"Reprogram","floor":13}],"player_experience":36033,"relics_obtained":[{"floor":7,"key":"Bottled Flame"},{"floor":9,"key":"Pen Nib"}],"event_choices":[{"damage_healed":0,"gold_gain":0,"cards_transformed":["Defend_B"],"player_choice":"Change","damage_taken":0,"max_hp_gain":0,"max_hp_loss":0,"event_name":"Living Wall","floor":2,"gold_loss":0,"cards_obtained":["Fusion"]},{"damage_healed":0,"gold_gain":75,"player_choice":"Gather Gold","damage_taken":11,"max_hp_gain":0,"max_hp_loss":0,"event_name":"World of Goop","floor":3,"gold_loss":0},{"damage_healed":0,"gold_gain":0,"player_choice":"Ignored","damage_taken":0,"max_hp_gain":0,"max_hp_loss":0,"event_name":"Purifier","floor":4,"gold_loss":0}],"is_beta":false,"boss_relics":[],"items_purged_floors":[],"is_endless":false,"potions_floor_spawned":[1,12,13],"killed_by":"Exordium Wildlife","ascension_level":0}