{"gold_per_floor":[111,129,143,143,162,162,193,213,236,5,20,20,20,35,35,137,137,155,175,274,290,290,290,290,305,305,323,323,333,43,62,62,62],"floor_reached":33,"playtime":1817,"items_purged":["Strike_G"],"score":278,"play_id":"7f57a29f-4a65-48ec-8ac4-1a3aceee1d9b","local_time":"20180718020517","is_ascension_mode":true,"campfire_choices":[{"data":"Skewer","floor":6,"key":"SMITH"},{"data":"Outmaneuver","floor":12,"key":"SMITH"},{"floor":15,"key":"REST"},{"floor":24,"key":"REST"},{"floor":28,"key":"REST"},{"floor":32,"key":"REST"}],"neow_cost":"NONE","seed_source_timestamp":264021217206233,"circlet_count":0,"master_deck":["Defend_G","Defend_G","Defend_G","Defend_G+1","Strike_G","Survivor+1","Neutralize","Poisoned Stab","Skewer+1","Expertise","Outmaneuver+1","Flying Knee","Dodge and Roll","Footwork","Tools of the Trade","Dagger Throw+1","Bane+1","Prepared+1","Concentrate","Flying Knee+1","Finisher","Madness"],"relics":["Busted Crown","Smiling Mask","Bronze Scales","Ancient Tea Set","Astrolabe","Shuriken","War Paint"],"potions_floor_usage":[7,14,29,31,33,33],"damage_taken":[{"damage":0,"enemies":"Cultist","floor":1,"turns":5},{"damage":4,"enemies":"Small Slimes","floor":2,"turns":4},{"damage":4,"enemies":"Jaw Worm","floor":3,"turns":3},{"damage":1,"enemies":"2 Fungi Beasts","floor":5,"turns":3},{"damage":21,"enemies":"Lagavulin","floor":7,"turns":7},{"damage":15,"enemies":"Exordium Wildlife","floor":8,"turns":4},{"damage":3,"enemies":"Large Slime","floor":11,"turns":4},{"damage":0,"enemies":"Gremlin Gang","floor":14,"turns":4},{"damage":11,"enemies":"Hexaghost","floor":16,"turns":8},{"damage":6,"enemies":"3 Byrds","floor":18,"turns":5},{"damage":0,"enemies":"Chosen","floor":19,"turns":4},{"damage":43,"enemies":"Slaver and Parasite","floor":21,"turns":6},{"damage":6,"enemies":"Centurion and Healer","floor":25,"turns":8},{"damage":11,"enemies":"Cultist and Chosen","floor":27,"turns":6},{"damage":7,"enemies":"Chosen and Byrds","floor":29,"turns":5},{"damage":22,"enemies":"Snake Plant","floor":31,"turns":3},{"damage":55,"enemies":"Automaton","floor":33,"turns":12}],"seed_played":"9109164551224899269","potions_obtained":[{"floor":3,"key":"PowerPotion"},{"floor":7,"key":"PowerPotion"},{"floor":11,"key":"GhostInAJar"},{"floor":13,"key":"Strength Potion"},{"floor":13,"key":"Block Potion"},{"floor":14,"key":"Ancient Potion"},{"floor":19,"key":"GhostInAJar"},{"floor":29,"key":"Dexterity Potion"},{"floor":31,"key":"Dexterity Potion"}],"is_trial":false,"path_per_floor":["M","M","M","?","M","R","E","M","T","$","M","R","?","M","R","B",null,"M","M","?","M","?","?","R","M","T","M","R","M","$","M","R"],"character_chosen":"THE_SILENT","items_purchased":["Footwork","Ancient Tea Set","Madness","War Paint"],"campfire_rested":4,"item_purchase_floors":[10,10,30,30],"current_hp_per_floor":[70,66,62,55,54,54,33,18,18,18,15,15,15,15,36,25,70,64,64,64,21,8,8,30,24,24,13,35,28,28,6,28,0],"gold":62,"neow_bonus":"BOSS_RELIC","is_prod":false,"is_daily":false,"chose_seed":false,"campfire_upgraded":2,"win_rate":0,"timestamp":1531901117,"path_taken":["M","M","?","?","M","R","E","M","T","?","M","R","?","M","R","BOSS","M","M","?","M","?","?","R","M","T","M","R","M","$","M","R","BOSS"],"build_version":"2018-07-12","purchased_purges":1,"victory":false,"max_hp_per_floor":[70,70,70,70,70,70,70,70,70,70,70,70,70,70,70,70,70,70,70,70,70,75,75,75,75,75,75,75,75,75,75,75,75],"card_choices":[{"not_picked":[],"picked":"Poisoned Stab","floor":1},{"not_picked":[],"picked":"Skewer","floor":2},{"not_picked":[],"picked":"Expertise","floor":3},{"not_picked":[],"picked":"Outmaneuver","floor":5},{"not_picked":[],"picked":"Flying Knee","floor":7},{"not_picked":[],"picked":"Dodge and Roll","floor":8},{"not_picked":["Deadly Poison"],"picked":"SKIP","floor":11},{"not_picked":[],"picked":"Tools of the Trade","floor":14},{"not_picked":[],"picked":"Concentrate","floor":18},{"not_picked":["Acrobatics"],"picked":"SKIP","floor":19},{"not_picked":[],"picked":"Flying Knee+1","floor":21},{"not_picked":["Dodge and Roll+1"],"picked":"SKIP","floor":25},{"not_picked":[],"picked":"Finisher","floor":27},{"not_picked":["Crippling Poison+1"],"picked":"SKIP","floor":29},{"not_picked":["Outmaneuver"],"picked":"SKIP","floor":31}],"player_experience":229843,"relics_obtained":[{"floor":7,"key":"Smiling Mask"},{"floor":9,"key":"Bronze Scales"},{"floor":26,"key":"Shuriken"}],"event_choices":[{"event_name":"Golden Wing","player_choice":"Card Removal","floor":4,"damage_taken":0},{"event_name":"The Lab","player_choice":"Got Potions","floor":13,"damage_taken":0},{"event_name":"Nest","player_choice":"Stole From Cult","floor":20,"damage_taken":0},{"event_name":"Forgotten Altar","player_choice":"Shed Blood","floor":22,"damage_taken":0},{"event_name":"Cursed Tome","player_choice":"Ignored","floor":23,"damage_taken":0}],"boss_relics":[{"not_picked":["Coffee Dripper","Snecko Eye"],"picked":"Astrolabe"}],"items_purged_floors":[30],"is_endless":false,"potions_floor_spawned":[3,7,11,14,16,18,19,27,29,31],"killed_by":"Automaton","ascension_level":2}