{"path_per_floor":["M","?","$","?","$","E","T","R","T","M","M","M","E","?","R","B",null,"M","?","M","?","$","E","R","M","T","R","T","M","?","M","R","B",null],"character_chosen":"DEFECT","items_purchased":["Capacitor","Ball Lightning","Magnetism","Capacitor"],"gold_per_floor":[110,110,110,110,7,37,62,62,62,82,93,110,143,143,143,248,248,258,258,275,275,38,63,63,82,82,82,82,97,97,109,109,211,211,211],"floor_reached":35,"campfire_rested":3,"playtime":1331,"current_hp_per_floor":[68,61,61,61,61,61,61,61,68,70,72,74,55,39,63,24,68,50,50,51,51,51,19,43,31,31,31,31,13,13,8,32,29,69,69],"items_purged":[],"gold":211,"score":555,"play_id":"71940fb1-09d8-48d9-bef2-154ecd125774","local_time":"20180512172056","is_prod":false,"is_daily":false,"chose_seed":false,"is_ascension_mode":true,"campfire_upgraded":2,"timestamp":1526163656,"path_taken":["M","?","$","?","$","E","?","R","T","M","?","M","E","?","R","BOSS","M","?","M","?","$","E","R","M","T","R","?","M","?","?","R","BOSS","M"],"build_version":"2018-05-12","seed_source_timestamp":323337274357260,"purchased_purges":0,"victory":false,"master_deck":["Defend_B+1","Defend_B+1","Defend_B+1","Defend_B+1","Zap","Dualcast","Chaos+1","Capacitor+1","Ball Lightning+1","Ball Lightning","Doom and Gloom","Ball Lightning","Storm+1","Redo","Buffer","Reinforced Body+1","Glacier","BootSequence+1","Bite","Bite","Bite","Bite","Bite","Magnetism","Capacitor","Static Discharge","Electrodynamics","Heatsinks+1","Streamline+1","Multi-Cast","Capacitor+1","Loop+1"],"max_hp_per_floor":[75,75,75,75,75,75,75,75,82,82,82,82,82,82,82,82,82,82,82,82,82,82,82,82,82,82,82,82,82,82,82,82,82,82,82],"relics":["Cracked Core","NeowsBlessing","Bag of Preparation","Strawberry","Shuriken","Sozu","Kunai","Bag of Marbles","Vajra","Orrery"],"card_choices":[{"not_picked":["Rebound","Go for the Eyes"],"picked":"Chaos","floor":1.0},{"not_picked":["Redo","Coolheaded"],"picked":"Ball Lightning","floor":6.0},{"not_picked":["Leap","Axe Kick"],"picked":"Doom and Gloom","floor":10.0},{"not_picked":["Skim","Sunder"],"picked":"Ball Lightning","floor":11.0},{"not_picked":["Turbo","Cold Snap"],"picked":"Storm","floor":12.0},{"not_picked":["Tempest","Stack"],"picked":"Redo","floor":13.0},{"not_picked":["Biased Cognition","Hyperbeam"],"picked":"Buffer","floor":16.0},{"not_picked":["Axe Kick+1","Streamline"],"picked":"Reinforced Body+1","floor":18.0},{"not_picked":["Hologram","Cold Snap"],"picked":"BootSequence+1","floor":20.0},{"not_picked":["Reinforced Body","Hello World+1"],"picked":"Static Discharge","floor":23.0},{"not_picked":["Rebound","Go for the Eyes"],"picked":"Electrodynamics","floor":25.0},{"not_picked":["Rebound+1","Steam"],"picked":"Heatsinks+1","floor":29.0},{"not_picked":["Ball Lightning","Rebound"],"picked":"Streamline+1","floor":31},{"not_picked":["Electrodynamics","Meteor Strike"],"picked":"Multi-Cast","floor":33},{"not_picked":["Lockon","Cold Snap"],"picked":"Capacitor+1","floor":34},{"not_picked":["Genetic Algorithm","Go for the Eyes+1"],"picked":"Loop+1","floor":34}],"player_experience":108960,"potions_floor_usage":[],"damage_taken":[{"damage":0.0,"enemies":"Jaw Worm","floor":1.0,"turns":1.0},{"damage":0.0,"enemies":"Gremlin Nob","floor":6.0,"turns":1.0},{"damage":0.0,"enemies":"2 Louse","floor":10.0,"turns":1.0},{"damage":0.0,"enemies":"Cultist","floor":11.0,"turns":3.0},{"damage":0.0,"enemies":"2 Fungi Beasts","floor":12.0,"turns":2.0},{"damage":21.0,"enemies":"3 Sentries","floor":13.0,"turns":4.0},{"damage":41.0,"enemies":"Hexaghost","floor":16.0,"turns":8.0},{"damage":20.0,"enemies":"Shell Parasite","floor":18.0,"turns":4.0},{"damage":1.0,"enemies":"Spheric Guardian","floor":20.0,"turns":3.0},{"damage":40.0,"enemies":"Slavers","floor":23.0,"turns":7.0},{"damage":22.0,"enemies":"Snake Plant","floor":25.0,"turns":4.0},{"damage":24.0,"enemies":"Cultist and Chosen","floor":29.0,"turns":5.0},{"damage":9,"enemies":"Snecko","floor":31,"turns":5},{"damage":17,"enemies":"Collector","floor":33,"turns":10},{"damage":0,"enemies":"Orb Walker","floor":35,"turns":1}],"event_choices":[{"event_name":"Golden Wing","player_choice":"Card Removal","floor":2.0,"damage_taken":0.0},{"event_name":"Accursed Blacksmith","player_choice":"Forge","floor":4.0,"damage_taken":0.0},{"event_name":"Shining Light","player_choice":"Entered Light","floor":14.0,"damage_taken":0.0},{"event_name":"The Library","player_choice":"Read","floor":19.0,"damage_taken":0.0},{"event_name":"Vampires","player_choice":"Became a vampire (Vial)","floor":21.0,"damage_taken":0.0},{"event_name":"Back to Basics","player_choice":"Simplicity","floor":30,"damage_taken":0}],"boss_relics":[{"not_picked":["Lizard Tail","Nuclear Battery"],"picked":"Orrery"}],"potions_floor_spawned":[1,6,12,25,33],"seed_played":"114890620181873473","killed_by":"Orb Walker","ascension_level":6,"is_trial":false}