{"gold_per_floor":[116,191,141,141,158,183,108,108,108,122,122,137,152,168,168,168],"floor_reached":16,"playtime":684,"items_purged":["Strike_R"],"score":102,"play_id":"6fb55e6f-77b2-43fc-a48f-2284b5cd5d5e","local_time":"20180712005345","is_ascension_mode":false,"campfire_choices":[{"data":"Flex","floor":8,"key":"SMITH"},{"data":"Bash","floor":15,"key":"SMITH"}],"neow_cost":"","seed_source_timestamp":887419231983812,"circlet_count":0,"master_deck":["Strike_R","Strike_R","Strike_R","Defend_R","Defend_R","Defend_R","Defend_R","Bash+1","Flex+1"],"relics":["Burning Blood","Art of War","Pear","Molten Egg 2","Bottled Flame"],"potions_floor_usage":[16,16,16],"damage_taken":[{"damage":7,"enemies":"2 Louse","floor":1,"turns":3},{"damage":12,"enemies":"Small Slimes","floor":5,"turns":6},{"damage":30,"enemies":"Gremlin Nob","floor":6,"turns":4},{"damage":8,"enemies":"Jaw Worm","floor":10,"turns":3},{"damage":5,"enemies":"3 Louse","floor":12,"turns":4},{"damage":13,"enemies":"Red Slaver","floor":13,"turns":4},{"damage":2,"enemies":"Large Slime","floor":14,"turns":5},{"damage":44,"enemies":"Hexaghost","floor":16,"turns":10}],"seed_played":"108785053352002888","potions_obtained":[{"floor":1,"key":"Strength Potion"},{"floor":5,"key":"SmokeBomb"},{"floor":12,"key":"PowerPotion"},{"floor":13,"key":"Block Potion"}],"is_trial":false,"path_per_floor":["M","?","?","?","M","E","$","R","T","M","T","M","M","M","R"],"character_chosen":"IRONCLAD","items_purchased":[],"campfire_rested":0,"item_purchase_floors":[],"current_hp_per_floor":[79,68,68,68,62,48,48,48,48,46,46,47,40,44,44,0],"gold":168,"neow_bonus":"","is_prod":false,"is_daily":false,"chose_seed":false,"campfire_upgraded":2,"win_rate":0,"timestamp":1531378425,"path_taken":["M","?","?","?","M","E","$","R","T","M","?","M","?","?","R","BOSS"],"build_version":"2018-07-05","purchased_purges":1,"victory":false,"max_hp_per_floor":[80,80,80,80,80,90,90,90,90,90,90,90,90,90,90,90],"card_choices":[{"not_picked":["Second Wind","Dual Wield","Thunderclap"],"picked":"SKIP","floor":1},{"not_picked":["Headbutt","Rage"],"picked":"Flex","floor":5},{"not_picked":["Flex","Armaments","Iron Wave"],"picked":"SKIP","floor":6},{"not_picked":["Reckless Charge+1","Dropkick+1","Clash+1"],"picked":"SKIP","floor":10},{"not_picked":["Armaments","Heavy Blade+1","Thunderclap+1"],"picked":"SKIP","floor":12},{"not_picked":["Iron Wave+1","Cleave+1","Warcry"],"picked":"SKIP","floor":13},{"not_picked":["Iron Wave+1","Clothesline+1","Sentinel"],"picked":"SKIP","floor":14}],"player_experience":188942,"relics_obtained":[{"floor":6,"key":"Pear"},{"floor":9,"key":"Molten Egg 2"},{"floor":11,"key":"Bottled Flame"}],"event_choices":[{"event_name":"World of Goop","player_choice":"Gather Gold","floor":2,"damage_taken":0},{"event_name":"The Cleric","player_choice":"Card Removal","floor":3,"damage_taken":0},{"event_name":"Wheel of Change","player_choice":"Relic","floor":4,"damage_taken":0}],"boss_relics":[],"items_purged_floors":[7],"is_endless":false,"potions_floor_spawned":[1,5,12,13],"killed_by":"Hexaghost","ascension_level":0}