{"gold_per_floor":[112,112,123,73,73,73,98,98,179,179,195,195,207,219,219,318,318,337,350,350,0,13,13,13],"floor_reached":24,"playtime":833,"items_purged":[],"score":254,"play_id":"1f759f46-2ea5-4da9-a888-a4ff45d0999d","local_time":"20180919022204","is_ascension_mode":true,"campfire_choices":[{"data":"Pommel Strike","floor":6,"key":"SMITH"},{"data":"Bash","floor":8,"key":"SMITH"},{"data":"Battle Trance","floor":12,"key":"SMITH"},{"data":"Headbutt","floor":15,"key":"SMITH"},{"floor":23,"key":"REST"}],"neow_cost":"NONE","seed_source_timestamp":309100477187174,"circlet_count":0,"master_deck":["Strike_R","Strike_R","Strike_R","Defend_R","Defend_R","Defend_R","Defend_R","Bash+1","Battle Trance+1","Pommel Strike+1","Heavy Blade","Headbutt+1","True Grit"],"relics":["Burning Blood","NeowsBlessing","Pantograph","Kunai","Snecko Eye"],"potions_floor_usage":[],"damage_taken":[{"damage":0,"enemies":"Small Slimes","floor":1,"turns":1},{"damage":0,"enemies":"Jaw Worm","floor":3,"turns":1},{"damage":0,"enemies":"Gremlin Nob","floor":7,"turns":1},{"damage":6,"enemies":"2 Louse","floor":11,"turns":2},{"damage":6,"enemies":"2 Fungi Beasts","floor":13,"turns":3},{"damage":2,"enemies":"3 Louse","floor":14,"turns":2},{"damage":63,"enemies":"The Guardian","floor":16,"turns":10},{"damage":25,"enemies":"2 Thieves","floor":18,"turns":5},{"damage":7,"enemies":"Chosen","floor":19,"turns":3},{"damage":29,"enemies":"Sentry and Sphere","floor":22,"turns":6},{"damage":1,"enemies":"Cultist and Chosen","floor":24,"turns":3}],"seed_played":"-307814971360677240","potions_obtained":[{"floor":11,"key":"LiquidBronze"},{"floor":13,"key":"PowerPotion"}],"is_trial":false,"path_per_floor":["M","?","M","?","$","R","E","R","T","?","M","R","M","M","R","B",null,"M","M","?","?","M","R"],"character_chosen":"IRONCLAD","items_purchased":[],"campfire_rested":1,"item_purchase_floors":[],"current_hp_per_floor":[80,73,79,79,79,79,80,80,80,80,80,80,80,80,80,23,80,61,60,45,45,22,47,46],"gold":13,"neow_bonus":"THREE_ENEMY_KILL","is_prod":false,"is_daily":false,"chose_seed":false,"campfire_upgraded":4,"win_rate":0,"timestamp":1537316524,"path_taken":["M","?","M","?","$","R","E","R","T","?","?","R","M","M","R","BOSS","M","M","?","?","M","R","M"],"build_version":"2018-09-18","purchased_purges":0,"victory":false,"max_hp_per_floor":[80,80,80,80,80,80,80,80,80,80,80,80,80,80,80,80,80,80,80,85,85,85,85,85],"card_choices":[{"not_picked":["Clothesline","Uppercut"],"picked":"Battle Trance","floor":1},{"not_picked":["Combust","Wild Strike"],"picked":"Pommel Strike","floor":3},{"not_picked":["Flex","Blood for Blood"],"picked":"Heavy Blade","floor":7},{"not_picked":["Perfected Strike","Body Slam"],"picked":"Headbutt","floor":11},{"not_picked":["Intimidate","Perfected Strike","Heavy Blade"],"picked":"SKIP","floor":13},{"not_picked":["Juggernaut","Thunderclap","Sword Boomerang"],"picked":"SKIP","floor":14},{"not_picked":["Twin Strike","Fire Breathing","Combust"],"picked":"SKIP","floor":18},{"not_picked":["Warcry+1","Sword Boomerang"],"picked":"True Grit","floor":19},{"not_picked":["Anger","Clothesline+1","True Grit"],"picked":"SKIP","floor":22}],"player_experience":18060,"relics_obtained":[{"floor":7,"key":"Pantograph"},{"floor":9,"key":"Kunai"}],"event_choices":[{"event_name":"Golden Wing","player_choice":"Card Removal","floor":2,"damage_taken":0},{"event_name":"The Cleric","player_choice":"Card Removal","floor":4,"damage_taken":0},{"event_name":"Dead Adventurer","player_choice":"Searched \u00270\u0027 times","floor":10,"damage_taken":0},{"event_name":"Forgotten Altar","player_choice":"Shed Blood","floor":20,"damage_taken":0},{"event_name":"Masked Bandits","player_choice":"Paid Fearfully","floor":21,"damage_taken":0}],"is_beta":true,"boss_relics":[{"not_picked":["Busted Crown","Black Blood"],"picked":"Snecko Eye"}],"items_purged_floors":[],"is_endless":false,"potions_floor_spawned":[11,13],"killed_by":"Cultist and Chosen","ascension_level":3}