{"gold_per_floor":[114,114,114,40,56,90,90,90,90,110,141,141,162,178,178,299,299,324,324,344,344,76,76,120,30,30,30,55,99,99,122,122,246,246,265,285,360,378,393,393,424,148,174,222,257,269,315,20,20,20],"floor_reached":51,"playtime":3769,"items_purged":["Strike_G+1"],"score":1444,"play_id":"97399e03-efdd-41a1-8907-6405896b4354","local_time":"20181124173752","is_ascension_mode":true,"campfire_choices":[{"data":"Noxious Fumes","floor":7.0,"key":"SMITH"},{"data":"Neutralize","floor":12.0,"key":"SMITH"},{"data":"Survivor","floor":15.0,"key":"SMITH"},{"data":"Footwork","floor":23.0,"key":"SMITH"},{"data":"Malaise","floor":27.0,"key":"SMITH"},{"data":"Deflect","floor":30.0,"key":"SMITH"},{"data":"Cloak And Dagger","floor":32.0,"key":"SMITH"},{"data":"Cloak And Dagger","floor":40.0,"key":"SMITH"},{"data":"Cloak And Dagger","floor":46.0,"key":"SMITH"},{"data":"Finesse","floor":49.0,"key":"SMITH"}],"neow_cost":"NONE","seed_source_timestamp":0,"circlet_count":0,"master_deck":["AscendersBane","Defend_G+1","Defend_G+1","Defend_G+1","Defend_G+1","Defend_G+1","Strike_G+1","Strike_G+1","Strike_G+1","Survivor+1","Neutralize+1","Slice","Leg Sweep","Noxious Fumes+1","Backstab","Cloak And Dagger+1","Backstab","Crippling Poison","Heel Hook","Dash","Malaise+1","Backflip","Cloak And Dagger+1","Footwork+1","Bandage Up","Deflect+1","Cloak And Dagger+1","Accuracy+1","Cloak And Dagger+1","Infinite Blades+1","Backflip+1","Escape Plan+1","Infinite Blades+1","Finesse+1","Cloak And Dagger+1","Noxious Fumes+1","Dramatic Entrance"],"special_seed":0,"relics":["Ring of the Snake","Omamori","Dream Catcher","Golden Idol","FossilizedHelix","Oddly Smooth Stone","Coffee Dripper","PreservedInsect","Chemical X","Singing Bowl","Frozen Egg 2","Potion Belt","Eternal Feather","Pantograph","Happy Flower","MawBank","Shuriken","Pear"],"potions_floor_usage":[50,50,50,50],"damage_taken":[{"damage":0.0,"enemies":"2 Louse","floor":1.0,"turns":5.0},{"damage":2.0,"enemies":"Jaw Worm","floor":5.0,"turns":5.0},{"damage":19.0,"enemies":"Lagavulin","floor":6.0,"turns":9.0},{"damage":0.0,"enemies":"Small Slimes","floor":10.0,"turns":5.0},{"damage":0.0,"enemies":"3 Sentries","floor":11.0,"turns":8.0},{"damage":0.0,"enemies":"Blue Slaver","floor":13.0,"turns":3.0},{"damage":0.0,"enemies":"Gremlin Gang","floor":14.0,"turns":6.0},{"damage":0.0,"enemies":"The Guardian","floor":16.0,"turns":12.0},{"damage":0.0,"enemies":"Chosen","floor":18.0,"turns":6.0},{"damage":0.0,"enemies":"3 Byrds","floor":20.0,"turns":5.0},{"damage":0.0,"enemies":"Slavers","floor":24.0,"turns":6.0},{"damage":2.0,"enemies":"Snecko","floor":28.0,"turns":7.0},{"damage":8.0,"enemies":"Gremlin Leader","floor":29.0,"turns":6.0},{"damage":0.0,"enemies":"3 Cultists","floor":31.0,"turns":7.0},{"damage":26.0,"enemies":"Automaton","floor":33.0,"turns":14.0},{"damage":0.0,"enemies":"3 Darklings","floor":35.0,"turns":7.0},{"damage":0.0,"enemies":"Orb Walker","floor":36.0,"turns":4.0},{"damage":0.0,"enemies":"Maw","floor":38.0,"turns":9.0},{"damage":12.0,"enemies":"3 Darklings","floor":39.0,"turns":6.0},{"damage":0.0,"enemies":"Reptomancer","floor":41.0,"turns":7.0},{"damage":0.0,"enemies":"Giant Head","floor":44.0,"turns":7.0},{"damage":0.0,"enemies":"Sphere and 2 Shapes","floor":45.0,"turns":5.0},{"damage":7.0,"enemies":"Nemesis","floor":47.0,"turns":5.0},{"damage":17,"enemies":"Donu and Deca","floor":50,"turns":9}],"seed_played":"4824797803448006064","potions_obtained":[{"floor":5.0,"key":"GamblersBrew"},{"floor":13.0,"key":"Explosive Potion"},{"floor":14.0,"key":"Poison Potion"},{"floor":24.0,"key":"GamblersBrew"},{"floor":31.0,"key":"Explosive Potion"},{"floor":35.0,"key":"EssenceOfSteel"},{"floor":36.0,"key":"SpeedPotion"},{"floor":41.0,"key":"Poison Potion"},{"floor":47.0,"key":"GhostInAJar"}],"is_trial":false,"path_per_floor":["M","?","?","$","M","E","R","?","T","M","E","R","M","M","R","B",null,"M","?","M","?","$","R","E","$","T","R","M","E","R","M","R","B",null,"M","M","?","M","M","R","E","$","T","E","M","R","E","$","R","B",null],"character_chosen":"THE_SILENT","items_purchased":["Noxious Fumes","Footwork","Chemical X","Bandage Up","Happy Flower","Infinite Blades+1","Finesse","Noxious Fumes+1","Dramatic Entrance","GhostInAJar"],"campfire_rested":0,"item_purchase_floors":[4,22,22,25,42,42,42,48,48,48],"current_hp_per_floor":[70,63,63,63,61,42,42,23,23,23,23,23,23,23,23,23,64,64,64,64,64,64,64,66,66,66,66,68,64,64,68,68,48,73,79,83,75,79,71,83,83,83,83,83,85,85,94,94,97,84],"gold":20,"neow_bonus":"TEN_PERCENT_HP_BONUS","is_prod":false,"is_daily":false,"chose_seed":false,"campfire_upgraded":10,"win_rate":0,"timestamp":1543109872,"path_taken":["M","?","?","?","M","E","R","?","T","?","E","R","M","?","R","BOSS","M","?","M","?","?","R","E","$","T","R","?","E","R","M","R","BOSS","M","M","?","M","?","R","E","?","T","E","M","R","E","$","R","BOSS"],"build_version":"2018-11-15","purchased_purges":1,"victory":true,"max_hp_per_floor":[77,77,77,77,77,77,77,77,77,77,77,77,77,77,77,77,77,77,77,77,77,77,77,79,79,79,79,79,79,79,79,79,81,81,83,83,83,83,83,83,83,83,83,83,85,85,97,97,97,97],"card_choices":[{"not_picked":["Flying Knee","Dagger Spray"],"picked":"Slice","floor":1.0},{"not_picked":["Bane","Concentrate"],"picked":"Backstab","floor":5.0},{"not_picked":["Masterful Stab","Leg Sweep"],"picked":"Cloak And Dagger","floor":6.0},{"not_picked":["Deadly Poison","Sucker Punch"],"picked":"Backstab","floor":10.0},{"not_picked":["Outmaneuver","Bane"],"picked":"Crippling Poison","floor":11.0},{"not_picked":["Sucker Punch","Quick Slash"],"picked":"Heel Hook","floor":13.0},{"not_picked":["Flying Knee","Quick Slash"],"picked":"Dash","floor":14.0},{"not_picked":["Doppelganger","A Thousand Cuts"],"picked":"Malaise","floor":16.0},{"not_picked":["Dagger Throw","Dagger Spray"],"picked":"Backflip","floor":18.0},{"not_picked":["Outmaneuver+1","Dash+1"],"picked":"Cloak And Dagger","floor":20.0},{"not_picked":["Finisher","Dagger Spray","Quick Slash+1"],"picked":"Singing Bowl","floor":24.0},{"not_picked":["Finisher","Tactician"],"picked":"Deflect","floor":28.0},{"not_picked":["Heel Hook+1","Underhanded Strike"],"picked":"Cloak And Dagger+1","floor":29.0},{"not_picked":["Reflex+1","Deadly Poison+1"],"picked":"Accuracy+1","floor":31.0},{"not_picked":["Phantasmal Killer","Grand Finale","Burst"],"picked":"Singing Bowl","floor":33.0},{"not_picked":["Deadly Poison","Outmaneuver+1","Reflex"],"picked":"Singing Bowl","floor":35.0},{"not_picked":["Poisoned Stab","Prepared+1"],"picked":"Cloak And Dagger","floor":36.0},{"not_picked":["Prepared+1","Dagger Spray+1"],"picked":"Infinite Blades+1","floor":38.0},{"not_picked":["Endless Agony+1","Reflex+1"],"picked":"Backflip+1","floor":39.0},{"not_picked":["Poisoned Stab","Finisher"],"picked":"Escape Plan+1","floor":41.0},{"not_picked":["Dagger Throw+1","Slice+1"],"picked":"Cloak And Dagger+1","floor":44.0},{"not_picked":["Deadly Poison","PiercingWail","Expertise+1"],"picked":"Singing Bowl","floor":45.0},{"not_picked":["Dagger Spray+1","Wraith Form v2+1","Masterful Stab"],"picked":"Singing Bowl","floor":47.0}],"player_experience":601335,"relics_obtained":[{"floor":6.0,"key":"Dream Catcher"},{"floor":9.0,"key":"FossilizedHelix"},{"floor":11.0,"key":"Oddly Smooth Stone"},{"floor":24.0,"key":"Singing Bowl"},{"floor":26.0,"key":"Frozen Egg 2"},{"floor":29.0,"key":"Potion Belt"},{"floor":41.0,"key":"Pantograph"},{"floor":43.0,"key":"MawBank"},{"floor":44.0,"key":"Shuriken"},{"floor":47.0,"key":"Pear"}],"event_choices":[{"damage_healed":0.0,"max_hp_gain":0.0,"max_hp_loss":0.0,"gold_gain":0.0,"event_name":"Scrap Ooze","player_choice":"Success","floor":2.0,"gold_loss":0.0,"damage_taken":7.0,"relics_obtained":["Omamori"]},{"damage_healed":0.0,"max_hp_gain":0.0,"max_hp_loss":0.0,"gold_gain":0.0,"cards_transformed":["Strike_G"],"event_name":"Living Wall","player_choice":"Change","floor":3.0,"gold_loss":0.0,"damage_taken":0.0,"cards_obtained":["Leg Sweep"]},{"damage_healed":0.0,"max_hp_gain":0.0,"max_hp_loss":0.0,"gold_gain":0.0,"event_name":"Golden Idol","player_choice":"Take Damage","floor":8.0,"gold_loss":0.0,"damage_taken":19.0,"relics_obtained":["Golden Idol"]},{"damage_healed":0.0,"max_hp_gain":0.0,"max_hp_loss":0.0,"gold_gain":0.0,"event_name":"The Mausoleum","player_choice":"Opened","floor":19.0,"gold_loss":0.0,"damage_taken":0.0,"relics_obtained":["PreservedInsect"],"cards_obtained":["Writhe"]},{"damage_healed":0.0,"max_hp_gain":0.0,"max_hp_loss":0.0,"gold_gain":0.0,"event_name":"Back to Basics","player_choice":"Simplicity","floor":21.0,"gold_loss":0.0,"damage_taken":0.0,"cards_upgraded":["Defend_G","Defend_G","Defend_G","Defend_G","Defend_G","Strike_G","Strike_G","Strike_G","Strike_G"]},{"damage_healed":0.0,"max_hp_gain":0.0,"max_hp_loss":0.0,"gold_gain":75.0,"event_name":"FaceTrader","player_choice":"Touch","floor":37.0,"gold_loss":0.0,"damage_taken":8.0}],"is_beta":false,"boss_relics":[{"not_picked":["Runic Dome","Orrery"],"picked":"Coffee Dripper"},{"not_picked":["Runic Pyramid","Pandora\u0027s Box"],"picked":"Eternal Feather"}],"items_purged_floors":[48],"is_endless":false,"potions_floor_spawned":[5,13,14,24,31,35,36,41,47],"ascension_level":11}