{"gold_per_floor":[217,236,249,249,199,232,242,242,242,271,16,16,30,30,30,135,135,150,164,46,65,79,79,93,93,120,120,136,136,156,156,156,156],"floor_reached":33,"playtime":1031,"items_purged":[],"score":386,"play_id":"70c11fb7-239d-426c-b05c-50beee4d645c","local_time":"20190316154612","is_ascension_mode":true,"campfire_choices":[{"floor":8,"key":"REST"},{"floor":12,"key":"REST"},{"floor":15,"key":"REST"},{"floor":23,"key":"REST"},{"floor":25,"key":"REST"},{"data":"Demon Form","floor":27,"key":"SMITH"},{"floor":32,"key":"REST"}],"neow_cost":"NONE","seed_source_timestamp":141131311281945,"circlet_count":0,"master_deck":["Strike_R","Strike_R","Strike_R","Strike_R","Defend_R","Defend_R","Defend_R","Defend_R","Bash","Twin Strike","Flex","Demon Form+1","Twin Strike","Cleave","Ghostly Armor+1","Offering+1","Rage+1","Clash","Inflame","Armaments+1","Sword Boomerang","Flex+1","Spot Weakness+1","Inflame","Heavy Blade"],"relics":["Burning Blood","Boot","Bag of Preparation","Toxic Egg 2","Bottled Tornado","Velvet Choker","Bag of Marbles","MutagenicStrength"],"potions_floor_usage":[16,30,33],"damage_taken":[{"damage":15,"enemies":"Cultist","floor":1,"turns":5},{"damage":3,"enemies":"Small Slimes","floor":2,"turns":3},{"damage":14,"enemies":"Jaw Worm","floor":3,"turns":4},{"damage":45,"enemies":"3 Sentries","floor":6,"turns":9},{"damage":14,"enemies":"Red Slaver","floor":7,"turns":3},{"damage":20,"enemies":"Lagavulin","floor":10,"turns":6},{"damage":33,"enemies":"Large Slime","floor":13,"turns":5},{"damage":0,"enemies":"Slime Boss","floor":16,"turns":6},{"damage":23,"enemies":"Shell Parasite","floor":18,"turns":4},{"damage":17,"enemies":"Spheric Guardian","floor":19,"turns":5},{"damage":25,"enemies":"Cultist and Chosen","floor":21,"turns":5},{"damage":6,"enemies":"Centurion and Healer","floor":22,"turns":5},{"damage":20,"enemies":"Snecko","floor":24,"turns":4},{"damage":30,"enemies":"Snake Plant","floor":28,"turns":3},{"damage":49,"enemies":"Centurion and Healer","floor":30,"turns":4},{"damage":56,"enemies":"Champ","floor":33,"turns":6}],"seed_played":"-4620006392339185068","potions_obtained":[{"floor":2,"key":"FairyPotion"},{"floor":10,"key":"GamblersBrew"},{"floor":13,"key":"GamblersBrew"},{"floor":16,"key":"BloodPotion"},{"floor":22,"key":"Fire Potion"},{"floor":30,"key":"Energy Potion"},{"floor":31,"key":"BloodPotion"}],"is_trial":false,"path_per_floor":["M","?","?","$","?","?"],"character_chosen":"IRONCLAD","items_purchased":["Bottled Tornado","Inflame","Armaments+1"],"campfire_rested":6,"item_purchase_floors":[11,20,20],"current_hp_per_floor":[71,74,66,66,66,27,19,43,43,29,29,53,26,26,50,56,74,57,46,46,27,27,51,37,61,61,61,37,37,14,14,38,0],"gold":156,"neow_bonus":"HUNDRED_GOLD","is_prod":false,"is_daily":false,"chose_seed":false,"campfire_upgraded":1,"win_rate":0,"timestamp":1552747572,"path_taken":["M","M","?","?","?","E","M","R","T","E","$","R","M","?","R","BOSS","M","M","$","M","M","R","M","R","T","R","M","?","M","?","R","BOSS"],"build_version":"2019-01-23","purchased_purges":0,"victory":false,"max_hp_per_floor":[80,80,80,80,80,80,80,80,80,80,80,80,80,80,80,80,80,80,80,80,80,80,80,80,80,80,80,80,80,80,80,80,80],"card_choices":[{"not_picked":["Iron Wave","Sword Boomerang"],"picked":"Twin Strike","floor":1},{"not_picked":["Pommel Strike","Havoc"],"picked":"Flex","floor":2},{"not_picked":["Sentinel","Warcry","Body Slam"],"picked":"SKIP","floor":3},{"not_picked":["Shrug It Off","Iron Wave"],"picked":"Demon Form","floor":6},{"not_picked":["Warcry","Wild Strike"],"picked":"Twin Strike","floor":7},{"not_picked":["Body Slam","Seeing Red"],"picked":"Cleave","floor":10},{"not_picked":["Bloodletting+1","Havoc+1"],"picked":"Ghostly Armor+1","floor":13},{"not_picked":["Impervious+1","Dark Embrace"],"picked":"Offering+1","floor":16},{"not_picked":["Perfected Strike","Sword Boomerang"],"picked":"Rage+1","floor":18},{"not_picked":["Uppercut","Cleave"],"picked":"Clash","floor":19},{"not_picked":["Headbutt","Sentinel+1"],"picked":"Sword Boomerang","floor":21},{"not_picked":["Anger+1","Sword Boomerang"],"picked":"Flex+1","floor":22},{"not_picked":["Pummel","Rampage"],"picked":"Spot Weakness+1","floor":24},{"not_picked":["Entrench+1","Feel No Pain"],"picked":"Inflame","floor":28},{"not_picked":["Shrug It Off+1","Warcry+1"],"picked":"Heavy Blade","floor":30}],"player_experience":342840,"relics_obtained":[{"floor":6,"key":"Boot"},{"floor":9,"key":"Bag of Preparation"},{"floor":10,"key":"Toxic Egg 2"},{"floor":26,"key":"Bag of Marbles"}],"event_choices":[{"damage_healed":0,"gold_gain":0,"player_choice":"Ignored","damage_taken":0,"max_hp_gain":0,"max_hp_loss":0,"event_name":"Shining Light","floor":4,"gold_loss":0},{"cards_removed":["Strike_R"],"damage_healed":0,"gold_gain":0,"player_choice":"Card Removal","damage_taken":0,"max_hp_gain":0,"max_hp_loss":0,"event_name":"The Cleric","floor":5,"gold_loss":50},{"damage_healed":0,"gold_gain":0,"player_choice":"Inject Mutagens","damage_taken":0,"relics_obtained":["MutagenicStrength"],"max_hp_gain":0,"max_hp_loss":0,"event_name":"Drug Dealer","floor":29,"gold_loss":0},{"damage_healed":0,"gold_gain":0,"player_choice":"Got Potions","damage_taken":0,"max_hp_gain":0,"max_hp_loss":0,"event_name":"Lab","floor":31,"gold_loss":0}],"is_beta":false,"boss_relics":[{"not_picked":["Ectoplasm","Philosopher\u0027s Stone"],"picked":"Velvet Choker"}],"items_purged_floors":[],"is_endless":false,"potions_floor_spawned":[2,10,13,16,21,22,24,30],"killed_by":"Champ","ascension_level":5}