{"gold_per_floor":[213,225,225,33,47,47,59,92,92,392,411,411,411,423,423,524,524,539,539,539,539,549,549],"floor_reached":23,"playtime":1369,"items_purged":[],"score":296,"play_id":"a362c239-ec30-47af-8501-ee609107fd1a","local_time":"20190316182355","is_ascension_mode":true,"campfire_choices":[{"data":"Metallicize","floor":6,"key":"SMITH"},{"floor":12,"key":"REST"},{"floor":15,"key":"REST"}],"neow_cost":"NONE","seed_source_timestamp":27004444351336,"circlet_count":0,"master_deck":["AscendersBane","Strike_R","Strike_R","Strike_R","Strike_R","Strike_R","Defend_R","Defend_R","Defend_R","Defend_R","Bash","Power Through","Second Wind","Metallicize+1","Dual Wield","Clash","Fiend Fire","Decay","Entrench+1"],"relics":["Burning Blood","Letter Opener","Bronze Scales","Incense Burner","Bird Faced Urn","Old Coin","Mark of Pain","Centennial Puzzle"],"potions_floor_usage":[8,16,18,23],"damage_taken":[{"damage":6,"enemies":"2 Louse","floor":1,"turns":3},{"damage":6,"enemies":"Small Slimes","floor":2,"turns":5},{"damage":6,"enemies":"Cultist","floor":5,"turns":4},{"damage":14,"enemies":"3 Louse","floor":7,"turns":5},{"damage":40,"enemies":"Lagavulin","floor":8,"turns":10},{"damage":8,"enemies":"Blue Slaver","floor":11,"turns":5},{"damage":8,"enemies":"2 Fungi Beasts","floor":14,"turns":4},{"damage":44,"enemies":"The Guardian","floor":16,"turns":14},{"damage":18,"enemies":"Spheric Guardian","floor":18,"turns":4},{"damage":19,"enemies":"Chosen","floor":22,"turns":5},{"damage":52,"enemies":"Slavers","floor":23,"turns":3}],"seed_played":"8113790282294193955","potions_obtained":[{"floor":1,"key":"Energy Potion"},{"floor":8,"key":"SpeedPotion"},{"floor":14,"key":"SkillPotion"},{"floor":16,"key":"Fire Potion"},{"floor":18,"key":"Dexterity Potion"}],"is_trial":false,"path_per_floor":["M","M","?","$","M","R","M","E","T","?","M","R","?","M","R","B",null,"M","T","?","?","M","E"],"character_chosen":"IRONCLAD","items_purchased":["Bronze Scales","Metallicize"],"campfire_rested":2,"item_purchase_floors":[4,4],"current_hp_per_floor":[72,72,72,72,72,72,64,30,30,12,12,36,36,36,60,24,66,56,56,56,56,45,0],"gold":549,"neow_bonus":"HUNDRED_GOLD","is_prod":false,"is_daily":false,"chose_seed":false,"campfire_upgraded":1,"win_rate":0,"timestamp":1552728235,"path_taken":["M","M","?","$","M","R","M","E","T","?","M","R","?","M","R","BOSS","M","?","?","?","M","E"],"build_version":"2019-01-23","purchased_purges":0,"victory":false,"max_hp_per_floor":[80,80,80,80,80,80,80,80,80,80,80,80,80,80,80,80,80,80,80,80,80,80,80],"card_choices":[{"not_picked":["Dual Wield","Clothesline"],"picked":"Power Through","floor":1},{"not_picked":["Body Slam","Headbutt"],"picked":"Second Wind","floor":2},{"not_picked":["Havoc","Anger","Rampage"],"picked":"SKIP","floor":5},{"not_picked":["Burning Pact","Uppercut","Cleave"],"picked":"SKIP","floor":7},{"not_picked":["Iron Wave","Corruption"],"picked":"Dual Wield","floor":8},{"not_picked":["Cleave","Twin Strike","Inflame"],"picked":"SKIP","floor":11},{"not_picked":["Limit Break","True Grit"],"picked":"Clash","floor":14},{"not_picked":["Demon Form","Offering"],"picked":"Fiend Fire","floor":16},{"not_picked":["Iron Wave","Warcry","Corruption"],"picked":"SKIP","floor":18},{"not_picked":["Heavy Blade","Uppercut"],"picked":"Entrench+1","floor":22}],"player_experience":400439,"relics_obtained":[{"floor":8,"key":"Incense Burner"},{"floor":9,"key":"Bird Faced Urn"},{"floor":19,"key":"Centennial Puzzle"}],"event_choices":[{"damage_healed":0,"gold_gain":0,"player_choice":"Box","damage_taken":0,"relics_obtained":["Letter Opener"],"max_hp_gain":0,"max_hp_loss":0,"event_name":"Big Fish","floor":3,"gold_loss":0,"cards_obtained":["Regret"]},{"damage_healed":0,"gold_gain":0,"player_choice":"Success","damage_taken":18,"relics_obtained":["Old Coin"],"max_hp_gain":0,"max_hp_loss":0,"event_name":"Scrap Ooze","floor":10,"gold_loss":0},{"cards_removed":["Regret"],"damage_healed":0,"gold_gain":0,"player_choice":"Purged","damage_taken":0,"max_hp_gain":0,"max_hp_loss":0,"event_name":"Purifier","floor":13,"gold_loss":0},{"damage_healed":0,"gold_gain":0,"player_choice":"Ignored","damage_taken":0,"max_hp_gain":0,"max_hp_loss":0,"event_name":"Vampires","floor":20,"gold_loss":0},{"damage_healed":0,"gold_gain":0,"player_choice":"Smashed Altar","damage_taken":0,"max_hp_gain":0,"max_hp_loss":0,"event_name":"Forgotten Altar","floor":21,"gold_loss":0,"cards_obtained":["Decay"]}],"is_beta":false,"boss_relics":[{"not_picked":["Tiny House","Calling Bell"],"picked":"Mark of Pain"}],"items_purged_floors":[],"is_endless":false,"potions_floor_spawned":[1,8,14,16,18],"killed_by":"Slavers","ascension_level":11}