{"path_per_floor":["M","M","M","?","M","R","M","R","T","M","E","M","$","M","R","B",null,"M","?","?","$","?","R","M","?","T","M","R","M","$","M","R"],"character_chosen":"DEFECT","items_purchased":["Darkstone Periapt","Buffer"],"gold_per_floor":[117,131,144,319,333,333,349,349,349,359,394,409,77,88,88,189,189,207,207,207,107,107,107,119,34,114,126,126,141,67,81,81,81],"floor_reached":33,"campfire_rested":3,"playtime":1105,"current_hp_per_floor":[68,66,61,61,58,58,47,47,47,40,50,38,38,36,62,50,79,37,43,74,74,64,64,52,52,52,46,76,58,58,34,64,0],"items_purged":["Strike_B","Decay"],"gold":81,"score":351,"play_id":"6ef3de73-d983-4611-8e96-ee16afaee278","local_time":"20180512181109","is_prod":false,"is_daily":false,"chose_seed":false,"is_ascension_mode":true,"campfire_upgraded":3,"timestamp":1526166669,"path_taken":["M","?","?","?","M","R","M","R","T","?","E","M","$","M","R","BOSS","M","?","?","$","?","R","M","?","T","M","R","?","$","?","R","BOSS"],"build_version":"2018-05-12","seed_source_timestamp":326460529931429,"purchased_purges":2,"victory":false,"master_deck":["Strike_B","Strike_B","Strike_B","Defend_B","Defend_B","Defend_B","Defend_B","Zap+1","Dualcast","Rip and Tear+1","Beam Cell+1","Doom and Gloom","Doubt","Stack","FTL","Sweeping Beam","Aggregate","Reboot","Electrodynamics+1","Conserve Battery+1","Necronomicurse","Double Energy+1","Ball Lightning+1","Buffer","Ball Lightning"],"max_hp_per_floor":[75,75,75,75,75,75,75,75,75,75,89,89,89,89,89,89,89,89,95,95,95,101,101,101,101,101,101,101,101,101,101,101,101],"relics":["Cracked Core","Shuriken","Mango","Darkstone Periapt","Snecko Eye","Necronomicon","Kunai","Symbiotic Virus"],"card_choices":[{"not_picked":["Turbo","Conserve Battery"],"picked":"Rip and Tear","floor":1.0},{"not_picked":["Aggregate","Capacitor"],"picked":"Beam Cell","floor":2.0},{"not_picked":["Capacitor","Rebound"],"picked":"Doom and Gloom","floor":3.0},{"not_picked":["Tempest","Skim"],"picked":"Stack","floor":5.0},{"not_picked":["Cold Snap","Rebound"],"picked":"FTL","floor":7.0},{"not_picked":["Beam Cell","Cold Snap"],"picked":"Sweeping Beam","floor":10.0},{"not_picked":["Static Discharge","Ball Lightning"],"picked":"Aggregate","floor":11.0},{"not_picked":["FTL","Tempest"],"picked":"Reboot","floor":12.0},{"not_picked":["Sunder","Skim","Double Energy"],"picked":"SKIP","floor":14.0},{"not_picked":["All For One","Seek"],"picked":"Electrodynamics","floor":16.0},{"not_picked":["Stack","Heatsinks"],"picked":"Conserve Battery+1","floor":18.0},{"not_picked":["Turbo","Lockon","Axe Kick"],"picked":"SKIP","floor":24.0},{"not_picked":["Chill+1","Lockon"],"picked":"Double Energy+1","floor":27},{"not_picked":["Skim+1","Conserve Battery+1"],"picked":"Ball Lightning+1","floor":29},{"not_picked":["Redo+1","Capacitor"],"picked":"Ball Lightning","floor":31}],"player_experience":111980,"potions_floor_usage":[27,27,33,33],"damage_taken":[{"damage":0.0,"enemies":"Cultist","floor":1.0,"turns":3.0},{"damage":2.0,"enemies":"Jaw Worm","floor":2.0,"turns":2.0},{"damage":5.0,"enemies":"2 Louse","floor":3.0,"turns":2.0},{"damage":3.0,"enemies":"Blue Slaver","floor":5.0,"turns":2.0},{"damage":11.0,"enemies":"Gremlin Gang","floor":7.0,"turns":4.0},{"damage":13.0,"enemies":"Exordium Thugs","floor":10.0,"turns":3.0},{"damage":4.0,"enemies":"3 Sentries","floor":11.0,"turns":4.0},{"damage":12.0,"enemies":"Blue Slaver","floor":12.0,"turns":3.0},{"damage":2.0,"enemies":"3 Louse","floor":14.0,"turns":3.0},{"damage":12.0,"enemies":"Slime Boss","floor":16.0,"turns":7.0},{"damage":42.0,"enemies":"Shell Parasite","floor":18.0,"turns":5.0},{"damage":12.0,"enemies":"2 Thieves","floor":24.0,"turns":3.0},{"damage":6,"enemies":"Cultist and Chosen","floor":27,"turns":4},{"damage":18,"enemies":"3 Cultists","floor":29,"turns":4},{"damage":24,"enemies":"Snake Plant","floor":31,"turns":2},{"damage":72,"enemies":"Automaton","floor":33,"turns":6}],"event_choices":[{"event_name":"Liars Game","player_choice":"agreed","floor":4.0,"damage_taken":0.0},{"event_name":"Forgotten Altar","player_choice":"Smashed Altar","floor":19.0,"damage_taken":0.0},{"event_name":"The Library","player_choice":"Heal","floor":20.0,"damage_taken":0.0},{"event_name":"Cursed Tome","player_choice":"Obtained Book","floor":22.0,"damage_taken":0.0},{"event_name":"Addict","player_choice":"Obtained Relic","floor":25.0,"damage_taken":0.0}],"boss_relics":[],"potions_floor_spawned":[2,3,12,14,16,24,31],"seed_played":"2369643789818016516","killed_by":"Automaton","ascension_level":6,"is_trial":false}