{"gold_per_floor":[119,119,137,137,137,165,165,15,15,32,207,220,220,295,295,295],"floor_reached":16,"playtime":517,"items_purged":[],"score":167,"play_id":"21cb56c8-920a-487c-9b8e-fac2e4e9c26c","local_time":"20190317233403","is_ascension_mode":true,"campfire_choices":[{"data":"Survivor","floor":7,"key":"SMITH"},{"data":"Apotheosis","floor":13,"key":"SMITH"},{"data":"1","floor":15,"key":"LIFT"}],"neow_cost":"NONE","seed_source_timestamp":177994051307411,"circlet_count":0,"master_deck":["AscendersBane","Defend_G","Defend_G","Defend_G","Defend_G","Defend_G","Strike_G","Strike_G+1","Strike_G","Strike_G","Strike_G+1","Survivor+1","Neutralize+1","Slice","Slice","Backstab","Apotheosis+1","Deflect","Doubt","Well Laid Plans"],"special_seed":0,"relics":["Ring of the Snake","The Courier","Girya"],"potions_floor_usage":[6],"damage_taken":[{"damage":2.0,"enemies":"Cultist","floor":1.0,"turns":4.0},{"damage":0.0,"enemies":"Small Slimes","floor":3.0,"turns":5.0},{"damage":7,"enemies":"3 Sentries","floor":6,"turns":7},{"damage":0,"enemies":"2 Louse","floor":10,"turns":2},{"damage":2,"enemies":"Lots of Slimes","floor":12,"turns":5},{"damage":39,"enemies":"Hexaghost","floor":16,"turns":11}],"seed_played":"7298516000428164870","potions_obtained":[{"floor":1.0,"key":"Explosive Potion"},{"floor":12,"key":"Explosive Potion"}],"is_trial":false,"path_per_floor":["M","?","M","?","?","E","R","$","T","M","?","M","R","?","R","B"],"character_chosen":"THE_SILENT","items_purchased":["Apotheosis"],"campfire_rested":0,"item_purchase_floors":[8],"current_hp_per_floor":[63,49,49,54,54,47,47,47,47,47,47,45,45,34,34,0],"gold":295,"neow_bonus":"TEN_PERCENT_HP_BONUS","is_prod":false,"is_daily":false,"chose_seed":false,"campfire_upgraded":2,"win_rate":0,"timestamp":1552890843,"path_taken":["M","?","M","?","?","E","R","?","T","?","?","M","R","?","R","BOSS"],"build_version":"2019-01-23","purchased_purges":0,"victory":false,"max_hp_per_floor":[72,72,72,77,77,77,77,77,77,77,77,77,77,77,77,77],"card_choices":[{"not_picked":["Setup","Dodge and Roll"],"picked":"Slice","floor":1.0},{"not_picked":["Acrobatics","Dagger Throw"],"picked":"Slice","floor":3.0},{"not_picked":["Tools of the Trade","Prepared"],"picked":"Backstab","floor":6},{"not_picked":["Underhanded Strike","Blade Dance"],"picked":"Deflect","floor":10},{"not_picked":["Dagger Spray","Deadly Poison"],"picked":"Well Laid Plans","floor":12}],"player_experience":661339,"relics_obtained":[{"floor":6,"key":"The Courier"},{"floor":9,"key":"Girya"}],"event_choices":[{"damage_healed":0.0,"max_hp_gain":0.0,"max_hp_loss":0.0,"gold_gain":0.0,"event_name":"Shining Light","player_choice":"Entered Light","floor":2.0,"gold_loss":0.0,"damage_taken":14.0,"cards_upgraded":["Strike_G","Strike_G"]},{"damage_healed":0.0,"max_hp_gain":5.0,"max_hp_loss":0.0,"gold_gain":0.0,"event_name":"Big Fish","player_choice":"Donut","floor":4.0,"gold_loss":0.0,"damage_taken":0.0},{"damage_healed":0,"gold_gain":0,"player_choice":"Grow","damage_taken":0,"max_hp_gain":0,"max_hp_loss":0,"event_name":"Living Wall","floor":5,"gold_loss":0,"cards_upgraded":["Neutralize"]},{"damage_healed":0,"gold_gain":175,"player_choice":"AGREE","damage_taken":0,"max_hp_gain":0,"max_hp_loss":0,"event_name":"Liars Game","floor":11,"gold_loss":0,"cards_obtained":["Doubt"]},{"damage_healed":0,"gold_gain":75,"player_choice":"Gather Gold","damage_taken":11,"max_hp_gain":0,"max_hp_loss":0,"event_name":"World of Goop","floor":14,"gold_loss":0}],"is_beta":false,"boss_relics":[],"items_purged_floors":[],"is_endless":false,"potions_floor_spawned":[1,12],"killed_by":"Hexaghost","ascension_level":14}