{"gold_per_floor":[116,191,203,3,178,178,207,207,233,253,253,263,263],"floor_reached":13,"playtime":725,"items_purged":[],"score":91,"play_id":"6d2037ab-3f30-4b6d-a67c-da6be2d086e1","local_time":"20190320000744","is_ascension_mode":true,"campfire_choices":[{"data":"Zap","floor":6,"key":"SMITH"},{"data":"Defragment","floor":8,"key":"SMITH"}],"neow_cost":"NONE","seed_source_timestamp":443462135307122,"circlet_count":0,"master_deck":["Strike_B","Strike_B","Strike_B","Strike_B","Defend_B","Defend_B","Defend_B","Defend_B","Zap+1","Dualcast","Defragment+1","Coolheaded","Doubt","Coolheaded","Cold Snap"],"relics":["Sozu","Blood Vial","Potion Belt"],"potions_floor_usage":[],"damage_taken":[{"damage":0,"enemies":"2 Louse","floor":1,"turns":3},{"damage":0,"enemies":"Small Slimes","floor":3,"turns":3},{"damage":37,"enemies":"3 Sentries","floor":7,"turns":12},{"damage":2,"enemies":"Jaw Worm","floor":10,"turns":3},{"damage":14,"enemies":"3 Louse","floor":12,"turns":4},{"damage":56,"enemies":"Gremlin Nob","floor":13,"turns":5}],"seed_played":"8893011193081321670","potions_obtained":[],"is_trial":false,"path_per_floor":["M","?","M","$","?","R","E","R","T","M","?","M","E"],"character_chosen":"DEFECT","items_purchased":["Blood Vial","Coolheaded"],"campfire_rested":0,"item_purchase_floors":[4,4],"current_hp_per_floor":[75,64,64,64,64,64,29,29,29,29,54,42,0],"gold":263,"neow_bonus":"BOSS_RELIC","is_prod":false,"is_daily":false,"chose_seed":false,"campfire_upgraded":2,"win_rate":0,"timestamp":1553065664,"path_taken":["M","?","M","$","?","R","E","R","T","M","?","M","E"],"build_version":"2019-01-23","purchased_purges":0,"victory":false,"max_hp_per_floor":[75,75,75,75,75,75,75,75,75,75,75,75,75],"card_choices":[{"not_picked":["Stack","Streamline","Darkness"],"picked":"SKIP","floor":1},{"not_picked":["Reinforced Body","Darkness"],"picked":"Defragment","floor":3},{"not_picked":["Beam Cell","Leap","Force Field"],"picked":"SKIP","floor":7},{"not_picked":["Hello World","Gash"],"picked":"Coolheaded","floor":10},{"not_picked":["Reprogram","Ball Lightning"],"picked":"Cold Snap","floor":12}],"player_experience":126837,"relics_obtained":[{"floor":7,"key":"Potion Belt"}],"event_choices":[{"damage_healed":0,"gold_gain":75,"player_choice":"Gather Gold","damage_taken":11,"max_hp_gain":0,"max_hp_loss":0,"event_name":"World of Goop","floor":2,"gold_loss":0},{"damage_healed":0,"gold_gain":175,"player_choice":"AGREE","damage_taken":0,"max_hp_gain":0,"max_hp_loss":0,"event_name":"Liars Game","floor":5,"gold_loss":0,"cards_obtained":["Doubt"]},{"damage_healed":25,"gold_gain":0,"player_choice":"Banana","damage_taken":0,"max_hp_gain":0,"max_hp_loss":0,"event_name":"Big Fish","floor":11,"gold_loss":0}],"is_beta":false,"boss_relics":[],"items_purged_floors":[],"is_endless":false,"potions_floor_spawned":[7,10,12],"killed_by":"Gremlin Nob","ascension_level":2}