{"gold_per_floor":[118,130,144,164,9,42,42,77,102,102],"floor_reached":10,"playtime":462,"items_purged":[],"score":90,"play_id":"e049dff6-3155-4cf4-8ae9-c55f59036282","local_time":"20180727140731","is_ascension_mode":true,"campfire_choices":[{"data":"Body Slam","floor":7,"key":"SMITH"}],"neow_cost":"","seed_source_timestamp":1086209079059806,"circlet_count":0,"master_deck":["Strike_R","Strike_R","Strike_R","Strike_R","Strike_R","Defend_R","Defend_R","Defend_R","Defend_R","Bash","Shrug It Off","Shrug It Off","Limit Break","Sentinel","Purity","Rupture","Body Slam+1"],"relics":["Burning Blood","Paper Frog","Anchor","Boot"],"potions_floor_usage":[6,8,10],"damage_taken":[{"damage":1,"enemies":"Cultist","floor":1,"turns":3},{"damage":3,"enemies":"2 Louse","floor":2,"turns":3},{"damage":6,"enemies":"Jaw Worm","floor":3,"turns":5},{"damage":46,"enemies":"Gremlin Gang","floor":4,"turns":10},{"damage":16,"enemies":"Lagavulin","floor":6,"turns":7},{"damage":20,"enemies":"Gremlin Nob","floor":8,"turns":4},{"damage":22,"enemies":"3 Sentries","floor":10,"turns":4}],"seed_played":"-4563735990695392204","potions_obtained":[{"floor":3,"key":"Dexterity Potion"},{"floor":4,"key":"SteroidPotion"},{"floor":6,"key":"SkillPotion"}],"is_trial":false,"path_per_floor":["M","M","M","M","$","E","R","E","T"],"character_chosen":"IRONCLAD","items_purchased":["Purity","Rupture"],"campfire_rested":0,"item_purchase_floors":[5,5],"current_hp_per_floor":[80,80,80,40,40,30,30,16,16,0],"gold":102,"neow_bonus":"","is_prod":false,"is_daily":false,"chose_seed":false,"campfire_upgraded":1,"win_rate":0,"timestamp":1532722051,"path_taken":["M","M","M","?","?","E","R","E","T","E"],"build_version":"2018-07-26","purchased_purges":0,"victory":false,"max_hp_per_floor":[80,80,80,80,80,80,80,80,80,80],"card_choices":[{"not_picked":["Havoc","Warcry"],"picked":"Shrug It Off","floor":1},{"not_picked":["Anger","True Grit"],"picked":"Shrug It Off","floor":2},{"not_picked":["Twin Strike","Hemokinesis"],"picked":"Limit Break","floor":3},{"not_picked":["Wild Strike","Entrench"],"picked":"Sentinel","floor":4},{"not_picked":["Armaments","True Grit"],"picked":"Body Slam","floor":6},{"not_picked":["Havoc","Entrench","Feel No Pain"],"picked":"SKIP","floor":8}],"player_experience":279983,"relics_obtained":[{"floor":6,"key":"Paper Frog"},{"floor":8,"key":"Anchor"},{"floor":9,"key":"Boot"}],"event_choices":[],"is_beta":false,"boss_relics":[],"items_purged_floors":[],"is_endless":false,"potions_floor_spawned":[3,4,6],"killed_by":"3 Sentries","ascension_level":3}