{"gold_per_floor":[109,59,59,73,19,19,30,30,55,55,55,90,102,23,23,124,124,137,151,151,151,76,111,111,111],"floor_reached":25,"playtime":969,"items_purged":[],"score":329,"play_id":"351c5705-3b39-48a1-b82e-1ae796917a19","local_time":"20190318192056","is_ascension_mode":true,"campfire_choices":[{"floor":6,"key":"REST"},{"data":"Infernal Blade","floor":10,"key":"SMITH"},{"data":"Entrench","floor":15,"key":"SMITH"},{"floor":24,"key":"REST"}],"neow_cost":"NONE","seed_source_timestamp":326874346859691,"circlet_count":0,"master_deck":["Strike_R","Strike_R","Defend_R","Defend_R","Defend_R","Defend_R+1","Bash","Juggernaut+1","Shockwave","Shrug It Off","Pommel Strike","Infernal Blade+1","Warcry","Clash","Entrench+1","Barricade","Corruption+1","Clash","Ghostly","Ghostly","Ghostly","Ghostly","Ghostly","Warcry"],"relics":["Black Blood","Juzu Bracelet","Dodecahedron","Art of War","Regal Pillow"],"potions_floor_usage":[16,19,23],"damage_taken":[{"damage":11,"enemies":"Small Slimes","floor":1,"turns":5},{"damage":14,"enemies":"Jaw Worm","floor":4,"turns":4},{"damage":0,"enemies":"2 Louse","floor":7,"turns":4},{"damage":8,"enemies":"3 Sentries","floor":12,"turns":8},{"damage":3,"enemies":"Looter","floor":13,"turns":3},{"damage":23,"enemies":"The Guardian","floor":16,"turns":10},{"damage":27,"enemies":"Shell Parasite","floor":18,"turns":6},{"damage":2,"enemies":"3 Byrds","floor":19,"turns":6},{"damage":15,"enemies":"Book of Stabbing","floor":23,"turns":7},{"damage":56,"enemies":"Gremlin Leader","floor":25,"turns":8}],"seed_played":"8289989781052406915","potions_obtained":[{"floor":1,"key":"Swift Potion"},{"floor":4,"key":"AttackPotion"},{"floor":12,"key":"LiquidBronze"},{"floor":19,"key":"SteroidPotion"},{"floor":23,"key":"Weak Potion"}],"is_trial":false,"path_per_floor":["?","?","?","T","$","?","?","?"],"character_chosen":"IRONCLAD","items_purchased":["Pommel Strike","Entrench"],"campfire_rested":2,"item_purchase_floors":[5,14],"current_hp_per_floor":[67,67,60,52,52,76,80,64,64,64,64,62,65,65,65,48,72,55,63,40,35,35,30,45,0],"gold":111,"neow_bonus":"ONE_RANDOM_RARE_CARD","is_prod":false,"is_daily":false,"chose_seed":false,"campfire_upgraded":2,"win_rate":0,"timestamp":1552933256,"path_taken":["M","?","?","M","$","R","M","?","T","R","?","E","M","?","R","BOSS","M","M","?","?","?","E","R","E"],"build_version":"2019-01-23","purchased_purges":0,"victory":false,"max_hp_per_floor":[80,80,80,80,80,80,80,80,80,80,80,80,80,80,80,80,80,80,80,40,45,45,45,45,45],"card_choices":[{"not_picked":["Fire Breathing","Rampage"],"picked":"Shockwave","floor":1},{"not_picked":["Heavy Blade","Power Through"],"picked":"Shrug It Off","floor":4},{"not_picked":["Armaments","Bloodletting"],"picked":"Infernal Blade","floor":7},{"not_picked":["Spot Weakness","Twin Strike"],"picked":"Warcry","floor":12},{"not_picked":["Pommel Strike","Fire Breathing"],"picked":"Clash","floor":13},{"not_picked":["Offering","Brutality"],"picked":"Barricade","floor":16},{"not_picked":["Perfected Strike+1","Cleave"],"picked":"Corruption+1","floor":18},{"not_picked":["Perfected Strike","Havoc"],"picked":"Clash","floor":19},{"not_picked":["Blood for Blood","Heavy Blade"],"picked":"Warcry","floor":23}],"player_experience":391483,"relics_obtained":[{"floor":9,"key":"Juzu Bracelet"},{"floor":11,"key":"Dodecahedron"},{"floor":12,"key":"Art of War"},{"floor":23,"key":"Regal Pillow"}],"event_choices":[{"cards_removed":["Strike_R"],"damage_healed":0,"gold_gain":0,"player_choice":"Card Removal","damage_taken":0,"max_hp_gain":0,"max_hp_loss":0,"event_name":"The Cleric","floor":2,"gold_loss":50},{"cards_removed":["Strike_R"],"damage_healed":0,"gold_gain":0,"player_choice":"Card Removal","damage_taken":7,"max_hp_gain":0,"max_hp_loss":0,"event_name":"Golden Wing","floor":3,"gold_loss":0},{"damage_healed":0,"gold_gain":0,"player_choice":"Entered Light","damage_taken":16,"max_hp_gain":0,"max_hp_loss":0,"event_name":"Shining Light","floor":8,"gold_loss":0,"cards_upgraded":["Defend_R","Juggernaut"]},{"damage_healed":0,"gold_gain":0,"player_choice":"Became a Ghost","damage_taken":0,"max_hp_gain":0,"max_hp_loss":40,"event_name":"Ghosts","floor":20,"gold_loss":0,"cards_obtained":["Ghostly","Ghostly","Ghostly","Ghostly","Ghostly"]},{"damage_healed":0,"gold_gain":0,"player_choice":"Shed Blood","damage_taken":10,"max_hp_gain":5,"max_hp_loss":0,"event_name":"Forgotten Altar","floor":21,"gold_loss":0},{"cards_removed":["Strike_R"],"damage_healed":0,"gold_gain":0,"player_choice":"Gave Gold","damage_taken":0,"max_hp_gain":0,"max_hp_loss":0,"event_name":"Beggar","floor":22,"gold_loss":75}],"is_beta":false,"boss_relics":[{"not_picked":["Astrolabe","Empty Cage"],"picked":"Black Blood"}],"items_purged_floors":[],"is_endless":false,"potions_floor_spawned":[1,4,12,19,23],"killed_by":"Gremlin Leader","ascension_level":8}