{"gold_per_floor":[116,191,191,204,204,240,240,258,258,258],"floor_reached":10,"playtime":191,"items_purged":[],"score":91,"play_id":"6547bb3c-4fc2-4a44-a7b2-dadbe98623b2","local_time":"20181030142219","is_ascension_mode":false,"campfire_choices":[{"data":"Zap","floor":7,"key":"SMITH"}],"neow_cost":"NONE","seed_source_timestamp":858503226962874,"circlet_count":0,"master_deck":["Strike_B","Strike_B","Strike_B","Defend_B","Defend_B","Defend_B","Defend_B","Zap+1","Dualcast","Cold Snap","BootSequence","Rebound"],"relics":["Cracked Core","NeowsBlessing","Golden Idol","Dodecahedron","Bag of Marbles","GremlinMask"],"potions_floor_usage":[],"damage_taken":[{"damage":0,"enemies":"Small Slimes","floor":1,"turns":1},{"damage":0,"enemies":"2 Louse","floor":4,"turns":1},{"damage":0,"enemies":"Lagavulin","floor":6,"turns":1},{"damage":0,"enemies":"Cultist","floor":8,"turns":3}],"seed_played":"5320792232680372529","potions_obtained":[{"floor":8,"key":"Block Potion"}],"is_trial":false,"path_per_floor":["M","?","?","M","?","E","R","M","T"],"character_chosen":"DEFECT","items_purchased":[],"campfire_rested":0,"item_purchase_floors":[],"current_hp_per_floor":[75,64,57,57,57,57,57,57,57,57],"gold":258,"neow_bonus":"THREE_ENEMY_KILL","is_prod":false,"is_daily":false,"chose_seed":false,"campfire_upgraded":1,"win_rate":0,"timestamp":1540905739,"path_taken":["M","?","?","M","?","E","R","M","T","?"],"build_version":"2018-10-29v2","purchased_purges":0,"victory":false,"max_hp_per_floor":[75,75,75,75,69,69,69,69,69,69],"card_choices":[{"not_picked":["Steam","Aggregate"],"picked":"Cold Snap","floor":1},{"not_picked":["Go for the Eyes","Turbo"],"picked":"BootSequence","floor":4},{"not_picked":["Chaos","Tempest","Meteor Strike"],"picked":"SKIP","floor":6},{"not_picked":["Redo","Cold Snap"],"picked":"Rebound","floor":8}],"player_experience":34513,"relics_obtained":[{"floor":6,"key":"Dodecahedron"},{"floor":9,"key":"Bag of Marbles"}],"event_choices":[{"damage_healed":0,"gold_gain":75,"player_choice":"Gather Gold","damage_taken":11,"max_hp_gain":0,"max_hp_loss":0,"event_name":"World of Goop","floor":2,"gold_loss":0},{"cards_removed":["Strike_B"],"damage_healed":0,"gold_gain":0,"player_choice":"Card Removal","damage_taken":7,"max_hp_gain":0,"max_hp_loss":0,"event_name":"Golden Wing","floor":3,"gold_loss":0},{"damage_healed":0,"gold_gain":0,"player_choice":"Lose Max HP","damage_taken":0,"relics_obtained":["Golden Idol"],"max_hp_gain":0,"max_hp_loss":6,"event_name":"Golden Idol","floor":5,"gold_loss":0},{"damage_healed":0,"gold_gain":0,"player_choice":"Trade","damage_taken":0,"relics_obtained":["GremlinMask"],"max_hp_gain":0,"max_hp_loss":0,"event_name":"FaceTrader","floor":10,"gold_loss":0}],"is_beta":true,"boss_relics":[],"items_purged_floors":[],"is_endless":false,"potions_floor_spawned":[8],"ascension_level":0}