{"gold_per_floor":[116,130,130,145,157,157,171,197,222,222,254,269,282,294,294,394,394,412,412,337,348,348,383,402,402,402,420,438,190,205,221,221,317,317,335,335,352,187,199,224,224,249,249,249,280,280,291,47,47,47,47,47,47,75,75],"floor_reached":55,"playtime":4992,"items_purged":["Strike_R","Strike_R","Strike_R","Strike_R+1"],"score":845,"play_id":"d018986c-a9e3-4c05-938d-cb699865941e","local_time":"20190314014037","is_ascension_mode":true,"campfire_choices":[{"data":"Inflame","floor":6,"key":"SMITH"},{"floor":10,"key":"REST"},{"floor":15,"key":"RECALL"},{"data":"Heavy Blade","floor":25,"key":"SMITH"},{"data":"Metallicize","floor":32,"key":"SMITH"}],"neow_cost":"TEN_PERCENT_HP_LOSS","seed_source_timestamp":276545787903574,"circlet_count":0,"master_deck":["Defend_R","Defend_R","Defend_R","Inflame+1","Shockwave","Metallicize+1","Impervious","Heavy Blade+1","Body Slam","Pommel Strike+1","Juggernaut","Disarm+1","Necronomicurse","Pommel Strike+1","Corruption","Battle Trance","Barricade","Body Slam+1","Bandage Up","Uppercut","Battle Trance+1","Doubt","Heavy Blade","Inflame"],"relics":["Burning Blood","Bag of Preparation","Regal Pillow","Blood Vial","Coffee Dripper","Necronomicon","Vajra","Fusion Hammer","Orichalcum","Whetstone","Mummified Hand","Darkstone Periapt","Shuriken"],"potions_floor_usage":[5,8,8,16,23,24,27,27,28,33,42,42,55,55,55,55,55],"damage_taken":[{"damage":5,"enemies":"2 Louse","floor":1,"turns":3},{"damage":6,"enemies":"Cultist","floor":2,"turns":3},{"damage":5,"enemies":"Small Slimes","floor":4,"turns":4},{"damage":36,"enemies":"Exordium Thugs","floor":5,"turns":6},{"damage":6,"enemies":"2 Fungi Beasts","floor":7,"turns":3},{"damage":21,"enemies":"Lagavulin","floor":8,"turns":7},{"damage":23,"enemies":"3 Sentries","floor":11,"turns":11},{"damage":16,"enemies":"Looter","floor":12,"turns":3},{"damage":2,"enemies":"Large Slime","floor":13,"turns":7},{"damage":7,"enemies":"Exordium Thugs","floor":14,"turns":5},{"damage":31,"enemies":"Slime Boss","floor":16,"turns":12},{"damage":34,"enemies":"2 Thieves","floor":18,"turns":4},{"damage":13,"enemies":"3 Byrds","floor":21,"turns":5},{"damage":25,"enemies":"Book of Stabbing","floor":23,"turns":5},{"damage":0,"enemies":"Snecko","floor":24,"turns":3},{"damage":22,"enemies":"Centurion and Healer","floor":27,"turns":6},{"damage":10,"enemies":"3 Cultists","floor":28,"turns":6},{"damage":1,"enemies":"Cultist and Chosen","floor":30,"turns":4},{"damage":10,"enemies":"Shelled Parasite and Fungi","floor":31,"turns":4},{"damage":11,"enemies":"Collector","floor":33,"turns":5},{"damage":17,"enemies":"3 Darklings","floor":35,"turns":5},{"damage":31,"enemies":"Orb Walker","floor":37,"turns":4},{"damage":0,"enemies":"Spire Growth","floor":39,"turns":2},{"damage":6,"enemies":"Giant Head","floor":40,"turns":6},{"damage":54,"enemies":"Reptomancer","floor":42,"turns":4},{"damage":0,"enemies":"Giant Head","floor":45,"turns":5},{"damage":34,"enemies":"3 Darklings","floor":47,"turns":3},{"damage":39,"enemies":"Time Eater","floor":50,"turns":8},{"damage":53,"enemies":"Shield and Spear","floor":54,"turns":5},{"damage":36,"enemies":"The Heart","floor":55,"turns":6}],"seed_played":"1324979074973498803","potions_obtained":[{"floor":1,"key":"SteroidPotion"},{"floor":4,"key":"SkillPotion"},{"floor":7,"key":"SteroidPotion"},{"floor":11,"key":"Strength Potion"},{"floor":12,"key":"BloodPotion"},{"floor":14,"key":"Energy Potion"},{"floor":23,"key":"Block Potion"},{"floor":24,"key":"Weak Potion"},{"floor":27,"key":"Fruit Juice"},{"floor":28,"key":"SkillPotion"},{"floor":37,"key":"Weak Potion"},{"floor":39,"key":"SkillPotion"},{"floor":45,"key":"Energy Potion"},{"floor":54,"key":"EntropicBrew"}],"is_trial":false,"path_per_floor":["M","M","?","M","M","R","M","E","T","R","E","M","M","M","R","B",null,"M","?","$","M","?","E","M","R","T","M","M","$","M","M","R","B",null,"M","?","M","$","M","E","R","E","T","?","E","?","M","$","R","B",null,"R","$","E","B"],"character_chosen":"IRONCLAD","items_purchased":["Corruption","Battle Trance","Uppercut","Heavy Blade","Inflame"],"campfire_rested":1,"item_purchase_floors":[29,29,38,48,48],"current_hp_per_floor":[72,72,72,72,42,42,42,27,27,63,46,38,44,45,45,22,72,44,28,28,23,23,13,21,21,21,7,10,10,17,15,15,12,77,66,66,47,47,55,61,61,19,19,77,77,77,53,53,53,26,77,77,77,30,0],"gold":75,"neow_bonus":"REMOVE_TWO","is_prod":false,"is_daily":false,"chose_seed":false,"campfire_upgraded":3,"win_rate":0,"timestamp":1552552837,"path_taken":["M","M","?","M","M","R","M","E","T","R","E","?","M","M","R","BOSS","M","?","$","M","?","E","M","R","T","M","M","$","M","M","R","BOSS","M","?","M","$","M","E","R","E","T","?","E","?","M","$","R","BOSS","R","$","E","BOSS"],"build_version":"2019-01-23","purchased_purges":4,"victory":false,"max_hp_per_floor":[72,72,72,72,72,72,72,72,72,72,72,72,72,72,72,72,72,72,72,72,72,72,72,72,72,72,72,77,77,77,77,77,77,77,77,77,77,77,77,77,77,77,77,77,77,77,77,77,77,77,77,77,77,77,77],"card_choices":[{"not_picked":["Uppercut","Hemokinesis"],"picked":"Inflame","floor":1},{"not_picked":["Havoc","Warcry","Twin Strike"],"picked":"SKIP","floor":2},{"not_picked":["Bloodletting","Hemokinesis","Infernal Blade"],"picked":"SKIP","floor":4},{"not_picked":["Reckless Charge","Rage","Infernal Blade"],"picked":"SKIP","floor":5},{"not_picked":["Cleave","True Grit"],"picked":"Shockwave","floor":7},{"not_picked":["Perfected Strike","Flex"],"picked":"Metallicize","floor":8},{"not_picked":["Iron Wave","Armaments"],"picked":"Impervious","floor":11},{"not_picked":["Cleave","Anger"],"picked":"Heavy Blade","floor":12},{"not_picked":["Iron Wave","Clash"],"picked":"Body Slam","floor":13},{"not_picked":["Entrench","Sword Boomerang"],"picked":"Pommel Strike","floor":14},{"not_picked":["Berserk","Fiend Fire"],"picked":"Juggernaut","floor":16},{"not_picked":["Iron Wave","True Grit+1"],"picked":"Disarm+1","floor":18},{"not_picked":["Warcry","Armaments+1","Cleave"],"picked":"SKIP","floor":21},{"not_picked":["Rage","Power Through","Armaments"],"picked":"SKIP","floor":23},{"not_picked":["Dropkick","Clash","Sword Boomerang"],"picked":"SKIP","floor":24},{"not_picked":["Havoc","Dark Embrace","Blood for Blood"],"picked":"SKIP","floor":27},{"not_picked":["Iron Wave","Ghostly Armor+1"],"picked":"Pommel Strike+1","floor":28},{"not_picked":["Carnage+1","Havoc","Clash"],"picked":"SKIP","floor":30},{"not_picked":["Second Wind","Dropkick","Anger"],"picked":"SKIP","floor":31},{"not_picked":["Double Tap","Berserk"],"picked":"Barricade","floor":33},{"not_picked":["Rupture","Perfected Strike+1"],"picked":"Body Slam+1","floor":35},{"not_picked":["HandOfGreed","Purity"],"picked":"Bandage Up","floor":36},{"not_picked":["Reckless Charge+1","Pommel Strike+1","Infernal Blade"],"picked":"SKIP","floor":37},{"not_picked":["Sever Soul+1","Fire Breathing","Warcry+1"],"picked":"SKIP","floor":39},{"not_picked":["Dropkick","Armaments"],"picked":"Battle Trance+1","floor":40},{"not_picked":["Rampage","Warcry+1","Sword Boomerang"],"picked":"SKIP","floor":42},{"not_picked":["Headbutt","Armaments+1","Intimidate"],"picked":"SKIP","floor":45},{"not_picked":["Anger","Perfected Strike","Dark Embrace"],"picked":"SKIP","floor":47},{"not_picked":["Wild Strike","Twin Strike+1","Feel No Pain+1"],"picked":"SKIP","floor":54}],"player_experience":109523,"relics_obtained":[{"floor":8,"key":"Bag of Preparation"},{"floor":9,"key":"Regal Pillow"},{"floor":11,"key":"Blood Vial"},{"floor":19,"key":"Necronomicon"},{"floor":23,"key":"Vajra"},{"floor":40,"key":"Orichalcum"},{"floor":42,"key":"Whetstone"},{"floor":43,"key":"Mummified Hand"},{"floor":45,"key":"Darkstone Periapt"},{"floor":54,"key":"Shuriken"}],"event_choices":[{"damage_healed":0,"gold_gain":0,"player_choice":"0 cards matched","damage_taken":0,"max_hp_gain":0,"max_hp_loss":0,"event_name":"Match and Keep!","floor":3,"gold_loss":0,"cards_obtained":[]},{"damage_healed":0,"gold_gain":0,"player_choice":"Obtained Book","damage_taken":16,"max_hp_gain":0,"max_hp_loss":0,"event_name":"Cursed Tome","floor":19,"gold_loss":0},{"cards_removed":["Defend_R"],"damage_healed":0,"gold_gain":0,"player_choice":"Elegance","damage_taken":0,"max_hp_gain":0,"max_hp_loss":0,"event_name":"Back to Basics","floor":22,"gold_loss":0},{"damage_healed":0,"gold_gain":0,"player_choice":"Memory 1","damage_taken":0,"max_hp_gain":0,"max_hp_loss":0,"event_name":"SensoryStone","floor":36,"gold_loss":0},{"damage_healed":58,"gold_gain":0,"player_choice":"Heal","damage_taken":0,"max_hp_gain":0,"max_hp_loss":0,"event_name":"MindBloom","floor":44,"gold_loss":0,"cards_obtained":["Doubt"]},{"damage_healed":0,"gold_gain":0,"player_choice":"Ignored","damage_taken":0,"max_hp_gain":0,"max_hp_loss":0,"event_name":"Tomb of Lord Red Mask","floor":46,"gold_loss":0}],"is_beta":false,"boss_relics":[{"not_picked":["Eternal Feather","Orrery"],"picked":"Coffee Dripper"},{"not_picked":["Mark of Pain","Tiny House"],"picked":"Fusion Hammer"}],"items_purged_floors":[20,29,38,48],"is_endless":false,"potions_floor_spawned":[1,4,7,11,12,14,23,24,27,28,37,39,45,54],"killed_by":"The Heart","ascension_level":2}