{"gold_per_floor":[114,131,148,167,221,221,68,68,116,116,116,151,167,187,187,291,291],"floor_reached":17,"playtime":1765,"items_purged":["Strike_R"],"score":255,"play_id":"bb9f5860-b638-45c2-9f25-d085607c28c2","local_time":"20190201152154","is_ascension_mode":true,"campfire_choices":[{"data":"Clash","floor":6,"key":"SMITH"},{"data":"Spot Weakness","floor":8,"key":"SMITH"},{"data":"Inflame","floor":11,"key":"SMITH"},{"data":"Strike_R","floor":15,"key":"SMITH"}],"neow_cost":"NONE","seed_source_timestamp":343235156524208,"circlet_count":0,"master_deck":["Strike_R","Strike_R","Strike_R+1","Defend_R","Defend_R","Defend_R","Defend_R","Bash+1","Clash+1","Dual Wield","Spot Weakness+1","Inflame+1","Impervious","Heavy Blade","Injury","Clumsy","Shame"],"relics":["Burning Blood","Happy Flower","Lantern","Calling Bell","Smiling Mask","Sundial","Peace Pipe"],"potions_floor_usage":[],"damage_taken":[{"damage":6,"enemies":"Cultist","floor":1,"turns":3},{"damage":2,"enemies":"Jaw Worm","floor":2,"turns":3},{"damage":0,"enemies":"Small Slimes","floor":3,"turns":2},{"damage":9,"enemies":"Red Slaver","floor":4,"turns":3},{"damage":0,"enemies":"Lagavulin","floor":12,"turns":3},{"damage":8,"enemies":"Large Slime","floor":13,"turns":5},{"damage":9,"enemies":"Exordium Wildlife","floor":14,"turns":5},{"damage":0,"enemies":"Slime Boss","floor":16,"turns":5}],"seed_played":"7324309576854663045","potions_obtained":[{"floor":1,"key":"Dexterity Potion"},{"floor":3,"key":"GamblersBrew"},{"floor":16,"key":"EssenceOfSteel"}],"is_trial":false,"path_per_floor":["M","?","?","M"],"character_chosen":"IRONCLAD","items_purchased":["Inflame"],"campfire_rested":0,"item_purchase_floors":[7],"current_hp_per_floor":[80,80,80,77,77,77,77,77,77,77,77,80,78,75,75,80,80],"gold":291,"neow_bonus":"UPGRADE_CARD","is_prod":false,"is_daily":false,"chose_seed":false,"campfire_upgraded":4,"win_rate":0,"timestamp":1549030914,"path_taken":["M","?","M","M","?","R","$","R","T","?","R","E","M","?","R","BOSS"],"build_version":"2019-01-23","purchased_purges":1,"victory":false,"max_hp_per_floor":[80,80,80,80,80,80,80,80,80,80,80,80,80,80,80,80,80],"card_choices":[{"not_picked":["Rage","Iron Wave"],"picked":"Clash","floor":1},{"not_picked":["Pommel Strike","Headbutt"],"picked":"Dual Wield","floor":2},{"not_picked":["Sword Boomerang","Perfected Strike"],"picked":"Spot Weakness","floor":3},{"not_picked":["Anger","Blood for Blood","Twin Strike"],"picked":"SKIP","floor":4},{"not_picked":["Barricade","Reckless Charge"],"picked":"Impervious","floor":12},{"not_picked":["Feel No Pain","Body Slam","Clothesline"],"picked":"SKIP","floor":13},{"not_picked":["Feel No Pain","True Grit"],"picked":"Heavy Blade","floor":14}],"player_experience":71963,"relics_obtained":[{"floor":9,"key":"Happy Flower"},{"floor":12,"key":"Lantern"},{"floor":17,"key":"Smiling Mask"},{"floor":17,"key":"Sundial"},{"floor":17,"key":"Peace Pipe"}],"event_choices":[{"damage_healed":0,"gold_gain":54,"player_choice":"Gained Gold","damage_taken":0,"max_hp_gain":0,"max_hp_loss":0,"event_name":"Golden Wing","floor":5,"gold_loss":0},{"cards_removed":["Strike_R"],"damage_healed":0,"gold_gain":0,"player_choice":"Offered Basic","damage_taken":0,"max_hp_gain":0,"max_hp_loss":0,"event_name":"Bonfire Elementals","floor":10,"gold_loss":0}],"is_beta":false,"boss_relics":[{"not_picked":["Velvet Choker","Mark of Pain"],"picked":"Calling Bell"}],"items_purged_floors":[7],"is_endless":false,"potions_floor_spawned":[1,3,16],"ascension_level":2}