{"gold_per_floor":[118,137,157,157,8,34,34,48,48,148,148,161,161,188,188,291,291,275,285,43,57,76,76,110,128,128,128,128,79,98,98,98,98],"floor_reached":33,"playtime":1513,"items_purged":["Defend_G"],"score":429,"play_id":"398b27a0-ac63-4551-b228-920bf673ffc0","local_time":"20181118005246","is_ascension_mode":true,"campfire_choices":[{"floor":7.0,"key":"REST"},{"data":"Crippling Poison","floor":11.0,"key":"SMITH"},{"data":"Dash","floor":13.0,"key":"SMITH"},{"floor":15.0,"key":"REST"},{"floor":23,"key":"REST"},{"floor":27,"key":"REST"},{"data":"Blade Dance","floor":32,"key":"SMITH"}],"neow_cost":"NONE","seed_source_timestamp":564209208555100,"circlet_count":0,"master_deck":["AscendersBane","Defend_G","Defend_G","Defend_G","Defend_G","Strike_G","Strike_G","Strike_G","Strike_G","Survivor","Neutralize","All Out Attack","Leg Sweep","Heel Hook","Setup","Noxious Fumes","Crippling Poison+1","Footwork","Dash+1","Caltrops","Bullet Time","Tactician+1","Dagger Throw","All Out Attack","Blade Dance+1","Heel Hook","Backflip","Cloak And Dagger","Underhanded Strike+1"],"special_seed":0,"relics":["Ring of the Snake","Orichalcum","Regal Pillow","Kunai","Tingsha","Sozu","Omamori","Singing Bowl","Pantograph","MutagenicStrength"],"potions_floor_usage":[22,22],"damage_taken":[{"damage":0.0,"enemies":"2 Louse","floor":1.0,"turns":5.0},{"damage":0.0,"enemies":"Cultist","floor":2.0,"turns":4.0},{"damage":0.0,"enemies":"Small Slimes","floor":3.0,"turns":4.0},{"damage":37.0,"enemies":"Lagavulin","floor":6.0,"turns":9.0},{"damage":4.0,"enemies":"Blue Slaver","floor":8.0,"turns":4.0},{"damage":11.0,"enemies":"Exordium Thugs","floor":12.0,"turns":4.0},{"damage":19.0,"enemies":"Gremlin Nob","floor":14.0,"turns":5.0},{"damage":31.0,"enemies":"Slime Boss","floor":16.0,"turns":11.0},{"damage":4.0,"enemies":"2 Thieves","floor":18.0,"turns":4.0},{"damage":9,"enemies":"Chosen","floor":19,"turns":6},{"damage":26,"enemies":"Shelled Parasite and Fungi","floor":21,"turns":6},{"damage":23,"enemies":"Snake Plant","floor":22,"turns":5},{"damage":16,"enemies":"Book of Stabbing","floor":24,"turns":6},{"damage":8,"enemies":"Centurion and Healer","floor":25,"turns":8},{"damage":8,"enemies":"Cultist and Chosen","floor":30,"turns":6},{"damage":89,"enemies":"Collector","floor":33,"turns":7}],"seed_played":"-4144919381370785130","potions_obtained":[{"floor":1.0,"key":"GamblersBrew"},{"floor":8.0,"key":"Strength Potion"},{"floor":12.0,"key":"Regen Potion"}],"is_trial":false,"path_per_floor":["M","M","M","?","$","E","R","M","T","?","R","M","R","E","R","B",null,"M","M","M","$","M","M","R","E","M","T","R","?","$","M","?","R","B"],"character_chosen":"THE_SILENT","items_purchased":["Noxious Fumes","Dagger Throw","All Out Attack","Omamori","Cloak And Dagger"],"campfire_rested":4,"item_purchase_floors":[5,20,20,20,29],"current_hp_per_floor":[63,63,63,63,63,26,62,58,58,58,58,47,47,28,64,33,61,57,48,48,22,14,50,36,28,28,64,64,64,56,56,56,0],"gold":98,"neow_bonus":"RANDOM_COMMON_RELIC","is_prod":false,"is_daily":false,"chose_seed":false,"campfire_upgraded":3,"win_rate":0,"timestamp":1542527566,"path_taken":["M","M","M","?","?","E","R","M","T","?","R","M","R","E","R","BOSS","M","?","$","M","M","R","E","M","T","R","?","?","M","?","R","BOSS"],"build_version":"2018-11-15","purchased_purges":1,"victory":false,"max_hp_per_floor":[70,70,70,70,70,70,70,70,70,70,70,70,70,70,70,70,70,70,70,70,70,70,70,72,72,72,72,72,72,72,72,72,72],"card_choices":[{"not_picked":["Slice","Bouncing Flask"],"picked":"All Out Attack","floor":1.0},{"not_picked":["Flechettes","Outmaneuver"],"picked":"Leg Sweep","floor":2.0},{"not_picked":["Slice","Flying Knee"],"picked":"Heel Hook","floor":3.0},{"not_picked":["Dodge and Roll","Acrobatics"],"picked":"Crippling Poison","floor":6.0},{"not_picked":["Concentrate","PiercingWail"],"picked":"Footwork","floor":8.0},{"not_picked":["Escape Plan","Quick Slash"],"picked":"Dash","floor":12.0},{"not_picked":["Dash","Poisoned Stab"],"picked":"Caltrops","floor":14.0},{"not_picked":["Grand Finale","Phantasmal Killer"],"picked":"Bullet Time","floor":16.0},{"not_picked":["Masterful Stab+1","Acrobatics+1"],"picked":"Tactician+1","floor":18},{"not_picked":["Outmaneuver","Endless Agony","Sucker Punch"],"picked":"SKIP","floor":19},{"not_picked":["Burst","Masterful Stab+1"],"picked":"Blade Dance","floor":21},{"not_picked":["Bouncing Flask","Deflect"],"picked":"Heel Hook","floor":22},{"not_picked":["Slice","Deadly Poison+1","Flying Knee"],"picked":"Singing Bowl","floor":24},{"not_picked":["Endless Agony","Caltrops"],"picked":"Backflip","floor":25},{"not_picked":["Deadly Poison+1","Calculated Gamble"],"picked":"Underhanded Strike+1","floor":30}],"player_experience":619266,"relics_obtained":[{"floor":6.0,"key":"Regal Pillow"},{"floor":9.0,"key":"Kunai"},{"floor":14.0,"key":"Tingsha"},{"floor":24,"key":"Singing Bowl"},{"floor":26,"key":"Pantograph"}],"event_choices":[{"damage_healed":0.0,"max_hp_gain":0.0,"max_hp_loss":0.0,"gold_gain":0.0,"cards_transformed":["Strike_G"],"event_name":"Transmorgrifier","player_choice":"Transformed","floor":4.0,"gold_loss":0.0,"damage_taken":0.0,"cards_obtained":["Setup"]},{"damage_healed":0.0,"max_hp_gain":0.0,"max_hp_loss":0.0,"gold_gain":100.0,"event_name":"Golden Shrine","player_choice":"Pray","floor":10.0,"gold_loss":0.0,"damage_taken":0.0},{"damage_healed":0,"gold_gain":0,"player_choice":"Smashed Altar","damage_taken":0,"max_hp_gain":0,"max_hp_loss":0,"event_name":"Forgotten Altar","floor":28,"gold_loss":0,"cards_obtained":["Decay"]},{"damage_healed":0,"gold_gain":0,"player_choice":"Inject Mutagens","damage_taken":0,"relics_obtained":["MutagenicStrength"],"max_hp_gain":0,"max_hp_loss":0,"event_name":"Drug Dealer","floor":31,"gold_loss":0}],"is_beta":false,"boss_relics":[{"not_picked":["Pandora\u0027s Box","Philosopher\u0027s Stone"],"picked":"Sozu"}],"items_purged_floors":[5],"is_endless":false,"potions_floor_spawned":[1,8,12,18,25],"killed_by":"Collector","ascension_level":11}