{"gold_per_floor":[109,109,109,127,141,141,168,183,183,3,18,45,45,57,57,154,154,168,168,267,267,278,278,289,309,309,309,309,309],"floor_reached":29,"playtime":645,"items_purged":["Strike_R"],"score":250,"play_id":"de3f5084-6a7d-41b8-bfd0-7b487e0e1249","local_time":"20180730132736","is_ascension_mode":false,"campfire_choices":[{"data":"Whirlwind","floor":6,"key":"SMITH"},{"data":"Panacea","floor":13,"key":"SMITH"},{"data":"Body Slam","floor":15,"key":"SMITH"},{"data":"Immolate","floor":23,"key":"SMITH"},{"data":"Strike_R","floor":28,"key":"PURGE"}],"neow_cost":"NONE","seed_source_timestamp":1342793918096558,"circlet_count":0,"master_deck":["Strike_R","Strike_R","Defend_R","Defend_R","Defend_R","Defend_R","Bash","Dark Embrace","Whirlwind+1","Twin Strike","Body Slam+1","Anger","Panacea+1","Immolate+1","Double Tap+1","Armaments+1","Heavy Blade"],"relics":["Burning Blood","Oddly Smooth Stone","Meat on the Bone","Black Star","Pear","Peace Pipe"],"potions_floor_usage":[],"damage_taken":[{"damage":8,"enemies":"Cultist","floor":1,"turns":5},{"damage":1,"enemies":"Jaw Worm","floor":4,"turns":3},{"damage":7,"enemies":"Small Slimes","floor":5,"turns":3},{"damage":5,"enemies":"2 Fungi Beasts","floor":8,"turns":4},{"damage":13,"enemies":"Blue Slaver","floor":11,"turns":3},{"damage":20,"enemies":"Gremlin Nob","floor":12,"turns":4},{"damage":7,"enemies":"Red Slaver","floor":14,"turns":3},{"damage":34,"enemies":"Slime Boss","floor":16,"turns":9},{"damage":44,"enemies":"Shell Parasite","floor":18,"turns":6},{"damage":26,"enemies":"Spheric Guardian","floor":22,"turns":5},{"damage":30,"enemies":"Centurion and Healer","floor":24,"turns":4},{"damage":36,"enemies":"Snake Plant","floor":25,"turns":4},{"damage":40,"enemies":"Slaver and Parasite","floor":29,"turns":3}],"seed_played":"9012558840847368986","potions_obtained":[{"floor":4,"key":"Dexterity Potion"},{"floor":12,"key":"SkillPotion"},{"floor":16,"key":"GamblersBrew"}],"is_trial":false,"path_per_floor":["M","?","?","M","M","R","T","M","T","$","M","E","R","M","R","B",null,"M","?","?","?","M","R","M","M","T","?","R"],"character_chosen":"IRONCLAD","items_purchased":["Panacea"],"campfire_rested":0,"item_purchase_floors":[10],"current_hp_per_floor":[78,78,83,85,84,84,84,85,85,85,78,64,64,63,63,47,85,59,59,59,59,51,51,39,21,31,31,31,0],"gold":309,"neow_bonus":"ONE_RANDOM_RARE_CARD","is_prod":false,"is_daily":false,"chose_seed":false,"campfire_upgraded":4,"win_rate":0,"timestamp":1532978856,"path_taken":["M","?","?","M","M","R","?","?","T","$","?","E","R","M","R","BOSS","M","?","?","?","M","R","?","M","T","?","R","M"],"build_version":"2018-07-26","purchased_purges":1,"victory":false,"max_hp_per_floor":[80,80,85,85,85,85,85,85,85,85,85,85,85,85,85,85,85,85,85,85,85,85,85,85,85,95,95,95,95],"card_choices":[{"not_picked":["Wild Strike","Pommel Strike"],"picked":"Whirlwind","floor":1},{"not_picked":["Perfected Strike","Iron Wave"],"picked":"Twin Strike","floor":4},{"not_picked":["Entrench","Warcry"],"picked":"Body Slam","floor":5},{"not_picked":["Havoc","Iron Wave"],"picked":"Anger","floor":8},{"not_picked":["Iron Wave","Heavy Blade"],"picked":"Immolate","floor":11},{"not_picked":["Cleave","Reckless Charge","True Grit"],"picked":"SKIP","floor":12},{"not_picked":["Havoc","Fire Breathing","Heavy Blade"],"picked":"SKIP","floor":14},{"not_picked":["Exhume","Impervious"],"picked":"Double Tap","floor":16},{"not_picked":["Heavy Blade","Wild Strike"],"picked":"Armaments+1","floor":18},{"not_picked":["Headbutt","Fire Breathing","Pommel Strike+1"],"picked":"SKIP","floor":22},{"not_picked":["True Grit","Twin Strike"],"picked":"Heavy Blade","floor":24},{"not_picked":["Headbutt+1","Clash+1","Body Slam"],"picked":"SKIP","floor":25}],"player_experience":294731,"relics_obtained":[{"floor":9,"key":"Oddly Smooth Stone"},{"floor":12,"key":"Meat on the Bone"},{"floor":26,"key":"Pear"}],"event_choices":[{"event_name":"Golden Idol","player_choice":"Ignored","floor":2,"damage_taken":0},{"event_name":"Big Fish","player_choice":"Donut","floor":3,"damage_taken":0},{"event_name":"Accursed Blacksmith","player_choice":"Forge","floor":19,"damage_taken":0},{"event_name":"Nest","player_choice":"Stole From Cult","floor":20,"damage_taken":0},{"event_name":"Bonfire Elementals","player_choice":"BASIC","floor":21,"damage_taken":0},{"event_name":"WeMeetAgain","player_choice":"Potion","floor":27,"damage_taken":0}],"is_beta":false,"boss_relics":[{"not_picked":["Lizard Tail","Astrolabe"],"picked":"Black Star"}],"items_purged_floors":[10],"is_endless":false,"potions_floor_spawned":[4,12,16,24],"killed_by":"Slaver and Parasite","ascension_level":0}