{"gold_per_floor":[143,158,172,188,207,232,232,243,243,17,34,44,56,6,6,104,104,116,134,233,185,197,197,227,152,177,177,187,203,217,234,234,331,331,350,363,363,381,231,248,259,259,259,259,277,277,290,308,308,308],"floor_reached":51,"playtime":3897,"items_purged":["Strike_B"],"score":633,"play_id":"6b054b42-8406-444e-af2c-12af5063c2c8","local_time":"20180702003707","is_ascension_mode":false,"campfire_choices":[{"data":"Defragment","floor":7,"key":"SMITH"},{"data":"Creative AI","floor":15,"key":"SMITH"},{"data":"Sunder","floor":23,"key":"SMITH"},{"data":"Redo","floor":27,"key":"SMITH"},{"floor":32,"key":"REST"},{"data":"Buffer","floor":42,"key":"SMITH"},{"data":"Echo Form","floor":44,"key":"SMITH"},{"data":"Reboot","floor":46,"key":"SMITH"},{"data":"Chill","floor":49,"key":"SMITH"}],"neow_cost":"NONE","seed_source_timestamp":19299793175302,"circlet_count":0,"master_deck":["Defend_B+1","Defend_B","Defend_B","Dualcast","Recycle","Conserve Battery","FTL","Aggregate","Defragment+1","Echo Form+1","Sunder+1","Redo+1","Self Repair","Go for the Eyes","Consume","Creative AI+1","Reboot+1","Hyperbeam+1","Biased Cognition+1","Compile Driver+1","Chaos","Leap","Ball Lightning","Ball Lightning+1","BootSequence+1","Double Energy+1","Coolheaded","Cold Snap+1","Buffer+1","Chill+1","Hologram+1","Chill+1","Multi-Cast","Capacitor+1"],"relics":["Tiny House","Orichalcum","Mummified Hand","Bag of Preparation","Astrolabe","Vajra","Art of War","Nuclear Battery","Pen Nib","Thread and Needle"],"potions_floor_usage":[6,16,16,16,50,50,50],"damage_taken":[{"damage":0,"enemies":"Cultist","floor":1,"turns":3},{"damage":0,"enemies":"2 Louse","floor":2,"turns":3},{"damage":1,"enemies":"Jaw Worm","floor":3,"turns":4},{"damage":30,"enemies":"Large Slime","floor":4,"turns":10},{"damage":8,"enemies":"3 Louse","floor":5,"turns":5},{"damage":18,"enemies":"3 Sentries","floor":6,"turns":9},{"damage":2,"enemies":"Exordium Wildlife","floor":8,"turns":5},{"damage":4,"enemies":"Blue Slaver","floor":11,"turns":4},{"damage":0,"enemies":"Exordium Thugs","floor":12,"turns":4},{"damage":0,"enemies":"Lots of Slimes","floor":13,"turns":4},{"damage":27,"enemies":"Slime Boss","floor":16,"turns":10},{"damage":14,"enemies":"3 Byrds","floor":18,"turns":4},{"damage":26,"enemies":"2 Thieves","floor":19,"turns":4},{"damage":0,"enemies":"Snecko","floor":22,"turns":7},{"damage":27,"enemies":"Slavers","floor":24,"turns":3},{"damage":3,"enemies":"Cultist and Chosen","floor":28,"turns":4},{"damage":7,"enemies":"3 Cultists","floor":29,"turns":3},{"damage":23,"enemies":"Slaver and Parasite","floor":30,"turns":4},{"damage":1,"enemies":"Sentry and Sphere","floor":31,"turns":4},{"damage":16,"enemies":"Automaton","floor":33,"turns":12},{"damage":7,"enemies":"Orb Walker","floor":35,"turns":3},{"damage":0,"enemies":"3 Darklings","floor":36,"turns":5},{"damage":0,"enemies":"4 Shapes","floor":38,"turns":9},{"damage":0,"enemies":"Maw","floor":40,"turns":8},{"damage":13,"enemies":"Sphere and 2 Shapes","floor":41,"turns":4},{"damage":1,"enemies":"4 Shapes","floor":45,"turns":6},{"damage":0,"enemies":"Maw","floor":47,"turns":10},{"damage":0,"enemies":"3 Darklings","floor":48,"turns":6},{"damage":51,"enemies":"Awakened One","floor":50,"turns":12}],"seed_played":"-9005375501602907334","potions_obtained":[{"floor":0,"key":"Weak Potion"},{"floor":1,"key":"GamblersBrew"},{"floor":2,"key":"Fire Potion"},{"floor":6,"key":"Swift Potion"},{"floor":12,"key":"SkillPotion"},{"floor":19,"key":"Fire Potion"},{"floor":30,"key":"AttackPotion"},{"floor":31,"key":"Block Potion"},{"floor":33,"key":"FocusPotion"}],"is_trial":false,"path_per_floor":["M","M","M","M","M","E","R","M","T","$","M","M","M","?","R","B",null,"M","M","?","$","M","R","E","$","T","R","M","M","M","M","R","B",null,"M","M","?","M","$","M","M","R","T","R","M","R","M","M","R","B"],"character_chosen":"DEFECT","items_purchased":["Self Repair","Bag of Preparation","Ball Lightning","Pen Nib"],"campfire_rested":1,"item_purchase_floors":[10,10,21,39],"current_hp_per_floor":[80,80,79,49,41,23,23,21,21,21,24,31,31,31,31,4,80,66,47,47,47,54,54,34,34,34,34,31,31,8,7,31,22,80,73,80,80,80,80,80,67,67,67,67,80,80,80,80,80,43],"gold":308,"neow_bonus":"BOSS_RELIC","is_prod":false,"is_daily":false,"chose_seed":false,"campfire_upgraded":8,"win_rate":0,"timestamp":1530513427,"path_taken":["M","?","M","M","M","E","R","M","T","?","M","?","?","?","R","BOSS","M","M","?","$","M","R","E","$","T","R","M","M","M","M","R","BOSS","M","M","?","M","$","M","M","R","T","R","M","R","M","M","R","BOSS"],"build_version":"2018-06-28","purchased_purges":1,"victory":true,"max_hp_per_floor":[80,80,80,80,80,80,80,80,80,80,80,80,80,80,80,80,80,80,80,80,80,80,80,80,80,80,80,80,80,80,80,80,80,80,80,80,80,80,80,80,80,80,80,80,80,80,80,80,80,80],"card_choices":[{"not_picked":["Stack","Blizzard"],"picked":"Recycle","floor":0},{"not_picked":["Blizzard","Scrape"],"picked":"Conserve Battery","floor":1},{"not_picked":["Hologram","Steam"],"picked":"FTL","floor":2},{"not_picked":["Barrage","Go for the Eyes"],"picked":"Aggregate","floor":3},{"not_picked":["Coolheaded","Steam"],"picked":"Defragment","floor":4},{"not_picked":["Turbo","Redo"],"picked":"Echo Form","floor":5},{"not_picked":["Compile Driver","Beam Cell"],"picked":"Sunder","floor":6},{"not_picked":["Scrape","Cold Snap"],"picked":"Redo","floor":8},{"not_picked":["Gash","Compile Driver"],"picked":"Go for the Eyes","floor":11},{"not_picked":["Leap","Tempest"],"picked":"Consume","floor":12},{"not_picked":["Scrape","Hologram"],"picked":"Creative AI","floor":13},{"not_picked":["Multi-Cast","Echo Form"],"picked":"Reboot","floor":16},{"not_picked":["Gash","Coolheaded"],"picked":"Chaos","floor":18},{"not_picked":["Undo","Gash"],"picked":"Leap","floor":19},{"not_picked":["Compile Driver","Gash"],"picked":"Ball Lightning+1","floor":22},{"not_picked":["Auto Shields","Barrage","Steam"],"picked":"SKIP","floor":24},{"not_picked":["Darkness","Consume+1"],"picked":"BootSequence+1","floor":28},{"not_picked":["Coolheaded","Gash+1"],"picked":"Double Energy+1","floor":29},{"not_picked":["Barrage","Steam Power"],"picked":"Coolheaded","floor":30},{"not_picked":["Gash","Sweeping Beam"],"picked":"Cold Snap+1","floor":31},{"not_picked":["Biased Cognition","Electrodynamics"],"picked":"Buffer","floor":33},{"not_picked":["Steam","BootSequence"],"picked":"Chill","floor":35},{"not_picked":["Leap+1","Coolheaded+1","Sweeping Beam"],"picked":"SKIP","floor":36},{"not_picked":["Compile Driver+1","Fusion+1"],"picked":"Hologram+1","floor":38},{"not_picked":["Heatsinks+1","Steam+1","Scrape+1"],"picked":"SKIP","floor":40},{"not_picked":["Gash+1","Compile Driver"],"picked":"Chill+1","floor":41},{"not_picked":["Streamline+1","Hologram+1","Undo"],"picked":"SKIP","floor":45},{"not_picked":["Double Energy","Turbo"],"picked":"Multi-Cast","floor":47},{"not_picked":["Ball Lightning+1","Leap"],"picked":"Capacitor+1","floor":48}],"player_experience":107830,"relics_obtained":[{"floor":6,"key":"Orichalcum"},{"floor":9,"key":"Mummified Hand"},{"floor":24,"key":"Vajra"},{"floor":26,"key":"Art of War"},{"floor":43,"key":"Thread and Needle"}],"event_choices":[{"event_name":"The Cleric","player_choice":"Card Removal","floor":14,"damage_taken":0},{"event_name":"Nest","player_choice":"Stole From Cult","floor":20,"damage_taken":0},{"event_name":"Falling","player_choice":"Removed Skill","floor":37,"damage_taken":0}],"boss_relics":[{"not_picked":["Busted Crown","Philosopher\u0027s Stone"],"picked":"Astrolabe"},{"not_picked":["Pandora\u0027s Box","White Beast Statue"],"picked":"Nuclear Battery"}],"items_purged_floors":[25],"is_endless":false,"potions_floor_spawned":[1,2,3,5,6,12,19,30,31,33,36,40,45,47],"ascension_level":0}