{"gold_per_floor":[113,113,133,133,149,149,160,160,185,185,185,37,37,49,49,147,147,160,160,175,190,43,43,43,43,43,61,76,87,87,98,98,201,201,213,65,78,129,147,147,45,45,45,61,61,61,61,71,71,71],"floor_reached":50,"playtime":2927,"items_purged":[],"score":584,"play_id":"b8563e80-ab96-446f-8b4a-9c9cf9914e0a","local_time":"20180701211235","is_ascension_mode":false,"campfire_choices":[{"data":"Zap","floor":6,"key":"SMITH"},{"data":"Redo","floor":8,"key":"SMITH"},{"data":"Dualcast","floor":11,"key":"SMITH"},{"data":"Storm","floor":13,"key":"SMITH"},{"data":"Sweeping Beam","floor":15,"key":"SMITH"},{"floor":23,"key":"REST"},{"data":"Defragment","floor":25,"key":"SMITH"},{"floor":30,"key":"REST"},{"floor":32,"key":"REST"},{"floor":40,"key":"REST"},{"floor":42,"key":"REST"},{"data":"Consume","floor":47,"key":"SMITH"},{"data":"Seek","floor":49,"key":"SMITH"}],"neow_cost":"NONE","seed_source_timestamp":8009293269720,"circlet_count":0,"master_deck":["Strike_B+1","Strike_B+1","Defend_B+1","Defend_B+1","Defend_B+1","Defend_B+1","Zap+1","Dualcast+1","Leap","Storm+1","Redo+1","Force Field","Cold Snap","Sweeping Beam+1","Creative AI","Aggregate","Defragment+1","Consume+1","Rebound","Ball Lightning+1","Capacitor","Ball Lightning","Seek+1","Conserve Battery+1","Cold Snap","Tempest","Blind","Fusion+1","Hologram+1"],"relics":["Cracked Core","Happy Flower","Pen Nib","White Beast Statue","Bronze Scales","Blood Vial","Gambling Chip","Runic Pyramid","Bag of Marbles","Sundial","Orichalcum","Mango"],"potions_floor_usage":[33,38,39,46,50,50,50],"damage_taken":[{"damage":0,"enemies":"Cultist","floor":1,"turns":4},{"damage":5,"enemies":"Small Slimes","floor":3,"turns":4},{"damage":0,"enemies":"2 Louse","floor":5,"turns":2},{"damage":1,"enemies":"2 Fungi Beasts","floor":7,"turns":2},{"damage":3,"enemies":"Looter","floor":14,"turns":3},{"damage":46,"enemies":"Hexaghost","floor":16,"turns":11},{"damage":23,"enemies":"Shell Parasite","floor":18,"turns":6},{"damage":12,"enemies":"Spheric Guardian","floor":20,"turns":5},{"damage":58,"enemies":"Cultist and Chosen","floor":21,"turns":9},{"damage":5,"enemies":"Centurion and Healer","floor":27,"turns":9},{"damage":6,"enemies":"Sentry and Sphere","floor":28,"turns":4},{"damage":7,"enemies":"Snecko","floor":29,"turns":6},{"damage":20,"enemies":"Slaver and Parasite","floor":31,"turns":5},{"damage":3,"enemies":"Champ","floor":33,"turns":8},{"damage":21,"enemies":"3 Darklings","floor":35,"turns":5},{"damage":18,"enemies":"Orb Walker","floor":37,"turns":3},{"damage":50,"floor":38,"turns":5},{"damage":0,"enemies":"3 Darklings","floor":39,"turns":5},{"damage":0,"enemies":"Sphere and 2 Shapes","floor":44,"turns":4},{"damage":10,"floor":46,"turns":6},{"damage":17,"enemies":"4 Shapes","floor":48,"turns":5},{"damage":69,"enemies":"Awakened One","floor":50,"turns":13}],"seed_played":"375266369738403072","potions_obtained":[{"floor":21,"key":"SpeedPotion"},{"floor":33,"key":"SpeedPotion"},{"floor":35,"key":"Regen Potion"},{"floor":37,"key":"FocusPotion"},{"floor":38,"key":"Weak Potion"},{"floor":39,"key":"PowerPotion"},{"floor":46,"key":"Regen Potion"}],"is_trial":false,"path_per_floor":["M","?","M","?","M","R","M","R","T","?","R","$","R","M","R","B",null,"M","?","M","M","$","R","?","R","T","M","M","M","R","M","R","B",null,"M","$","M","?","M","R","$","R","T","M","?","?","R","M","R"],"character_chosen":"DEFECT","items_purchased":["Pen Nib","Blood Vial","Bag of Marbles","Blind"],"campfire_rested":5,"item_purchase_floors":[12,22,36,41],"current_hp_per_floor":[75,75,70,70,70,70,69,69,69,69,69,69,69,66,66,20,75,52,52,40,7,7,29,29,29,29,26,22,17,39,21,43,42,75,54,54,38,2,4,26,26,48,48,50,50,56,56,41,41,0],"gold":71,"neow_bonus":"THREE_SMALL_POTIONS","is_prod":false,"is_daily":false,"chose_seed":false,"campfire_upgraded":8,"win_rate":0,"timestamp":1530501155,"path_taken":["M","?","M","?","M","R","M","R","T","?","R","?","R","M","R","BOSS","M","?","M","M","$","R","?","R","T","M","M","M","R","?","R","BOSS","M","?","M","?","M","R","?","R","T","M","?","?","R","M","R","BOSS"],"build_version":"2018-06-28","purchased_purges":0,"victory":false,"max_hp_per_floor":[75,75,75,75,75,75,75,75,75,75,75,75,75,75,75,75,75,75,75,75,75,75,75,75,75,75,75,75,75,75,75,75,75,75,75,75,75,75,75,75,75,75,75,75,75,89,89,89,89,89],"card_choices":[{"not_picked":["Barrage","Genetic Algorithm"],"picked":"Leap","floor":1},{"not_picked":["Blizzard","Compile Driver"],"picked":"Redo","floor":3},{"not_picked":["Thunder Strike","Steam"],"picked":"Force Field","floor":5},{"not_picked":["Barrage","Reprogram"],"picked":"Cold Snap","floor":7},{"not_picked":["Turbo","Leap"],"picked":"Sweeping Beam","floor":14},{"not_picked":["Core Surge","Meteor Strike"],"picked":"Creative AI","floor":16},{"not_picked":["Hello World","Skim"],"picked":"Aggregate","floor":18},{"not_picked":["Cold Snap+1","Compile Driver"],"picked":"Defragment","floor":20},{"not_picked":["Stack+1","Go for the Eyes"],"picked":"Consume","floor":21},{"not_picked":["Compile Driver+1","Aggregate"],"picked":"Rebound","floor":27},{"not_picked":["Go for the Eyes+1","Creative AI"],"picked":"Ball Lightning+1","floor":28},{"not_picked":["Glacier","Melter"],"picked":"Capacitor","floor":29},{"not_picked":["Turbo","Go for the Eyes+1"],"picked":"Ball Lightning","floor":31},{"not_picked":["Core Surge","Machine Learning"],"picked":"Seek","floor":33},{"not_picked":["Leap","Coolheaded+1"],"picked":"Conserve Battery+1","floor":35},{"not_picked":["Undo+1","Sweeping Beam+1"],"picked":"Cold Snap","floor":37},{"not_picked":["Rebound","Capacitor"],"picked":"Tempest","floor":38},{"not_picked":["Tempest+1","Steam Power","Ball Lightning"],"picked":"SKIP","floor":39},{"not_picked":["Ball Lightning+1","Stack"],"picked":"Fusion+1","floor":44},{"not_picked":["Melter+1","Rebound+1"],"picked":"Hologram+1","floor":48}],"player_experience":100003,"relics_obtained":[{"floor":9,"key":"Happy Flower"},{"floor":26,"key":"Gambling Chip"},{"floor":38,"key":"Sundial"},{"floor":43,"key":"Orichalcum"},{"floor":46,"key":"Mango"}],"event_choices":[{"event_name":"Living Wall","player_choice":"Change","floor":2,"damage_taken":0},{"event_name":"The Cleric","player_choice":"Leave","floor":4,"damage_taken":0},{"event_name":"The Woman in Blue","player_choice":"Bought 0 Potions","floor":10,"damage_taken":0},{"event_name":"The Mausoleum","player_choice":"Yes","floor":19,"damage_taken":0},{"event_name":"Back to Basics","player_choice":"Simplicity","floor":24,"damage_taken":0},{"event_name":"Mysterious Sphere","player_choice":"Fight","floor":38,"damage_taken":0},{"event_name":"Purifier","player_choice":"One Purge","floor":45,"damage_taken":0},{"event_name":"MindBloom","player_choice":"Fight","floor":46,"damage_taken":0}],"boss_relics":[{"not_picked":["Runic Dome","Ectoplasm"],"picked":"White Beast Statue"},{"not_picked":["Snecko Eye","Coffee Dripper"],"picked":"Runic Pyramid"}],"items_purged_floors":[],"is_endless":false,"potions_floor_spawned":[7,14,18,20,21,27,28,29,31,33,35,37,38,39,44,46,48],"killed_by":"Awakened One","ascension_level":0}