{"gold_per_floor":[116,135,135,154,168,200,200,211,265,265],"floor_reached":10,"playtime":942,"items_purged":[],"score":77,"play_id":"e428dcbf-3f13-4af7-a29c-8f71b8aa7369","local_time":"20190304124220","is_ascension_mode":true,"campfire_choices":[{"floor":7,"key":"RECALL"}],"neow_cost":"NONE","seed_source_timestamp":837299948543902,"circlet_count":0,"master_deck":["Defend_G","Defend_G","Defend_G","Defend_G","Defend_G","Strike_G","Strike_G","Strike_G","Strike_G","Survivor","Neutralize","PiercingWail","Bouncing Flask"],"relics":["Ring of the Snake","Shuriken"],"potions_floor_usage":[],"damage_taken":[{"damage":6,"enemies":"Jaw Worm","floor":1,"turns":7},{"damage":3,"enemies":"2 Louse","floor":2,"turns":4},{"damage":9,"enemies":"Small Slimes","floor":4,"turns":6},{"damage":1,"enemies":"2 Fungi Beasts","floor":5,"turns":4},{"damage":37,"enemies":"Gremlin Nob","floor":6,"turns":7},{"damage":3,"enemies":"Blue Slaver","floor":8,"turns":5},{"damage":18,"enemies":"Lots of Slimes","floor":10,"turns":5}],"seed_played":"225751937989486416","potions_obtained":[{"floor":5,"key":"LiquidBronze"},{"floor":6,"key":"SteroidPotion"}],"is_trial":false,"path_per_floor":["M","M","?","M","M","E","R","M","T","M"],"character_chosen":"THE_SILENT","items_purchased":[],"campfire_rested":0,"item_purchase_floors":[],"current_hp_per_floor":[71,68,68,59,58,21,21,18,18,0],"gold":265,"neow_bonus":"TEN_PERCENT_HP_BONUS","is_prod":false,"is_daily":false,"chose_seed":false,"campfire_upgraded":0,"win_rate":0,"timestamp":1551732140,"path_taken":["M","M","?","M","M","E","R","M","T","M"],"build_version":"2019-01-23","purchased_purges":0,"victory":false,"max_hp_per_floor":[77,77,77,77,77,77,77,77,77,77],"card_choices":[{"not_picked":["Underhanded Strike","Outmaneuver","Flying Knee"],"picked":"SKIP","floor":1},{"not_picked":["Finisher","Outmaneuver","Flying Knee"],"picked":"SKIP","floor":2},{"not_picked":["Sucker Punch","Distraction"],"picked":"PiercingWail","floor":4},{"not_picked":["All Out Attack","Setup","Distraction"],"picked":"SKIP","floor":5},{"not_picked":["Dodge and Roll","Choke"],"picked":"Bouncing Flask","floor":6},{"not_picked":["Slice","All Out Attack","Dagger Throw"],"picked":"SKIP","floor":8}],"player_experience":82164,"relics_obtained":[{"floor":6,"key":"Shuriken"}],"event_choices":[{"cards_removed":["Strike_G"],"damage_healed":0,"gold_gain":0,"player_choice":"Forget","damage_taken":0,"max_hp_gain":0,"max_hp_loss":0,"event_name":"Living Wall","floor":3,"gold_loss":0}],"is_beta":false,"boss_relics":[],"items_purged_floors":[],"is_endless":false,"potions_floor_spawned":[5,6],"killed_by":"Lots of Slimes","ascension_level":2}