{"gold_per_floor":[110,130,130,140,153,179,179,1,1,16,73,73,73,87,87,182,182,194,208,218,235,6,6],"floor_reached":23,"playtime":1239,"items_purged":["Regret"],"score":215,"play_id":"60b67e60-1faa-434a-b00f-32c215f93648","local_time":"20180717153755","is_ascension_mode":true,"campfire_choices":[{"data":"Neutralize","floor":7,"key":"SMITH"},{"data":"Dash","floor":12,"key":"SMITH"},{"floor":15,"key":"REST"}],"neow_cost":"NONE","seed_source_timestamp":0,"circlet_count":0,"master_deck":["Defend_G","Defend_G","Defend_G","Defend_G","Defend_G","Strike_G","Strike_G","Strike_G","Strike_G","Survivor","Neutralize+1","Writhe","Clumsy","Dash+1","Dagger Throw","Malaise","Footwork","Poisoned Stab","Sucker Punch","Blade Dance","Noxious Fumes","Distraction+1","Catalyst","Night Terror","Deflect","Cloak And Dagger","Backflip","Heel Hook","Cloak And Dagger","Acrobatics+1","Infinite Blades","Setup"],"special_seed":17729,"relics":["Calling Bell","Mercury Hourglass","Bronze Scales","Shovel","Question Card","Blood Vial","Ninja Scroll","Lantern","Orrery","War Paint"],"potions_floor_usage":[23],"damage_taken":[{"damage":8,"enemies":"Jaw Worm","floor":1,"turns":4},{"damage":0,"enemies":"2 Louse","floor":2,"turns":2},{"damage":3,"enemies":"Cultist","floor":4,"turns":3},{"damage":18,"enemies":"Gremlin Gang","floor":5,"turns":5},{"damage":16,"enemies":"3 Sentries","floor":6,"turns":6},{"damage":3,"enemies":"Blue Slaver","floor":10,"turns":2},{"damage":4,"enemies":"3 Sentries","floor":11,"turns":5},{"damage":4,"enemies":"Large Slime","floor":14,"turns":5},{"damage":11,"enemies":"The Guardian","floor":16,"turns":10},{"damage":6,"enemies":"Chosen","floor":18,"turns":6},{"damage":27,"enemies":"Spheric Guardian","floor":19,"turns":4},{"damage":17,"enemies":"Snecko","floor":20,"turns":6},{"damage":9,"enemies":"Chosen and Byrds","floor":21,"turns":7},{"damage":26,"enemies":"Gremlin Leader","floor":23,"turns":3}],"seed_played":"-6709258171721631228","potions_obtained":[{"floor":6,"key":"SpeedPotion"},{"floor":10,"key":"Explosive Potion"},{"floor":16,"key":"Energy Potion"},{"floor":19,"key":"GhostInAJar"}],"is_trial":false,"path_per_floor":["M","M","?","M","M","E","R","$","T","M","?","R","?","M","R","B",null,"M","M","M","M","$"],"character_chosen":"THE_SILENT","items_purchased":["Blood Vial","Sucker Punch","War Paint"],"campfire_rested":1,"item_purchase_floors":[8,8,22],"current_hp_per_floor":[62,62,67,64,46,30,30,30,30,29,27,27,27,25,47,38,75,69,44,29,22,22,0],"gold":6,"neow_bonus":"BOSS_RELIC","is_prod":false,"is_daily":false,"chose_seed":false,"campfire_upgraded":2,"win_rate":0,"timestamp":1531863475,"path_taken":["M","M","?","M","M","E","R","$","T","M","?","R","?","M","R","BOSS","M","?","M","M","$","E"],"build_version":"2018-07-12","purchased_purges":1,"victory":false,"max_hp_per_floor":[70,70,75,75,75,75,75,75,75,75,75,75,75,75,75,75,75,75,75,75,75,75,75],"card_choices":[{"not_picked":["Prepared","Escape Plan"],"picked":"Dash","floor":1},{"not_picked":["Bane","Masterful Stab"],"picked":"Dagger Throw","floor":2},{"not_picked":["Reflex","Quick Slash"],"picked":"Malaise","floor":4},{"not_picked":["Prepared","Slice"],"picked":"Footwork","floor":5},{"not_picked":["Masterful Stab","Dagger Spray"],"picked":"Poisoned Stab","floor":6},{"not_picked":["Acrobatics","Backflip","Masterful Stab"],"picked":"Blade Dance","floor":10},{"not_picked":["Slice","Outmaneuver","Dodge and Roll"],"picked":"Noxious Fumes","floor":11},{"not_picked":["Dagger Spray","Bane","Poisoned Stab"],"picked":"Catalyst","floor":14},{"not_picked":["Die Die Die","Doppelganger","Venomology"],"picked":"Night Terror","floor":16},{"not_picked":["Dodge and Roll","Backflip","Expertise"],"picked":"Deflect","floor":17},{"not_picked":["Leg Sweep","Dagger Throw","Acrobatics"],"picked":"Cloak And Dagger","floor":17},{"not_picked":["Slice","Sucker Punch","Flying Knee"],"picked":"Backflip","floor":17},{"not_picked":["Dodge and Roll","Masterful Stab","Dash"],"picked":"Heel Hook","floor":17},{"not_picked":["Caltrops","Quick Slash","Deflect"],"picked":"Cloak And Dagger","floor":17},{"not_picked":["Expertise","Masterful Stab","Prepared"],"picked":"Acrobatics","floor":18},{"not_picked":["Underhanded Strike+1","Malaise","Skewer"],"picked":"Infinite Blades","floor":19},{"not_picked":["Escape Plan","Storm of Steel","Distraction"],"picked":"Setup","floor":20},{"not_picked":["Cloak And Dagger","Well Laid Plans","Outmaneuver","Sucker Punch+1"],"picked":"SKIP","floor":21}],"player_experience":223906,"relics_obtained":[{"floor":0,"key":"Mercury Hourglass"},{"floor":0,"key":"Bronze Scales"},{"floor":0,"key":"Shovel"},{"floor":6,"key":"Question Card"},{"floor":9,"key":"Ninja Scroll"},{"floor":11,"key":"Lantern"}],"event_choices":[{"event_name":"Big Fish","player_choice":"Donut","floor":3,"damage_taken":0},{"event_name":"Dead Adventurer","player_choice":"Searched \u00272\u0027 times","floor":11,"damage_taken":0},{"event_name":"Transmorgrifier","player_choice":"Transform","floor":13,"damage_taken":0}],"boss_relics":[{"not_picked":["Eternal Feather","Cursed Key"],"picked":"Orrery"}],"items_purged_floors":[22],"is_endless":false,"potions_floor_spawned":[6,10,16,19,20],"killed_by":"Gremlin Leader","ascension_level":2}