{"gold_per_floor":[118,136,151,168,168,168,199,199,222,222,240,255,255,278,278,407,407,425,438,459,558,118,118,118],"floor_reached":24,"playtime":1041,"items_purged":[],"score":200,"play_id":"b6fc6580-8cdd-468b-9d9e-c497681eb85f","local_time":"20180703013235","is_ascension_mode":false,"campfire_choices":[{"data":"Dualcast","floor":6,"key":"SMITH"},{"data":"Tempest","floor":8,"key":"SMITH"},{"floor":15,"key":"REST"},{"data":"Defragment","floor":23,"key":"SMITH"}],"neow_cost":"NONE","seed_source_timestamp":111890767987861,"circlet_count":0,"master_deck":["Zap+1","Dualcast+1","Fusion+1","Self Repair","Gash","Ball Lightning","Tempest+1","Conserve Battery","Capacitor","Loop","Creative AI","Defragment+1","Redo","BootSequence","Conserve Battery","Consume","Chaos","Coolheaded","Double Energy","Static Discharge","Stack+1"],"relics":["Cracked Core","Singing Bowl","War Paint","Golden Idol","Pandora\u0027s Box","Turnip","Bag of Marbles"],"potions_floor_usage":[16,16,24],"damage_taken":[{"damage":0,"enemies":"2 Louse","floor":1,"turns":3},{"damage":6,"enemies":"Cultist","floor":2,"turns":3},{"damage":1,"enemies":"Jaw Worm","floor":3,"turns":3},{"damage":4,"enemies":"3 Louse","floor":4,"turns":4},{"damage":41,"enemies":"Lagavulin","floor":7,"turns":7},{"damage":4,"enemies":"2 Fungi Beasts","floor":11,"turns":3},{"damage":9,"enemies":"Exordium Wildlife","floor":12,"turns":3},{"damage":9,"enemies":"Lots of Slimes","floor":14,"turns":3},{"damage":48,"enemies":"Hexaghost","floor":16,"turns":10},{"damage":5,"enemies":"Chosen","floor":18,"turns":5},{"damage":28,"enemies":"Shell Parasite","floor":19,"turns":5},{"damage":28,"enemies":"Cultist and Chosen","floor":20,"turns":7},{"damage":33,"enemies":"Book of Stabbing","floor":24,"turns":6}],"seed_played":"-2188095625860159545","potions_obtained":[{"floor":1,"key":"Regen Potion"},{"floor":2,"key":"Energy Potion"},{"floor":3,"key":"GamblersBrew"},{"floor":20,"key":"Block Potion"}],"is_trial":false,"path_per_floor":["M","M","M","M","?","R","E","R","T","?","M","M","?","M","R","B",null,"M","M","M","?","$","R"],"character_chosen":"DEFECT","items_purchased":["Turnip","Bag of Marbles"],"campfire_rested":1,"item_purchase_floors":[22,22],"current_hp_per_floor":[75,69,75,75,75,75,41,41,41,23,26,24,24,22,44,8,75,75,54,33,33,33,33,0],"gold":118,"neow_bonus":"UPGRADE_CARD","is_prod":false,"is_daily":false,"chose_seed":false,"campfire_upgraded":3,"win_rate":0,"timestamp":1530603155,"path_taken":["M","M","M","M","?","R","E","R","T","?","M","M","?","M","R","BOSS","M","M","M","?","$","R","E"],"build_version":"2018-06-28","purchased_purges":0,"victory":false,"max_hp_per_floor":[75,75,75,75,75,75,75,75,75,75,75,75,75,75,75,75,75,75,75,75,75,75,75,75],"card_choices":[{"not_picked":["Scrape","Turbo"],"picked":"Fusion","floor":1},{"not_picked":["Beam Cell","Melter"],"picked":"Self Repair","floor":2},{"not_picked":["Leap","Rebound"],"picked":"Gash","floor":3},{"not_picked":["Turbo","Streamline"],"picked":"Ball Lightning","floor":4},{"not_picked":["Cold Snap","Rip and Tear"],"picked":"Tempest","floor":7},{"not_picked":["Aggregate","Glacier"],"picked":"Conserve Battery","floor":11},{"not_picked":["Hyperbeam","Fusion"],"picked":"Capacitor","floor":12},{"not_picked":["Chaos","Rebound"],"picked":"Loop","floor":14},{"not_picked":["Amplify","Core Surge"],"picked":"Creative AI","floor":16},{"not_picked":["Barrage","Ball Lightning+1"],"picked":"Double Energy","floor":18},{"not_picked":["Undo","Streamline+1"],"picked":"Static Discharge","floor":19},{"not_picked":["Rebound+1","Turbo"],"picked":"Stack+1","floor":20}],"player_experience":127930,"relics_obtained":[{"floor":7,"key":"Singing Bowl"},{"floor":9,"key":"War Paint"}],"event_choices":[{"event_name":"The Lab","player_choice":"Got Potions","floor":5,"damage_taken":0},{"event_name":"Golden Idol","player_choice":"Take Damage","floor":10,"damage_taken":0},{"event_name":"Purifier","player_choice":"One Purge","floor":13,"damage_taken":0},{"event_name":"Nest","player_choice":"Stole From Cult","floor":21,"damage_taken":0}],"boss_relics":[{"not_picked":["White Beast Statue","Nuclear Battery"],"picked":"Pandora\u0027s Box"}],"items_purged_floors":[],"is_endless":false,"potions_floor_spawned":[1,2,3,20],"killed_by":"Book of Stabbing","ascension_level":0}