{"gold_per_floor":[169,169,179,179,199,199,218,218,287,20,42,42,42,54,54,152,152,171,188,188,43,43],"floor_reached":22,"playtime":834,"items_purged":["Strike_B"],"score":174,"play_id":"6872c403-b965-4bc2-a374-ed502b7fb7a9","local_time":"20180806115033","is_ascension_mode":false,"campfire_choices":[{"data":"Loop","floor":6,"key":"SMITH"},{"data":"Rip and Tear","floor":8,"key":"SMITH"},{"data":"Panache","floor":13,"key":"SMITH"},{"data":"Go for the Eyes","floor":15,"key":"SMITH"}],"neow_cost":"NONE","seed_source_timestamp":1941496471467171,"circlet_count":0,"master_deck":["Strike_B","Strike_B","Strike_B","Defend_B+1","Defend_B","Defend_B+1","Defend_B","Zap+1","Dualcast","Conserve Battery","Coolheaded","Leap","Loop+1","Rip and Tear+1","Panache+1","Capacitor","Ball Lightning","Go for the Eyes+1","Biased Cognition","Fusion","Fusion","Deep Breath","Trip","Panacea","Steam","Stack"],"relics":["Tiny House"],"potions_floor_usage":[11,19,19,22,22],"damage_taken":[{"damage":0,"enemies":"2 Louse","floor":1,"turns":3},{"damage":0,"enemies":"Jaw Worm","floor":3,"turns":3},{"damage":0,"enemies":"Cultist","floor":5,"turns":5},{"damage":8,"enemies":"Exordium Thugs","floor":7,"turns":8},{"damage":8,"floor":11,"turns":3},{"damage":6,"enemies":"2 Fungi Beasts","floor":14,"turns":4},{"damage":21,"enemies":"The Guardian","floor":16,"turns":10},{"damage":15,"enemies":"Spheric Guardian","floor":18,"turns":5},{"damage":15,"enemies":"3 Byrds","floor":19,"turns":5},{"damage":26,"enemies":"Cultist and Chosen","floor":22,"turns":4}],"seed_played":"7978780552049997876","potions_obtained":[{"floor":0,"key":"Explosive Potion"},{"floor":3,"key":"Block Potion"},{"floor":7,"key":"LiquidBronze"},{"floor":16,"key":"FocusPotion"},{"floor":19,"key":"PowerPotion"}],"is_trial":false,"path_per_floor":["M","?","M","?","M","R","M","R","T","$","?","?","R","M","R","B",null,"M","M","?","$"],"character_chosen":"DEFECT","items_purchased":["Panache","Capacitor","Ball Lightning","Steam","Stack"],"campfire_rested":0,"item_purchase_floors":[10,10,10,21,21],"current_hp_per_floor":[80,64,64,64,64,64,56,56,56,56,48,48,48,42,42,21,80,65,50,18,18,0],"gold":43,"neow_bonus":"BOSS_RELIC","is_prod":false,"is_daily":false,"chose_seed":false,"campfire_upgraded":4,"win_rate":0,"timestamp":1533577833,"path_taken":["M","?","M","?","M","R","?","R","T","?","?","?","R","M","R","BOSS","M","?","?","$","?"],"build_version":"2018-08-02","purchased_purges":1,"victory":false,"max_hp_per_floor":[80,80,80,80,80,80,80,80,80,80,80,80,80,80,80,80,80,80,80,80,80,80],"card_choices":[{"not_picked":["Doom and Gloom","Steam"],"picked":"Conserve Battery","floor":0},{"not_picked":["Rebound","Compile Driver"],"picked":"Coolheaded","floor":1},{"not_picked":["BootSequence","Steam Power"],"picked":"Leap","floor":3},{"not_picked":["Chaos","Turbo"],"picked":"Loop","floor":5},{"not_picked":["Aggregate","Steam"],"picked":"Rip and Tear","floor":7},{"not_picked":["Barrage","Leap"],"picked":"Go for the Eyes","floor":14},{"not_picked":["Machine Learning","Seek"],"picked":"Biased Cognition","floor":16},{"not_picked":["White Noise","Conserve Battery"],"picked":"Fusion","floor":18},{"not_picked":["Rebound","Steam"],"picked":"Fusion","floor":19}],"player_experience":343661,"relics_obtained":[],"event_choices":[{"event_name":"Shining Light","player_choice":"Entered Light","floor":2,"damage_taken":0},{"event_name":"Liars Game","player_choice":"disagreed","floor":4,"damage_taken":0},{"event_name":"Mushrooms","player_choice":"Fought Mushrooms","floor":11,"damage_taken":0},{"event_name":"Golden Idol","player_choice":"Ignored","floor":12,"damage_taken":0},{"event_name":"Knowing Skull","player_choice":"CARD CARD CARD ","floor":20,"damage_taken":0}],"is_beta":false,"boss_relics":[{"not_picked":["Nuclear Battery","Astrolabe","Philosopher\u0027s Stone"]}],"items_purged_floors":[21],"is_endless":false,"potions_floor_spawned":[3,7,16,18,19],"killed_by":"Cultist and Chosen","ascension_level":0}