{"gold_per_floor":[112,132,152,162,180,180,180,196,223,233,249,260,277,290,290,385,385,405,424,198,212,228,228,29,42,42,42,52,52,68,83,83,179,179,193,93,103,121,121,154,43,343,394,409,409,428,428,87,87,87],"floor_reached":51,"playtime":5799,"items_purged":["Strike_G","Strike_G","Writhe"],"score":733,"play_id":"290dcb36-d590-4b14-9e19-da42984ea512","local_time":"20190218153704","is_ascension_mode":false,"campfire_choices":[{"floor":6,"key":"REST"},{"data":"Deadly Poison","floor":15,"key":"SMITH"},{"data":"Catalyst","floor":23,"key":"SMITH"},{"data":"Deadly Poison","floor":27,"key":"SMITH"},{"data":"Leg Sweep","floor":29,"key":"SMITH"},{"data":"Bouncing Flask","floor":32,"key":"SMITH"},{"data":"Catalyst","floor":47,"key":"SMITH"},{"data":"Neutralize","floor":49,"key":"SMITH"}],"neow_cost":"NONE","seed_source_timestamp":61363036059004,"circlet_count":0,"master_deck":["Defend_G","Defend_G","Defend_G","Defend_G","Defend_G","Strike_G","Strike_G","Strike_G","Survivor","Neutralize+1","Bouncing Flask+1","PiercingWail","Well Laid Plans","Discovery","Backstab","PiercingWail","Deadly Poison+1","Cloak And Dagger","Deadly Poison+1","Catalyst+1","Leg Sweep+1","PiercingWail+1","Catalyst+1","Footwork","Footwork"],"relics":["Ring of the Snake","Orichalcum","Coffee Dripper","Snake Skull","TwistedFunnel","Mummified Hand","Lizard Tail","Bottled Flame","Blood Vial"],"potions_floor_usage":[5,16,16,16,19,21,28,31,33,33,40,50],"damage_taken":[{"damage":0,"enemies":"Jaw Worm","floor":1,"turns":7},{"damage":1,"enemies":"Cultist","floor":2,"turns":4},{"damage":0,"enemies":"2 Louse","floor":3,"turns":4},{"damage":10,"enemies":"Large Slime","floor":4,"turns":6},{"damage":34,"enemies":"Exordium Thugs","floor":5,"turns":12},{"damage":1,"enemies":"3 Louse","floor":8,"turns":6},{"damage":7,"enemies":"Large Slime","floor":10,"turns":7},{"damage":0,"enemies":"2 Fungi Beasts","floor":11,"turns":4},{"damage":0,"enemies":"Exordium Wildlife","floor":12,"turns":4},{"damage":0,"enemies":"Large Slime","floor":13,"turns":6},{"damage":0,"enemies":"Blue Slaver","floor":14,"turns":3},{"damage":25,"enemies":"Slime Boss","floor":16,"turns":14},{"damage":5,"enemies":"Chosen","floor":18,"turns":6},{"damage":0,"enemies":"2 Thieves","floor":19,"turns":4},{"damage":8,"enemies":"3 Cultists","floor":21,"turns":6},{"damage":0,"enemies":"Snake Plant","floor":22,"turns":3},{"damage":2,"enemies":"Centurion and Healer","floor":25,"turns":5},{"damage":0,"enemies":"Snecko","floor":28,"turns":2},{"damage":0,"enemies":"Snake Plant","floor":30,"turns":4},{"damage":0,"enemies":"Centurion and Healer","floor":31,"turns":3},{"damage":15,"enemies":"Champ","floor":33,"turns":11},{"damage":16,"enemies":"3 Darklings","floor":35,"turns":4},{"damage":0,"enemies":"3 Shapes","floor":37,"turns":3},{"damage":1,"enemies":"Transient","floor":38,"turns":5},{"damage":58,"enemies":"Reptomancer","floor":40,"turns":5},{"damage":0,"enemies":"Spire Growth","floor":44,"turns":4},{"damage":12,"enemies":"Maw","floor":46,"turns":8},{"damage":72,"enemies":"Awakened One","floor":50,"turns":18}],"seed_played":"-4877253596002120663","potions_obtained":[{"floor":2,"key":"SpeedPotion"},{"floor":3,"key":"Dexterity Potion"},{"floor":4,"key":"Block Potion"},{"floor":5,"key":"SteroidPotion"},{"floor":16,"key":"AttackPotion"},{"floor":18,"key":"GhostInAJar"},{"floor":19,"key":"PowerPotion"},{"floor":25,"key":"Weak Potion"},{"floor":28,"key":"Ancient Potion"},{"floor":30,"key":"Regen Potion"},{"floor":38,"key":"FearPotion"}],"is_trial":false,"path_per_floor":["M","M","M","M","M","R","?","M","T","M","M","M","M","M","R","B",null,"M","M","$","M","M","R","$","M","T","R","M","R","M","M","R","B",null,"M","$","M","M","?","E","$","?","T","M","?","M","R","$","R","B",null],"character_chosen":"THE_SILENT","items_purchased":["Snake Skull","TwistedFunnel","Catalyst","Footwork","FairyPotion","EssenceOfSteel","Footwork"],"campfire_rested":1,"item_purchase_floors":[20,24,41,41,48,48,48],"current_hp_per_floor":[77,76,76,66,32,55,55,54,54,47,47,47,47,47,47,22,77,72,72,72,64,64,64,64,62,62,62,62,62,62,74,74,59,77,61,61,61,60,77,19,19,19,19,21,67,55,55,55,55,33],"gold":87,"neow_bonus":"TEN_PERCENT_HP_BONUS","is_prod":false,"is_daily":false,"chose_seed":false,"campfire_upgraded":7,"win_rate":0.0,"timestamp":1550533024,"path_taken":["M","M","M","M","M","R","?","M","T","M","M","?","M","M","R","BOSS","M","M","$","M","M","R","$","M","T","R","M","R","M","M","R","BOSS","M","$","M","M","?","E","$","?","T","?","?","M","R","$","R","BOSS"],"build_version":"2019-01-23","purchased_purges":3,"victory":true,"max_hp_per_floor":[77,77,77,77,77,77,77,77,77,77,77,77,77,77,77,77,77,77,77,77,77,77,77,77,77,77,77,77,77,77,77,77,77,77,77,77,77,77,77,77,77,77,77,77,67,67,67,67,67,67],"card_choices":[{"not_picked":["Poisoned Stab","Finisher","Crippling Poison"],"picked":"SKIP","floor":1},{"not_picked":["Cloak And Dagger","Footwork"],"picked":"Bouncing Flask","floor":2},{"not_picked":["Quick Slash","Deflect"],"picked":"PiercingWail","floor":3},{"not_picked":["Outmaneuver","Flying Knee"],"picked":"Well Laid Plans","floor":4},{"not_picked":["Poisoned Stab","Endless Agony","Malaise"],"picked":"SKIP","floor":5},{"not_picked":["Backflip","Escape Plan"],"picked":"Backstab","floor":8},{"not_picked":["Terror","Crippling Poison"],"picked":"PiercingWail","floor":10},{"not_picked":["Poisoned Stab","Well Laid Plans","Dagger Throw"],"picked":"SKIP","floor":11},{"not_picked":["Backflip","Finisher"],"picked":"Deadly Poison","floor":12},{"not_picked":["Accuracy","Deflect"],"picked":"Cloak And Dagger","floor":13},{"not_picked":["Bane","Dodge and Roll","Acrobatics"],"picked":"SKIP","floor":14},{"not_picked":["Flying Knee+1","PiercingWail","Acrobatics"],"picked":"SKIP","floor":18},{"not_picked":["Acrobatics","Prepared+1"],"picked":"Deadly Poison","floor":19},{"not_picked":["Underhanded Strike","Bane+1"],"picked":"Catalyst","floor":21},{"not_picked":["Expertise","Bane+1","A Thousand Cuts"],"picked":"SKIP","floor":22},{"not_picked":["Deflect+1","Eviscerate"],"picked":"Leg Sweep","floor":25},{"not_picked":["Flying Knee","Infinite Blades+1"],"picked":"PiercingWail+1","floor":28},{"not_picked":["Dagger Throw","Quick Slash","Outmaneuver"],"picked":"SKIP","floor":30},{"not_picked":["Flying Knee+1","Tactician","All Out Attack"],"picked":"SKIP","floor":31},{"not_picked":["Riddle With Holes+1","Dagger Spray+1","Dagger Throw"],"picked":"SKIP","floor":35},{"not_picked":["Backflip+1","Poisoned Stab+1","Blur"],"picked":"SKIP","floor":37},{"not_picked":["Blade Dance+1","Skewer","PiercingWail+1"],"picked":"SKIP","floor":38},{"not_picked":["Dagger Spray","Finisher","Doppelganger"],"picked":"SKIP","floor":40},{"not_picked":["Quick Slash","Caltrops","Heel Hook"],"picked":"SKIP","floor":44},{"not_picked":["Acrobatics+1","Dodge and Roll","Quick Slash+1"],"picked":"SKIP","floor":46}],"player_experience":49513,"relics_obtained":[{"floor":9,"key":"Orichalcum"},{"floor":26,"key":"Mummified Hand"},{"floor":40,"key":"Bottled Flame"},{"floor":43,"key":"Blood Vial"}],"event_choices":[{"damage_healed":0,"gold_gain":0,"player_choice":"1 cards matched","damage_taken":0,"max_hp_gain":0,"max_hp_loss":0,"event_name":"Match and Keep!","floor":7,"gold_loss":0,"cards_obtained":["Discovery"]},{"damage_healed":19,"gold_gain":0,"player_choice":"Writhe","damage_taken":0,"max_hp_gain":0,"max_hp_loss":0,"event_name":"Winding Halls","floor":39,"gold_loss":0,"cards_obtained":["Writhe"]},{"damage_healed":0,"gold_gain":300,"player_choice":"Gold","damage_taken":0,"max_hp_gain":0,"max_hp_loss":0,"event_name":"Wheel of Change","floor":42,"gold_loss":0},{"damage_healed":67,"gold_gain":0,"player_choice":"Heal","damage_taken":0,"max_hp_gain":0,"max_hp_loss":10,"event_name":"The Moai Head","floor":45,"gold_loss":0}],"is_beta":false,"boss_relics":[{"not_picked":["Fusion Hammer","Ring of the Serpent"],"picked":"Coffee Dripper"},{"not_picked":["Astrolabe","HoveringKite"],"picked":"Lizard Tail"}],"items_purged_floors":[20,36,48],"is_endless":false,"potions_floor_spawned":[2,3,4,5,16,18,19,25,28,30,38],"ascension_level":0}