{"gold_per_floor":[111,111,131,131,146,181,199,227,227,242,242,257,257,287,287,390,390,407,407,419,436,453,453,54,82,82,95,95,19,19,35,35,133,133,149,167,21,32,32,32,51,64,64,64,84,184,184,198,198,198,198,198,25,58,58],"floor_reached":56,"playtime":2566,"items_purged":[],"score":1213,"play_id":"6f5b5667-d01f-469c-a840-5fc4074b0956","local_time":"20181130132604","is_ascension_mode":false,"campfire_choices":[{"data":"White Noise","floor":11.0,"key":"SMITH"},{"data":"Zap","floor":13.0,"key":"SMITH"},{"floor":15.0,"key":"RECALL"},{"data":"Self Repair","floor":23.0,"key":"SMITH"},{"data":"Glacier","floor":28.0,"key":"SMITH"},{"data":"Creative AI","floor":32.0,"key":"SMITH"},{"data":"Coolheaded","floor":40.0,"key":"SMITH"},{"data":"Force Field","floor":44,"key":"SMITH"},{"data":"Force Field","floor":47,"key":"SMITH"},{"data":"Conserve Battery","floor":49,"key":"SMITH"},{"data":"Dualcast","floor":52,"key":"SMITH"}],"neow_cost":"NONE","seed_source_timestamp":161179284886678,"circlet_count":0,"master_deck":["Strike_B","Strike_B","Defend_B","Defend_B","Defend_B","Defend_B","Zap+1","Dualcast+1","White Noise+1","Streamline","Self Repair+1","Force Field+1","Cold Snap","Conserve Battery+1","Ball Lightning","Meteor Strike","Creative AI+1","Chaos+1","Hologram+1","Force Field+1","Reboot","Coolheaded+1","Glacier+1","Loop+1","Chill","Biased Cognition+1","Storm+1","Heatsinks+1","Capacitor+1","Hologram+1","Chill+1","Loop+1","Glacier+1","Loop+1","Apotheosis","Hello World+1"],"special_seed":0,"relics":["Cracked Core","Strawberry","Art of War","Sundial","Calipers","StoneCalendar","Coffee Dripper","Gremlin Horn","Vajra","Frozen Egg 2","Runic Dome","Bronze Scales","Prayer Wheel","Mummified Hand"],"potions_floor_usage":[42,42,50,55,55],"damage_taken":[{"damage":3.0,"enemies":"Small Slimes","floor":1.0,"turns":3.0},{"damage":0.0,"enemies":"Jaw Worm","floor":3.0,"turns":3.0},{"damage":1.0,"enemies":"Cultist","floor":5.0,"turns":3.0},{"damage":21.0,"enemies":"3 Sentries","floor":6.0,"turns":7.0},{"damage":5.0,"enemies":"Looter","floor":7.0,"turns":3.0},{"damage":9.0,"enemies":"Gremlin Nob","floor":8.0,"turns":4.0},{"damage":16.0,"enemies":"Lots of Slimes","floor":10.0,"turns":6.0},{"damage":2.0,"enemies":"3 Louse","floor":12.0,"turns":3.0},{"damage":38.0,"enemies":"Hexaghost","floor":16.0,"turns":10.0},{"damage":0.0,"enemies":"Shell Parasite","floor":18.0,"turns":4.0},{"damage":23.0,"enemies":"2 Thieves","floor":20.0,"turns":4.0},{"damage":10.0,"enemies":"Centurion and Healer","floor":21.0,"turns":7.0},{"damage":37.0,"enemies":"3 Cultists","floor":22.0,"turns":7.0},{"damage":34.0,"enemies":"Book of Stabbing","floor":25.0,"turns":6.0},{"damage":14.0,"enemies":"Cultist and Chosen","floor":27.0,"turns":7.0},{"damage":2.0,"enemies":"Snecko","floor":31.0,"turns":5.0},{"damage":14.0,"enemies":"Automaton","floor":33.0,"turns":11.0},{"damage":0.0,"enemies":"3 Shapes","floor":35.0,"turns":7.0},{"damage":44.0,"enemies":"3 Darklings","floor":36.0,"turns":5.0},{"damage":13.0,"enemies":"Spire Growth","floor":38.0,"turns":5.0},{"damage":12,"enemies":"Jaw Worm Horde","floor":41,"turns":5},{"damage":0,"enemies":"4 Shapes","floor":42,"turns":4},{"damage":0,"enemies":"Spire Growth","floor":45,"turns":6},{"damage":0,"enemies":"Mind Bloom Boss Battle","floor":46,"turns":4},{"damage":43,"enemies":"Writhing Mass","floor":48,"turns":5},{"damage":17,"enemies":"Time Eater","floor":50,"turns":8},{"damage":18,"enemies":"Shield and Spear","floor":54,"turns":5},{"damage":35,"enemies":"The Heart","floor":55,"turns":10}],"seed_played":"-486572786912213322","potions_obtained":[{"floor":1.0,"key":"Regen Potion"},{"floor":6.0,"key":"AttackPotion"},{"floor":12.0,"key":"Dexterity Potion"},{"floor":19.0,"key":"Swift Potion"},{"floor":20.0,"key":"PowerPotion"},{"floor":27.0,"key":"PowerPotion"},{"floor":36.0,"key":"EntropicBrew"},{"floor":41,"key":"EntropicBrew"}],"is_trial":false,"path_per_floor":["M","?","M","?","M","E","M","E","T","M","R","M","R","?","R","B",null,"M","?","M","M","M","R","$","E","E","T","M","R","$","?","M","R","B",null,"M","M","$","M","?","R","M","M","T","R","M","?","R","M","R","B",null,"R","$","E","B",null],"character_chosen":"DEFECT","items_purchased":["Reboot","Gremlin Horn","Loop+1","Bronze Scales","Apotheosis"],"campfire_rested":0,"item_purchase_floors":[24,24,29,37,53],"current_hp_per_floor":[79,79,79,84,83,76,78,76,76,74,74,79,79,79,79,48,87,87,87,71,68,38,38,38,26,26,22,22,22,22,30,30,26,87,87,53,53,50,50,50,48,58,58,58,68,78,78,45,45,38,87,87,87,79,54],"gold":58,"neow_bonus":"RANDOM_COMMON_RELIC","is_prod":false,"is_daily":false,"chose_seed":false,"campfire_upgraded":10,"win_rate":0,"timestamp":1543609564,"path_taken":["M","?","M","?","M","E","M","E","T","M","R","M","R","?","R","BOSS","M","?","?","M","M","R","$","E","T","M","R","$","?","M","R","BOSS","M","?","$","M","?","R","M","M","T","R","M","?","R","M","R","BOSS","R","$","E","BOSS"],"build_version":"2018-11-15","purchased_purges":0,"victory":true,"max_hp_per_floor":[82,82,82,87,87,87,87,87,87,87,87,87,87,87,87,87,87,87,87,87,87,87,87,87,87,87,87,87,87,87,87,87,87,87,87,87,87,87,87,87,87,87,87,87,87,87,87,87,87,87,87,87,87,87,87],"card_choices":[{"not_picked":["Stack","Self Repair"],"picked":"White Noise","floor":1.0},{"not_picked":["Hologram","Steam"],"picked":"Streamline","floor":3.0},{"not_picked":["Beam Cell","Undo"],"picked":"Self Repair","floor":5.0},{"not_picked":["Stack","Turbo"],"picked":"Force Field","floor":6.0},{"not_picked":["Turbo","Compile Driver"],"picked":"Cold Snap","floor":7.0},{"not_picked":["Go for the Eyes","Redo"],"picked":"Conserve Battery","floor":8.0},{"not_picked":["Steam","Melter"],"picked":"Ball Lightning","floor":10.0},{"not_picked":["Beam Cell","Steam Power"],"picked":"Meteor Strike","floor":12.0},{"not_picked":["Machine Learning","Buffer"],"picked":"Creative AI","floor":16.0},{"not_picked":["Go for the Eyes","Turbo"],"picked":"Chaos+1","floor":18.0},{"not_picked":["Conserve Battery","Streamline"],"picked":"Hologram+1","floor":20.0},{"not_picked":["Steam","Sunder","Rebound"],"picked":"SKIP","floor":21.0},{"not_picked":["Redo","Stack+1"],"picked":"Force Field","floor":22.0},{"not_picked":["Rebound","Hologram"],"picked":"Coolheaded","floor":25.0},{"not_picked":["Creative AI+1","Rip and Tear"],"picked":"Glacier","floor":27.0},{"not_picked":["Beam Cell","Hologram","Leap"],"picked":"SKIP","floor":31.0},{"not_picked":["Rainbow","Meteor Strike"],"picked":"Biased Cognition+1","floor":33.0},{"not_picked":["Auto Shields","Rebound+1"],"picked":"Storm+1","floor":35.0},{"not_picked":["Redo+1","Scrape+1"],"picked":"Heatsinks+1","floor":36.0},{"not_picked":["Conserve Battery","Recycle+1"],"picked":"Capacitor+1","floor":38.0},{"not_picked":["Rebound+1","Go for the Eyes+1"],"picked":"Hologram+1","floor":41},{"not_picked":["Stack+1","Sweeping Beam","Steam"],"picked":"SKIP","floor":42},{"not_picked":["Turbo+1","Fission"],"picked":"Chill+1","floor":45},{"not_picked":["FTL+1","Rebound+1"],"picked":"Loop+1","floor":46},{"not_picked":["Redo","Barrage+1"],"picked":"Glacier+1","floor":48},{"not_picked":["Conserve Battery+1","Double Energy"],"picked":"Loop+1","floor":48},{"not_picked":["Rebound+1","Cold Snap"],"picked":"Hello World+1","floor":54}],"player_experience":649514,"relics_obtained":[{"floor":6.0,"key":"Art of War"},{"floor":8.0,"key":"Sundial"},{"floor":9.0,"key":"Calipers"},{"floor":25.0,"key":"Vajra"},{"floor":26.0,"key":"Frozen Egg 2"},{"floor":46,"key":"Prayer Wheel"},{"floor":54,"key":"Mummified Hand"}],"event_choices":[{"damage_healed":0.0,"max_hp_gain":0.0,"max_hp_loss":0.0,"gold_gain":0.0,"event_name":"Liars Game","player_choice":"Ignored","floor":2.0,"gold_loss":0.0,"damage_taken":0.0},{"damage_healed":0.0,"max_hp_gain":5.0,"max_hp_loss":0.0,"gold_gain":0.0,"event_name":"Big Fish","player_choice":"Donut","floor":4.0,"gold_loss":0.0,"damage_taken":0.0},{"damage_healed":0.0,"max_hp_gain":0.0,"max_hp_loss":0.0,"gold_gain":30.0,"event_name":"Dead Adventurer","player_choice":"Searched \u00273\u0027 times","floor":14.0,"gold_loss":0.0,"damage_taken":0.0,"relics_obtained":["StoneCalendar"]},{"damage_healed":0.0,"max_hp_gain":0.0,"max_hp_loss":0.0,"gold_gain":0.0,"event_name":"Lab","player_choice":"Got Potions","floor":19.0,"gold_loss":0.0,"damage_taken":0.0},{"damage_healed":0.0,"max_hp_gain":0.0,"max_hp_loss":0.0,"gold_gain":0.0,"cards_transformed":["Strike_B"],"event_name":"Transmorgrifier","player_choice":"Transformed","floor":30.0,"gold_loss":0.0,"damage_taken":0.0,"cards_obtained":["Chill"]},{"cards_removed":["Strike_B"],"damage_healed":0.0,"max_hp_gain":0.0,"max_hp_loss":0.0,"gold_gain":0.0,"event_name":"Falling","player_choice":"Removed Attack","floor":39.0,"gold_loss":0.0,"damage_taken":0.0},{"damage_healed":0,"gold_gain":0,"player_choice":"Fight","damage_taken":0,"max_hp_gain":0,"max_hp_loss":0,"event_name":"MindBloom","floor":46,"gold_loss":0}],"is_beta":false,"boss_relics":[{"not_picked":["Orrery","FrozenCore"],"picked":"Coffee Dripper"},{"not_picked":["Astrolabe","Philosopher\u0027s Stone"],"picked":"Runic Dome"}],"items_purged_floors":[],"is_endless":false,"potions_floor_spawned":[1,6,12,20,27,36,41,45],"ascension_level":0}