{"gold_per_floor":[110,285,285,161,178,211,241,241,241,274,292,292,292,32,32,136,136,149,34,34,34,49,49,82,82,129,157,60,60,60,75,75,177,177,192,77,0,100,100,100,100,135,188,223,223,223,323,354,354,457,457,477,477,220,220,101,101,127,127,127,127,144,176,51,51,51,177,177,196,111,111,111,111,111,211,211,237,38,38,38,38,38,38,143,143,155,377,45,145,145,145,145,145,172],"floor_reached":94,"playtime":2477,"items_purged":["Pain","Sucker Punch"],"score":2372,"play_id":"90ed8fca-2172-4194-9c42-cfe87dfeb158","local_time":"20190310120744","daily_mods":["SealedDeck","Heirloom","Time Dilation","Flight"],"is_ascension_mode":false,"campfire_choices":[{"floor":8,"key":"REST"},{"data":"Accuracy","floor":12,"key":"SMITH"},{"data":"Blade Dance","floor":15,"key":"SMITH"},{"data":"Accuracy","floor":23,"key":"SMITH"},{"data":"Accuracy","floor":25,"key":"SMITH"},{"data":"Accuracy","floor":30,"key":"SMITH"},{"data":"Bullet Time","floor":32,"key":"SMITH"},{"data":"Adrenaline","floor":40,"key":"SMITH"},{"data":"Blade Dance","floor":41,"key":"SMITH"},{"data":"Storm of Steel","floor":45,"key":"SMITH"},{"data":"Blade Dance","floor":49,"key":"SMITH"},{"data":"Blade Dance","floor":57,"key":"SMITH"},{"data":"Backstab","floor":59,"key":"SMITH"},{"data":"Infinite Blades","floor":66,"key":"SMITH"},{"data":"Blade Dance","floor":74,"key":"SMITH"},{"floor":76,"key":"REST"},{"data":"Cloak And Dagger","floor":79,"key":"SMITH"},{"data":"Cloak And Dagger","floor":80,"key":"SMITH"},{"data":"Cloak And Dagger","floor":83,"key":"SMITH"},{"data":"Backstab","floor":91,"key":"SMITH"},{"data":"Cloak And Dagger","floor":92,"key":"SMITH"}],"neow_cost":"","seed_source_timestamp":345520603899555,"circlet_count":0,"master_deck":["Quick Slash","Backstab+1","Cloak And Dagger+1","Cloak And Dagger+1","Cloak And Dagger+1","Cloak And Dagger+1","Cloak And Dagger","Infinite Blades+1","Accuracy+1","Backflip","Infinite Blades","Blade Dance+1","Adrenaline+1","Infinite Blades","Cloak And Dagger","Backflip","Bullet Time+1","Blade Dance+1","Accuracy+1","Accuracy+1","Blade Dance+1","Accuracy+1","Blade Dance+1","Storm of Steel+1","Storm of Steel+1","Backstab+1","Accuracy+1","Infinite Blades+1","Cloak And Dagger","Accuracy+1","Cloak And Dagger","Blade Dance+1","Necronomicurse","Blade Dance+1","Blade Dance+1","Pain"],"relics":["Ring of the Snake","Prayer Wheel","Unceasing Top","Omamori","Ninja Scroll","Question Card","Shuriken","Kunai","Calling Bell","Bronze Scales","Singing Bowl","Du-Vu Doll","The Courier","PreservedInsect","Dodecahedron","MutagenicStrength","Runic Pyramid","Regal Pillow","Red Mask","Torii","Juzu Bracelet","Orichalcum","Frozen Egg 2","Sundial","Lizard Tail","Strawberry","Pen Nib","Pear","Centennial Puzzle","Bloody Idol","Lantern","Necronomicon","Incense Burner","Bottled Lightning","Darkstone Periapt","Ice Cream","Dead Branch","WarpedTongs"],"potions_floor_usage":[38,50],"damage_taken":[{"damage":0,"enemies":"2 Louse","floor":1,"turns":1},{"damage":0,"enemies":"Small Slimes","floor":5,"turns":2},{"damage":8,"enemies":"Gremlin Nob","floor":6,"turns":3},{"damage":6,"enemies":"Lagavulin","floor":7,"turns":3},{"damage":0,"enemies":"Gremlin Nob","floor":10,"turns":2},{"damage":0,"enemies":"Cultist","floor":11,"turns":1},{"damage":0,"enemies":"Slime Boss","floor":16,"turns":3},{"damage":8,"enemies":"Spheric Guardian","floor":18,"turns":1},{"damage":0,"enemies":"Chosen","floor":22,"turns":1},{"damage":0,"enemies":"Gremlin Leader","floor":24,"turns":1},{"damage":0,"enemies":"Book of Stabbing","floor":27,"turns":1},{"damage":0,"enemies":"Centurion and Healer","floor":31,"turns":1},{"damage":0,"enemies":"Automaton","floor":33,"turns":3},{"damage":0,"enemies":"3 Darklings","floor":35,"turns":2},{"damage":0,"enemies":"Mind Bloom Boss Battle","floor":38,"turns":2},{"damage":0,"enemies":"Nemesis","floor":42,"turns":1},{"damage":1,"enemies":"Giant Head","floor":44,"turns":2},{"damage":0,"enemies":"Reptomancer","floor":48,"turns":2},{"damage":68,"enemies":"Awakened One","floor":50,"turns":5},{"damage":0,"enemies":"Small Slimes","floor":52,"turns":1},{"damage":0,"enemies":"Lagavulin","floor":58,"turns":2},{"damage":0,"enemies":"Jaw Worm","floor":62,"turns":1},{"damage":0,"enemies":"Gremlin Nob","floor":63,"turns":1},{"damage":11,"enemies":"The Guardian","floor":67,"turns":3},{"damage":0,"enemies":"Spheric Guardian","floor":69,"turns":1},{"damage":13,"enemies":"Colosseum Slavers","floor":75,"turns":2},{"damage":0,"enemies":"Colosseum Nobs","floor":75,"turns":2},{"damage":0,"enemies":"Gremlin Leader","floor":77,"turns":1},{"damage":38,"enemies":"Automaton","floor":84,"turns":4},{"damage":0,"enemies":"3 Shapes","floor":86,"turns":1},{"damage":0,"enemies":"Mind Bloom Boss Battle","floor":89,"turns":1},{"damage":93,"enemies":"Giant Head","floor":94,"turns":7}],"seed_played":"3611444506297097179","potions_obtained":[{"floor":5,"key":"Explosive Potion"},{"floor":7,"key":"EssenceOfSteel"},{"floor":16,"key":"Fire Potion"},{"floor":31,"key":"SteroidPotion"},{"floor":38,"key":"GamblersBrew"},{"floor":50,"key":"PowerPotion"}],"is_trial":true,"path_per_floor":["?","?","M","T","?","?","M","?","?","?","$","?","?","?","?","?","$","?","?","?","?","?","?","$","?","?","?","?","?"],"character_chosen":"THE_SILENT","items_purchased":["Infinite Blades","Blade Dance","Kunai","Accuracy","Blade Dance","Accuracy","Regal Pillow","Accuracy+1","Infinite Blades+1","Cloak And Dagger","Accuracy+1","Cloak And Dagger","Pen Nib","Centennial Puzzle","Darkstone Periapt","Ice Cream"],"campfire_rested":2,"item_purchase_floors":[4,4,14,19,28,28,36,54,54,54,54,54,56,64,78,88],"current_hp_per_floor":[70,70,70,70,70,62,56,70,70,70,70,70,70,70,70,70,70,64,64,64,72,74,74,76,76,76,78,78,78,78,82,82,84,84,86,86,86,88,88,88,88,90,90,89,89,91,91,93,93,25,94,96,103,103,103,103,103,105,105,115,115,119,121,121,112,112,103,114,116,116,116,100,100,100,94,118,118,118,118,118,118,118,118,87,120,122,122,122,124,130,130,130,123,37],"gold":172,"neow_bonus":"","is_prod":false,"is_daily":false,"chose_seed":false,"campfire_upgraded":19,"win_rate":0,"timestamp":1552216064,"path_taken":["M","?","?","$","M","E","E","R","T","E","?","R","?","$","R","BOSS","M","$","?","?","?","R","E","R","T","E","$","?","R","M","R","BOSS","M","$","?","?","?","R","R","E","T","E","R","?","?","E","R","BOSS","M","?","$","?","$","R","E","R","T","?","M","E","?","?","R","BOSS","M","?","?","?","?","R","?","R","E","?","R","R","$","?","R","BOSS","M","?","$","?","?","R","R","?","E"],"build_version":"2019-01-23","purchased_purges":2,"victory":false,"max_hp_per_floor":[70,70,70,70,70,70,70,70,70,70,70,70,70,70,70,70,70,72,72,72,72,74,74,76,76,76,78,78,78,78,82,82,84,84,86,86,86,88,88,88,88,90,90,90,90,92,92,94,94,94,94,96,103,103,103,103,103,105,105,115,115,119,121,121,112,112,114,114,116,116,116,116,116,116,118,118,118,118,118,118,118,118,118,120,120,122,122,122,124,130,130,130,123,125],"card_choices":[{"not_picked":["PiercingWail","Dagger Spray"],"picked":"Backflip","floor":1},{"not_picked":["Tactician","Bane","Dagger Throw"],"picked":"SKIP","floor":1},{"not_picked":["Blur","Leg Sweep"],"picked":"Backstab","floor":5},{"not_picked":["Dagger Spray","Outmaneuver","Sucker Punch"],"picked":"SKIP","floor":5},{"not_picked":["Setup","Well Laid Plans","Envenom"],"picked":"SKIP","floor":6},{"not_picked":["Dagger Throw","Deadly Poison"],"picked":"Adrenaline","floor":7},{"not_picked":["Deadly Poison","Escape Plan"],"picked":"Infinite Blades","floor":10},{"not_picked":["Setup","Choke","PiercingWail"],"picked":"Cloak And Dagger","floor":11},{"not_picked":["PiercingWail","Deflect","Slice"],"picked":"Backflip","floor":11},{"not_picked":["Glass Knife","Wraith Form v2","Tools of the Trade"],"picked":"Bullet Time","floor":16},{"not_picked":["Cloak And Dagger","Blur","Caltrops"],"picked":"Blade Dance","floor":18},{"not_picked":["Terror+1","Predator","Dagger Throw","Underhanded Strike"],"picked":"Singing Bowl","floor":18},{"not_picked":["Crippling Poison","Deadly Poison","Flying Knee","PiercingWail"],"picked":"Singing Bowl","floor":22},{"not_picked":["Quick Slash","Dagger Spray","Riddle With Holes"],"picked":"Accuracy","floor":22},{"not_picked":["Setup","Tactician+1","Sucker Punch","Die Die Die"],"picked":"Singing Bowl","floor":24},{"not_picked":["Reflex+1","Skewer","Tactician+1","Deflect+1"],"picked":"Singing Bowl","floor":27},{"not_picked":["Backflip","Poisoned Stab","Eviscerate","Dagger Throw+1"],"picked":"Singing Bowl","floor":31},{"not_picked":["Flying Knee","Acrobatics","Bane","Masterful Stab"],"picked":"Singing Bowl","floor":31},{"not_picked":["Tools of the Trade","Bullet Time","Burst","A Thousand Cuts"],"picked":"Singing Bowl","floor":33},{"not_picked":["Leg Sweep+1","Underhanded Strike","Sucker Punch"],"picked":"Blade Dance","floor":35},{"not_picked":["Backflip+1","PiercingWail","Slice+1","Endless Agony"],"picked":"Singing Bowl","floor":35},{"not_picked":["Prepared","Quick Slash+1","Deflect+1","Poisoned Stab"],"picked":"Singing Bowl","floor":38},{"not_picked":["Unload","Footwork","Well Laid Plans","Dash"],"picked":"Singing Bowl","floor":42},{"not_picked":["Sucker Punch+1","Setup+1","Bane"],"picked":"Storm of Steel","floor":44},{"not_picked":["Forethought","Blind","Bandage Up","PanicButton"],"picked":"Singing Bowl","floor":46},{"not_picked":["Poisoned Stab","Blur+1","Flying Knee","Backflip"],"picked":"Singing Bowl","floor":48},{"not_picked":["Tools of the Trade+1","Die Die Die","Malaise"],"picked":"Storm of Steel","floor":50},{"not_picked":["Slice","Dagger Throw","Acrobatics","Bouncing Flask"],"picked":"Singing Bowl","floor":52},{"not_picked":["Deadly Poison","Poisoned Stab","Heel Hook"],"picked":"Backstab","floor":52},{"not_picked":["Concentrate","Reflex","Phantasmal Killer","Backflip"],"picked":"Singing Bowl","floor":58},{"not_picked":["Deadly Poison","Quick Slash","Cloak And Dagger","Outmaneuver"],"picked":"Singing Bowl","floor":62},{"not_picked":["Flying Knee","Sucker Punch","Acrobatics","PiercingWail"],"picked":"Singing Bowl","floor":62},{"not_picked":["Sucker Punch","After Image+1","Noxious Fumes+1","Quick Slash"],"picked":"Singing Bowl","floor":63},{"not_picked":["Corpse Explosion","Bullet Time","Unload","Grand Finale"],"picked":"Singing Bowl","floor":67},{"not_picked":["Distraction","Slice+1","Crippling Poison","Predator"],"picked":"Singing Bowl","floor":69},{"not_picked":["Dodge and Roll","Calculated Gamble","Backflip+1"],"picked":"Blade Dance","floor":69},{"not_picked":["Poisoned Stab+1","Calculated Gamble+1","Riddle With Holes","Bane"],"picked":"Singing Bowl","floor":75},{"not_picked":["Outmaneuver","Deflect","Dagger Throw"],"picked":"Blade Dance+1","floor":77},{"not_picked":["Storm of Steel","Adrenaline","Glass Knife","Wraith Form v2+1"],"picked":"Singing Bowl","floor":84},{"not_picked":["Prepared+1","Slice+1","Acrobatics+1","Dodge and Roll"],"picked":"Singing Bowl","floor":86},{"not_picked":["Poisoned Stab","Noxious Fumes+1","Blur+1"],"picked":"Blade Dance+1","floor":86},{"not_picked":["Grand Finale","Backflip","Setup+1","Eviscerate"],"picked":"Singing Bowl","floor":89},{"not_picked":["Outmaneuver","Slice+1","Concentrate","Deadly Poison"],"picked":"Singing Bowl","floor":94}],"player_experience":197380,"relics_obtained":[{"floor":6,"key":"Unceasing Top"},{"floor":7,"key":"Omamori"},{"floor":9,"key":"Ninja Scroll"},{"floor":10,"key":"Question Card"},{"floor":13,"key":"Shuriken"},{"floor":17,"key":"Bronze Scales"},{"floor":17,"key":"Singing Bowl"},{"floor":17,"key":"Du-Vu Doll"},{"floor":24,"key":"The Courier"},{"floor":26,"key":"PreservedInsect"},{"floor":27,"key":"Dodecahedron"},{"floor":38,"key":"Torii"},{"floor":42,"key":"Juzu Bracelet"},{"floor":43,"key":"Orichalcum"},{"floor":44,"key":"Frozen Egg 2"},{"floor":48,"key":"Sundial"},{"floor":60,"key":"Pear"},{"floor":72,"key":"Necronomicon"},{"floor":75,"key":"Incense Burner"},{"floor":75,"key":"Bottled Lightning"},{"floor":89,"key":"Dead Branch"}],"event_choices":[{"damage_healed":0,"gold_gain":175,"player_choice":"AGREE","damage_taken":0,"max_hp_gain":0,"max_hp_loss":0,"event_name":"Liars Game","floor":2,"gold_loss":0,"cards_obtained":["Doubt"]},{"cards_removed":["Doubt"],"damage_healed":0,"gold_gain":0,"player_choice":"Removed Curses","damage_taken":0,"max_hp_gain":0,"max_hp_loss":0,"event_name":"Fountain of Cleansing","floor":3,"gold_loss":0},{"cards_removed":["Cloak And Dagger"],"damage_healed":0,"gold_gain":0,"player_choice":"Elegance","damage_taken":0,"max_hp_gain":0,"max_hp_loss":0,"event_name":"Back to Basics","floor":20,"gold_loss":0},{"cards_removed":["Backstab"],"damage_healed":8,"gold_gain":0,"player_choice":"Offered Uncommon","damage_taken":0,"max_hp_gain":0,"max_hp_loss":0,"event_name":"Bonfire Elementals","floor":21,"gold_loss":0},{"damage_healed":0,"gold_gain":0,"player_choice":"Inject Mutagens","damage_taken":0,"relics_obtained":["MutagenicStrength"],"max_hp_gain":0,"max_hp_loss":0,"event_name":"Drug Dealer","floor":29,"gold_loss":0},{"damage_healed":0,"gold_gain":0,"player_choice":"Paid","damage_taken":0,"relics_obtained":["Red Mask"],"max_hp_gain":0,"max_hp_loss":0,"event_name":"Tomb of Lord Red Mask","floor":37,"gold_loss":77},{"damage_healed":0,"gold_gain":0,"player_choice":"Fight","damage_taken":0,"max_hp_gain":0,"max_hp_loss":0,"event_name":"MindBloom","floor":38,"gold_loss":0},{"damage_healed":0,"gold_gain":0,"player_choice":"Memory 1","damage_taken":0,"max_hp_gain":0,"max_hp_loss":0,"event_name":"SensoryStone","floor":46,"gold_loss":0},{"damage_healed":0,"gold_gain":100,"player_choice":"Pray","damage_taken":0,"max_hp_gain":0,"max_hp_loss":0,"event_name":"Golden Shrine","floor":47,"gold_loss":0},{"damage_healed":0,"gold_gain":0,"player_choice":"Searched \u00271\u0027 times","damage_taken":0,"relics_obtained":["Strawberry"],"max_hp_gain":0,"max_hp_loss":0,"event_name":"Dead Adventurer","floor":53,"gold_loss":0},{"damage_healed":0,"gold_gain":0,"player_choice":"Upgraded","damage_taken":0,"max_hp_gain":0,"max_hp_loss":0,"event_name":"Upgrade Shrine","floor":55,"gold_loss":0,"cards_upgraded":["Storm of Steel"]},{"damage_healed":0,"gold_gain":0,"player_choice":"Ignored","damage_taken":0,"max_hp_gain":0,"max_hp_loss":0,"event_name":"NoteForYourself","floor":61,"gold_loss":0},{"damage_healed":0,"gold_gain":0,"player_choice":"Lose Max HP","damage_taken":0,"relics_obtained":["Golden Idol"],"max_hp_gain":0,"max_hp_loss":9,"event_name":"Golden Idol","floor":65,"gold_loss":0},{"damage_healed":0,"gold_gain":0,"player_choice":"Obtained Relic","damage_taken":0,"relics_obtained":["Lantern"],"max_hp_gain":0,"max_hp_loss":0,"event_name":"Addict","floor":70,"gold_loss":85},{"damage_healed":0,"gold_gain":0,"player_choice":"Gave Idol","damage_taken":0,"relics_obtained":["Bloody Idol"],"max_hp_gain":0,"max_hp_loss":0,"event_name":"Forgotten Altar","floor":71,"relics_lost":["Golden Idol"],"gold_loss":0},{"damage_healed":0,"gold_gain":0,"player_choice":"Obtained Book","damage_taken":16,"max_hp_gain":0,"max_hp_loss":0,"event_name":"Cursed Tome","floor":72,"gold_loss":0},{"damage_healed":0,"gold_gain":0,"player_choice":"Ignored","damage_taken":0,"max_hp_gain":0,"max_hp_loss":0,"event_name":"Vampires","floor":73,"gold_loss":0},{"damage_healed":0,"gold_gain":0,"player_choice":"Fight","damage_taken":0,"max_hp_gain":0,"max_hp_loss":0,"event_name":"Colosseum","floor":75,"gold_loss":0},{"damage_healed":0,"gold_gain":0,"player_choice":"Fought Nobs","damage_taken":0,"max_hp_gain":0,"max_hp_loss":0,"event_name":"Colosseum","floor":75,"gold_loss":0},{"damage_healed":0,"gold_gain":0,"player_choice":"1 cards matched","damage_taken":0,"max_hp_gain":0,"max_hp_loss":0,"event_name":"Match and Keep!","floor":82,"gold_loss":0,"cards_obtained":["Sucker Punch"]},{"damage_healed":0,"gold_gain":222,"player_choice":"Wore Mask","damage_taken":0,"max_hp_gain":0,"max_hp_loss":0,"event_name":"Tomb of Lord Red Mask","floor":87,"gold_loss":0},{"damage_healed":0,"gold_gain":0,"player_choice":"Fight","damage_taken":0,"max_hp_gain":0,"max_hp_loss":0,"event_name":"MindBloom","floor":89,"gold_loss":0},{"damage_healed":0,"gold_gain":0,"player_choice":"Rummage","damage_taken":0,"relics_obtained":["WarpedTongs"],"max_hp_gain":0,"max_hp_loss":0,"event_name":"Accursed Blacksmith","floor":90,"gold_loss":0,"cards_obtained":["Pain"]},{"damage_healed":0,"gold_gain":0,"player_choice":"Max HP","damage_taken":0,"max_hp_gain":0,"max_hp_loss":7,"event_name":"Winding Halls","floor":93,"gold_loss":0}],"is_beta":false,"boss_relics":[{"not_picked":["Ectoplasm","Orrery"],"picked":"Calling Bell"},{"not_picked":["Empty Cage","Eternal Feather"],"picked":"Runic Pyramid"},{"not_picked":["Coffee Dripper","Velvet Choker"],"picked":"Lizard Tail"},{"not_picked":["Accursed"],"picked":"VoidEssence"},{"not_picked":["Accursed"],"picked":"Scatterbrain"}],"items_purged_floors":[19,88],"is_endless":true,"potions_floor_spawned":[5,7,16,18,31,33,35,38,50,58,63,67,69,75,84,86,89],"killed_by":"Giant Head","ascension_level":0}