{"gold_per_floor":[110,110,73,73,93,93,13,41,41,54,54,65,165,184,184,284,284,294,73,88,100,23,23,298,310,336,336,363,377,377,397,397,397],"floor_reached":33,"playtime":1135,"items_purged":[],"score":307,"play_id":"30a7f01c-dfea-4a0b-996f-225a81367875","local_time":"20190312183744","is_ascension_mode":true,"campfire_choices":[{"floor":6,"key":"REST"},{"data":"Defragment","floor":15,"key":"SMITH"},{"floor":23,"key":"REST"},{"data":"White Noise","floor":27,"key":"SMITH"},{"floor":30,"key":"REST"},{"floor":32,"key":"REST"}],"neow_cost":"NONE","seed_source_timestamp":36479365692162,"circlet_count":0,"master_deck":["Strike_B","Strike_B","Strike_B","Strike_B","Defend_B","Defend_B","Defend_B","Defend_B","Zap","Dualcast","Leap","Self Repair","Defragment+1","Ball Lightning","Leap","Conserve Battery","Redo","Amplify","Ball Lightning","Storm","White Noise+1","Consume","Creative AI","Auto Shields"],"relics":["Cracked Core","NeowsBlessing","Boot","Centennial Puzzle","Happy Flower","Nuclear Battery","Omamori","Smiling Mask","Anchor"],"potions_floor_usage":[29,31,31],"damage_taken":[{"damage":0,"enemies":"2 Louse","floor":1,"turns":1},{"damage":0,"enemies":"Jaw Worm","floor":5,"turns":1},{"damage":0,"enemies":"Lagavulin","floor":8,"turns":1},{"damage":0,"enemies":"Cultist","floor":10,"turns":4},{"damage":2,"enemies":"Blue Slaver","floor":12,"turns":4},{"damage":0,"enemies":"Looter","floor":14,"turns":4},{"damage":17,"enemies":"The Guardian","floor":16,"turns":10},{"damage":16,"enemies":"Shell Parasite","floor":18,"turns":7},{"damage":0,"enemies":"Spheric Guardian","floor":20,"turns":3},{"damage":22,"enemies":"Snecko","floor":21,"turns":6},{"damage":14,"enemies":"Centurion and Healer","floor":25,"turns":7},{"damage":45,"enemies":"Gremlin Leader","floor":28,"turns":8},{"damage":14,"enemies":"Snake Plant","floor":29,"turns":3},{"damage":50,"enemies":"3 Cultists","floor":31,"turns":5},{"damage":89,"enemies":"Automaton","floor":33,"turns":8}],"seed_played":"6822669558969503161","potions_obtained":[{"floor":5,"key":"AttackPotion"},{"floor":10,"key":"SneckoOil"},{"floor":14,"key":"AttackPotion"},{"floor":16,"key":"FairyPotion"},{"floor":29,"key":"PowerPotion"},{"floor":31,"key":"FearPotion"}],"is_trial":false,"path_per_floor":["?","?","M","?","?","M","$","?"],"character_chosen":"DEFECT","items_purchased":["Self Repair","Defragment","Omamori","Storm","White Noise"],"campfire_rested":4,"item_purchase_floors":[3,7,19,19,22],"current_hp_per_floor":[75,42,42,42,42,64,64,64,64,71,71,75,75,75,75,65,75,66,66,73,58,58,75,75,68,68,68,37,30,52,16,38,0],"gold":397,"neow_bonus":"THREE_ENEMY_KILL","is_prod":false,"is_daily":false,"chose_seed":false,"campfire_upgraded":2,"win_rate":0,"timestamp":1552412264,"path_taken":["M","?","$","?","M","R","$","E","T","?","?","M","?","M","R","BOSS","M","$","M","?","?","R","?","M","T","R","E","M","R","M","R","BOSS"],"build_version":"2019-01-23","purchased_purges":0,"victory":false,"max_hp_per_floor":[75,75,75,75,75,75,75,75,75,75,75,75,75,75,75,75,75,75,75,75,75,75,75,75,75,75,75,75,75,75,75,75,75],"card_choices":[{"not_picked":["Barrage","Beam Cell"],"picked":"Leap","floor":1},{"not_picked":["Turbo","Compile Driver","Gash"],"picked":"SKIP","floor":5},{"not_picked":["Streamline","Steam"],"picked":"Ball Lightning","floor":8},{"not_picked":["Steam Power","Chaos"],"picked":"Leap","floor":10},{"not_picked":["Self Repair","Chaos"],"picked":"Conserve Battery","floor":12},{"not_picked":["Core Surge","Stack"],"picked":"Redo","floor":14},{"not_picked":["Rainbow","Machine Learning"],"picked":"Amplify","floor":16},{"not_picked":["Steam+1","Conserve Battery"],"picked":"Ball Lightning","floor":18},{"not_picked":["Steam","Rip and Tear","Turbo"],"picked":"SKIP","floor":20},{"not_picked":["Chaos","Melter","Aggregate+1"],"picked":"SKIP","floor":21},{"not_picked":["Stack+1","Loop"],"picked":"Consume","floor":25},{"not_picked":["Consume","Hologram","FTL"],"picked":"SKIP","floor":28},{"not_picked":["Defragment","Barrage"],"picked":"Creative AI","floor":29},{"not_picked":["Sweeping Beam","Double Energy+1"],"picked":"Auto Shields","floor":31}],"player_experience":238458,"relics_obtained":[{"floor":8,"key":"Centennial Puzzle"},{"floor":9,"key":"Happy Flower"},{"floor":26,"key":"Smiling Mask"},{"floor":28,"key":"Anchor"}],"event_choices":[{"damage_healed":0,"gold_gain":0,"player_choice":"Success","damage_taken":33,"relics_obtained":["Boot"],"max_hp_gain":0,"max_hp_loss":0,"event_name":"Scrap Ooze","floor":2,"gold_loss":0},{"damage_healed":0,"gold_gain":0,"player_choice":"Bought 0 Potions","damage_taken":0,"max_hp_gain":0,"max_hp_loss":0,"event_name":"The Woman in Blue","floor":4,"gold_loss":0},{"damage_healed":0,"gold_gain":0,"player_choice":"Ignored","damage_taken":0,"max_hp_gain":0,"max_hp_loss":0,"event_name":"Liars Game","floor":11,"gold_loss":0},{"damage_healed":0,"gold_gain":100,"player_choice":"Pray","damage_taken":0,"max_hp_gain":0,"max_hp_loss":0,"event_name":"Golden Shrine","floor":13,"gold_loss":0},{"damage_healed":0,"gold_gain":275,"player_choice":"Desecrate","damage_taken":0,"max_hp_gain":0,"max_hp_loss":0,"event_name":"Golden Shrine","floor":24,"gold_loss":0,"cards_obtained":["Regret"]}],"is_beta":false,"boss_relics":[{"not_picked":["Cursed Key","Fusion Hammer"],"picked":"Nuclear Battery"}],"items_purged_floors":[],"is_endless":false,"potions_floor_spawned":[5,10,14,16,29,31],"killed_by":"Automaton","ascension_level":1}