{"gold_per_floor":[118,118,118,138,154,154,212,212,237,257,271,281,298,314,314,390,390,405,43,35,47,67,67,86,86,109,142,142,161,88,121,121,121],"floor_reached":33,"playtime":2263,"items_purged":["Strike_G"],"score":566,"play_id":"8e8b168d-49e2-4f0f-a693-f84eb72da0bd","local_time":"20190209150138","is_ascension_mode":true,"campfire_choices":[{"data":"Neutralize","floor":6.0,"key":"SMITH"},{"data":"Blur","floor":8.0,"key":"SMITH"},{"data":"Calculated Gamble","floor":15.0,"key":"SMITH"},{"data":"Adrenaline","floor":23.0,"key":"SMITH"},{"data":"Predator","floor":25.0,"key":"SMITH"},{"floor":28.0,"key":"REST"},{"data":"Footwork","floor":32,"key":"SMITH"}],"neow_cost":"PERCENT_DAMAGE","seed_source_timestamp":568629072387566,"circlet_count":0,"master_deck":["AscendersBane","Defend_G","Defend_G","Defend_G","Defend_G","Defend_G","Strike_G","Strike_G","Strike_G","Strike_G","Survivor","Neutralize+1","Dagger Throw","Bandage Up","Neutralize+1","PiercingWail","Blur+1","Cloak And Dagger","Venomology","Acrobatics","Predator+1","Calculated Gamble+1","Adrenaline+1","All Out Attack","Panacea","Heel Hook","Backflip","Leg Sweep","Riddle With Holes","Footwork+1"],"special_seed":0,"relics":["Ring of the Snake","Tingsha","Tiny Chest","Boot","Philosopher\u0027s Stone","Strange Spoon","Bag of Preparation","Du-Vu Doll","Orichalcum"],"potions_floor_usage":[33,33,33],"damage_taken":[{"damage":1.0,"enemies":"2 Louse","floor":1.0,"turns":3.0},{"damage":0.0,"enemies":"Small Slimes","floor":4.0,"turns":3.0},{"damage":0.0,"enemies":"Cultist","floor":5.0,"turns":4.0},{"damage":24.0,"enemies":"Gremlin Nob","floor":7.0,"turns":5.0},{"damage":0.0,"enemies":"Red Slaver","floor":10.0,"turns":4.0},{"damage":3.0,"enemies":"Large Slime","floor":11.0,"turns":9.0},{"damage":0.0,"enemies":"Blue Slaver","floor":12.0,"turns":5.0},{"damage":0.0,"enemies":"2 Fungi Beasts","floor":13.0,"turns":3.0},{"damage":0.0,"enemies":"Exordium Wildlife","floor":14.0,"turns":8.0},{"damage":0.0,"enemies":"Slime Boss","floor":16.0,"turns":18.0},{"damage":13.0,"enemies":"Chosen","floor":18.0,"turns":5.0},{"damage":7.0,"enemies":"2 Thieves","floor":20.0,"turns":4.0},{"damage":0.0,"enemies":"Sentry and Sphere","floor":21.0,"turns":9.0},{"damage":15.0,"enemies":"Cultist and Chosen","floor":22.0,"turns":10.0},{"damage":2.0,"enemies":"Snake Plant","floor":24.0,"turns":4.0},{"damage":15.0,"enemies":"Slavers","floor":27.0,"turns":5.0},{"damage":3.0,"enemies":"Shelled Parasite and Fungi","floor":29.0,"turns":5.0},{"damage":5.0,"enemies":"Book of Stabbing","floor":31.0,"turns":7.0},{"damage":74,"enemies":"Champ","floor":33,"turns":19}],"seed_played":"-6397531925573961528","potions_obtained":[{"floor":5.0,"key":"GamblersBrew"},{"floor":7.0,"key":"Swift Potion"},{"floor":12.0,"key":"EssenceOfSteel"},{"floor":14.0,"key":"EssenceOfSteel"},{"floor":18.0,"key":"Energy Potion"},{"floor":22.0,"key":"Fire Potion"},{"floor":24.0,"key":"Explosive Potion"}],"is_trial":false,"path_per_floor":["M","?","?","M","M","R","E","R","T","M","M","M","M","M","R","B",null,"M","$","M","M","M","R","M","R","T","E","R","M","$","E","R","B"],"character_chosen":"THE_SILENT","items_purchased":["Strange Spoon","Panacea","Footwork"],"campfire_rested":1,"item_purchase_floors":[19,19,30],"current_hp_per_floor":[44,44,44,48,52,52,32,32,32,36,37,41,45,49,49,53,66,57,57,54,58,47,47,49,49,49,38,59,60,60,59,59,0],"gold":121,"neow_bonus":"ONE_RARE_RELIC","is_prod":false,"is_daily":false,"chose_seed":false,"campfire_upgraded":6,"win_rate":0,"timestamp":1549749698,"path_taken":["M","?","?","M","M","R","E","R","T","M","M","M","M","M","R","BOSS","M","$","M","M","M","R","M","R","T","E","R","?","?","E","R","BOSS"],"build_version":"2019-01-23","purchased_purges":1,"victory":false,"max_hp_per_floor":[70,70,70,70,70,70,70,70,70,70,70,70,70,70,70,70,70,70,70,70,70,70,70,70,70,70,70,70,70,70,70,70,70],"card_choices":[{"not_picked":["Blade Dance","Tactician"],"picked":"Dagger Throw","floor":1.0},{"not_picked":["Underhanded Strike","Reflex","Finisher"],"picked":"SKIP","floor":4.0},{"not_picked":["Blade Dance","Catalyst"],"picked":"PiercingWail","floor":5.0},{"not_picked":["Dagger Throw","Deadly Poison"],"picked":"Blur","floor":7.0},{"not_picked":["Flying Knee","Sucker Punch"],"picked":"Cloak And Dagger","floor":10.0},{"not_picked":["Tactician","Skewer"],"picked":"Venomology","floor":11.0},{"not_picked":["Quick Slash","Choke"],"picked":"Acrobatics","floor":12.0},{"not_picked":["Cloak And Dagger","Quick Slash"],"picked":"Predator","floor":13.0},{"not_picked":["Dodge and Roll","Deflect"],"picked":"Calculated Gamble","floor":14.0},{"not_picked":["A Thousand Cuts","Die Die Die"],"picked":"Adrenaline","floor":16.0},{"not_picked":["Backstab","PiercingWail"],"picked":"All Out Attack","floor":18.0},{"not_picked":["Dash","Leg Sweep"],"picked":"Heel Hook","floor":20.0},{"not_picked":["Catalyst","Reflex"],"picked":"Backflip","floor":21.0},{"not_picked":["Deadly Poison","Masterful Stab","Backflip"],"picked":"SKIP","floor":22.0},{"not_picked":["Sucker Punch","Outmaneuver"],"picked":"Leg Sweep","floor":24.0},{"not_picked":["PiercingWail","Dagger Spray"],"picked":"Riddle With Holes","floor":27.0},{"not_picked":["Glass Knife","Dagger Throw","Dagger Spray"],"picked":"SKIP","floor":29.0},{"not_picked":["Crippling Poison","Quick Slash","Dagger Throw"],"picked":"SKIP","floor":31}],"player_experience":707259,"relics_obtained":[{"floor":7.0,"key":"Tiny Chest"},{"floor":9.0,"key":"Boot"},{"floor":26.0,"key":"Bag of Preparation"},{"floor":27.0,"key":"Du-Vu Doll"},{"floor":31,"key":"Orichalcum"}],"event_choices":[{"damage_healed":0.0,"max_hp_gain":0.0,"max_hp_loss":0.0,"gold_gain":0.0,"event_name":"Living Wall","player_choice":"Grow","floor":2.0,"gold_loss":0.0,"damage_taken":0.0,"cards_upgraded":["Neutralize"]},{"damage_healed":0.0,"max_hp_gain":0.0,"max_hp_loss":0.0,"gold_gain":0.0,"event_name":"Match and Keep!","player_choice":"2 cards matched","floor":3.0,"gold_loss":0.0,"damage_taken":0.0,"cards_obtained":["Bandage Up","Neutralize"]}],"is_beta":false,"boss_relics":[{"not_picked":["Cursed Key","Runic Dome"],"picked":"Philosopher\u0027s Stone"}],"items_purged_floors":[19],"is_endless":false,"potions_floor_spawned":[5,7,12,14,18,22,24],"killed_by":"Champ","ascension_level":13}