{"gold_per_floor":[116,69,69,69,84,84,102,114,114,133,133,151,30,40,40,40],"floor_reached":16,"playtime":582,"items_purged":["Strike_R"],"score":113,"play_id":"3914d780-6b0f-40ed-8601-d35fba0ea6a9","local_time":"20190208224233","is_ascension_mode":true,"campfire_choices":[{"data":"Shrug It Off","floor":6,"key":"SMITH"},{"floor":11,"key":"REST"},{"data":"Heavy Blade","floor":15,"key":"SMITH"}],"neow_cost":"NONE","seed_source_timestamp":111727185491111,"circlet_count":0,"master_deck":["Strike_R","Strike_R","Strike_R","Strike_R","Defend_R","Defend_R","Defend_R","Defend_R","Bash","Rupture","Shrug It Off+1","Flex","Whirlwind","Rupture","Heavy Blade+1"],"relics":["Burning Blood","Paper Frog"],"potions_floor_usage":[7,16],"damage_taken":[{"damage":4,"enemies":"Cultist","floor":1,"turns":5},{"damage":8,"enemies":"Small Slimes","floor":5,"turns":6},{"damage":1,"enemies":"Jaw Worm","floor":7,"turns":3},{"damage":18,"enemies":"Exordium Thugs","floor":8,"turns":5},{"damage":12,"enemies":"Lots of Slimes","floor":10,"turns":2},{"damage":10,"enemies":"2 Fungi Beasts","floor":12,"turns":4},{"damage":1,"enemies":"Exordium Wildlife","floor":14,"turns":2},{"damage":82,"enemies":"Hexaghost","floor":16,"turns":9}],"seed_played":"-7967507925202864467","potions_obtained":[{"floor":1,"key":"AttackPotion"},{"floor":5,"key":"LiquidBronze"},{"floor":10,"key":"SmokeBomb"}],"is_trial":false,"path_per_floor":["$","?","$","M","M"],"character_chosen":"IRONCLAD","items_purchased":["Flex","Heavy Blade"],"campfire_rested":1,"item_purchase_floors":[2,13],"current_hp_per_floor":[80,80,80,80,78,78,80,68,68,62,80,76,76,80,80,0],"gold":40,"neow_bonus":"THREE_CARDS","is_prod":false,"is_daily":false,"chose_seed":false,"campfire_upgraded":2,"win_rate":0,"timestamp":1549662153,"path_taken":["M","?","?","?","M","R","?","M","T","?","R","M","$","M","R","BOSS"],"build_version":"2019-01-23","purchased_purges":1,"victory":false,"max_hp_per_floor":[80,80,80,80,80,80,80,80,80,80,80,80,80,80,80,80],"card_choices":[{"not_picked":["Hemokinesis","Wild Strike"],"picked":"Rupture","floor":0},{"not_picked":["Cleave","Iron Wave"],"picked":"Shrug It Off","floor":1},{"not_picked":["Rupture","Entrench"],"picked":"Whirlwind","floor":5},{"not_picked":["Perfected Strike","Searing Blow","Warcry"],"picked":"SKIP","floor":7},{"not_picked":["Feel No Pain","Metallicize","Warcry"],"picked":"SKIP","floor":8},{"not_picked":["Warcry","Clothesline"],"picked":"Rupture","floor":10},{"not_picked":["Havoc","Entrench","Corruption"],"picked":"SKIP","floor":12},{"not_picked":["Second Wind","Wild Strike","Infernal Blade"],"picked":"SKIP","floor":14}],"player_experience":131051,"relics_obtained":[{"floor":9,"key":"Paper Frog"}],"event_choices":[{"damage_healed":0,"gold_gain":0,"player_choice":"Ignored","damage_taken":0,"max_hp_gain":0,"max_hp_loss":0,"event_name":"Liars Game","floor":3,"gold_loss":0}],"is_beta":false,"boss_relics":[],"items_purged_floors":[13],"is_endless":false,"potions_floor_spawned":[1,5,10],"killed_by":"Hexaghost","ascension_level":4}