{"gold_per_floor":[12,87,87,104,114,114,43,43,69,101,101,101],"floor_reached":12,"playtime":447,"items_purged":[],"score":84,"play_id":"670a5dc2-3f7a-480e-8cd8-2340846f363a","local_time":"20190318123952","is_ascension_mode":true,"campfire_choices":[{"floor":6,"key":"REST"},{"data":"Defragment","floor":8,"key":"SMITH"}],"neow_cost":"NO_GOLD","seed_source_timestamp":1852990320379107,"circlet_count":0,"master_deck":["Strike_B","Strike_B","Strike_B","Strike_B","Defend_B","Defend_B","Defend_B","Defend_B","Zap","Dualcast","Defragment+1","Decay","Force Field","Capacitor","Storm"],"relics":["Cracked Core","Regal Pillow","Nunchaku"],"potions_floor_usage":[12,12],"damage_taken":[{"damage":1,"enemies":"Cultist","floor":1,"turns":3},{"damage":13,"enemies":"Small Slimes","floor":4,"turns":3},{"damage":13,"enemies":"Jaw Worm","floor":5,"turns":4},{"damage":48,"enemies":"Lagavulin","floor":10,"turns":7},{"damage":32,"enemies":"3 Sentries","floor":12,"turns":4}],"seed_played":"-6559994297951595713","potions_obtained":[{"floor":1,"key":"GamblersBrew"},{"floor":4,"key":"AttackPotion"}],"is_trial":false,"path_per_floor":["M","?","?","M","M","R","$","R","T","E","?","E"],"character_chosen":"DEFECT","items_purchased":["Capacitor"],"campfire_rested":1,"item_purchase_floors":[7],"current_hp_per_floor":[88,77,77,64,51,77,77,77,77,29,29,0],"gold":101,"neow_bonus":"TWENTY_PERCENT_HP_BONUS","is_prod":false,"is_daily":false,"chose_seed":false,"campfire_upgraded":1,"win_rate":0,"timestamp":1552923592,"path_taken":["M","?","?","?","M","R","$","R","T","E","?","E"],"build_version":"2019-01-23","purchased_purges":0,"victory":false,"max_hp_per_floor":[89,89,89,89,89,89,89,89,89,89,89,89],"card_choices":[{"not_picked":["Force Field","Steam"],"picked":"Defragment","floor":1},{"not_picked":["Sweeping Beam","Turbo","Force Field"],"picked":"SKIP","floor":4},{"not_picked":["Turbo","Aggregate"],"picked":"Force Field","floor":5},{"not_picked":["Aggregate","Cold Snap"],"picked":"Storm","floor":10}],"player_experience":89982,"relics_obtained":[{"floor":9,"key":"Regal Pillow"},{"floor":10,"key":"Nunchaku"}],"event_choices":[{"damage_healed":0,"gold_gain":75,"player_choice":"Gather Gold","damage_taken":11,"max_hp_gain":0,"max_hp_loss":0,"event_name":"World of Goop","floor":2,"gold_loss":0},{"damage_healed":0,"gold_gain":0,"player_choice":"Cursed","damage_taken":0,"max_hp_gain":0,"max_hp_loss":0,"event_name":"Wheel of Change","floor":3,"gold_loss":0,"cards_obtained":["Decay"]},{"damage_healed":0,"gold_gain":0,"player_choice":"Ignored","damage_taken":0,"max_hp_gain":0,"max_hp_loss":0,"event_name":"Golden Wing","floor":11,"gold_loss":0}],"is_beta":false,"boss_relics":[],"items_purged_floors":[],"is_endless":false,"potions_floor_spawned":[1,4],"killed_by":"3 Sentries","ascension_level":2}