{"gold_per_floor":[111,111,111,111,111,111,40,60,60,60,60,60,85,101,101,229,229,245,245,170,170,186,186,199,199,199,122,122,142,42,42,42,42],"floor_reached":33,"playtime":4436,"items_purged":["Writhe","Defend_R"],"score":231,"play_id":"5bfe251b-31cf-4380-bcfc-63f108e1e4bd","local_time":"20190309015642","is_ascension_mode":false,"campfire_choices":[{"data":"Rupture","floor":6.0,"key":"SMITH"},{"data":"Combust","floor":10.0,"key":"SMITH"},{"floor":12,"key":"REST"},{"data":"Rage","floor":15,"key":"SMITH"},{"data":"Demon Form","floor":23,"key":"SMITH"},{"data":"Seeing Red","floor":25,"key":"SMITH"},{"floor":32,"key":"REST"}],"neow_cost":"NONE","seed_source_timestamp":0,"circlet_count":0,"master_deck":["Strike_R+1","Strike_R+1","Strike_R+1","Defend_R+1","Defend_R+1","Defend_R+1","Bash+1","Rupture+1","Combust+1","Shrug It Off","Rage+1","Anger","Demon Form+1","Seeing Red+1","Rage","Fire Breathing","Iron Wave+1"],"special_seed":0,"relics":["Burning Blood","Self Forming Clay","Bloody Idol","Black Star","Strawberry","Question Card"],"potions_floor_usage":[16,33,33],"damage_taken":[{"damage":5.0,"enemies":"Small Slimes","floor":1.0,"turns":4.0},{"damage":0.0,"enemies":"2 Louse","floor":8.0,"turns":3.0},{"damage":3,"enemies":"Jaw Worm","floor":13,"turns":3},{"damage":8,"enemies":"Blue Slaver","floor":14,"turns":5},{"damage":41,"enemies":"The Guardian","floor":16,"turns":13},{"damage":15,"enemies":"Shell Parasite","floor":18,"turns":6},{"damage":21,"enemies":"Chosen","floor":22,"turns":5},{"damage":20,"enemies":"Snake Plant","floor":24,"turns":5},{"damage":34,"enemies":"Centurion and Healer","floor":29,"turns":12},{"damage":63,"enemies":"Collector","floor":33,"turns":6}],"seed_played":"-7521252836641560027","potions_obtained":[{"floor":8.0,"key":"EssenceOfSteel"},{"floor":13,"key":"Regen Potion"},{"floor":14,"key":"PowerPotion"},{"floor":24,"key":"Swift Potion"}],"is_trial":false,"path_per_floor":["M","?","$","?","?","R","$","M","T","R","?","R","M","M","R","B",null,"M","?","$","?","M","R","M","R","T","$","?","M","$","?","R","B"],"character_chosen":"IRONCLAD","items_purchased":["Combust","Fire Breathing"],"campfire_rested":2,"item_purchase_floors":[7,27],"current_hp_per_floor":[80,85,85,68,68,68,68,74,74,74,53,78,81,79,79,44,85,76,83,83,83,68,68,54,54,54,54,54,31,31,31,58,0],"gold":42,"neow_bonus":"REMOVE_CARD","is_prod":false,"is_daily":false,"chose_seed":false,"campfire_upgraded":5,"win_rate":0.0,"timestamp":1552093002,"path_taken":["M","?","$","?","?","R","$","M","T","R","?","R","M","M","R","BOSS","M","?","$","?","M","R","?","R","T","$","?","M","$","?","R","BOSS"],"build_version":"2019-01-23","purchased_purges":2,"victory":false,"max_hp_per_floor":[80,85,85,85,85,85,85,85,85,85,85,85,85,85,85,85,85,85,92,92,92,92,92,92,92,92,92,92,92,92,92,92,92],"card_choices":[{"not_picked":["Perfected Strike","Cleave"],"picked":"Rupture","floor":1.0},{"not_picked":["Warcry","Pommel Strike"],"picked":"Shrug It Off","floor":8.0},{"not_picked":["Whirlwind","Headbutt"],"picked":"Rage","floor":13},{"not_picked":["Shrug It Off","Pommel Strike"],"picked":"Anger","floor":14},{"not_picked":["Berserk","Impervious"],"picked":"Demon Form","floor":16},{"not_picked":["Armaments","Headbutt"],"picked":"Seeing Red","floor":18},{"not_picked":["Sword Boomerang","Cleave","Infernal Blade"],"picked":"SKIP","floor":22},{"not_picked":["Warcry","Pommel Strike"],"picked":"Rage","floor":24},{"not_picked":["Warcry","Brutality","Body Slam"],"picked":"Iron Wave+1","floor":29}],"player_experience":17777,"relics_obtained":[{"floor":9.0,"key":"Self Forming Clay"},{"floor":26,"key":"Question Card"}],"event_choices":[{"damage_healed":0.0,"max_hp_gain":5.0,"max_hp_loss":0.0,"gold_gain":0.0,"event_name":"Big Fish","player_choice":"Donut","floor":2.0,"gold_loss":0.0,"damage_taken":0.0},{"damage_healed":0.0,"max_hp_gain":0.0,"max_hp_loss":0.0,"gold_gain":0.0,"event_name":"Shining Light","player_choice":"Entered Light","floor":4.0,"gold_loss":0.0,"damage_taken":17.0,"cards_upgraded":["Defend_R","Bash"]},{"damage_healed":0.0,"max_hp_gain":0.0,"max_hp_loss":0.0,"gold_gain":0.0,"event_name":"The Cleric","player_choice":"Leave","floor":5.0,"gold_loss":0.0,"damage_taken":0.0},{"damage_healed":0.0,"max_hp_gain":0.0,"max_hp_loss":0.0,"gold_gain":0.0,"event_name":"Golden Idol","player_choice":"Take Damage","floor":11.0,"gold_loss":0.0,"damage_taken":21.0,"relics_obtained":["Golden Idol"]},{"damage_healed":0,"gold_gain":0,"player_choice":"Opened","damage_taken":0,"relics_obtained":["Strawberry"],"max_hp_gain":0,"max_hp_loss":0,"event_name":"The Mausoleum","floor":19,"gold_loss":0,"cards_obtained":["Writhe"]},{"cards_removed":["Strike_R"],"damage_healed":0,"gold_gain":0,"player_choice":"Offered Basic","damage_taken":0,"max_hp_gain":0,"max_hp_loss":0,"event_name":"Bonfire Elementals","floor":21,"gold_loss":0},{"damage_healed":0,"gold_gain":0,"player_choice":"Gave Idol","damage_taken":0,"relics_obtained":["Bloody Idol"],"max_hp_gain":0,"max_hp_loss":0,"event_name":"Forgotten Altar","floor":28,"relics_lost":["Golden Idol"],"gold_loss":0},{"damage_healed":0,"gold_gain":0,"player_choice":"Simplicity","damage_taken":0,"max_hp_gain":0,"max_hp_loss":0,"event_name":"Back to Basics","floor":31,"gold_loss":0,"cards_upgraded":["Strike_R","Strike_R","Strike_R","Defend_R","Defend_R"]}],"is_beta":false,"boss_relics":[{"not_picked":["Cursed Key","White Beast Statue"],"picked":"Black Star"}],"items_purged_floors":[20,30],"is_endless":false,"potions_floor_spawned":[8,13,14,24,29],"killed_by":"Collector","ascension_level":0}