{"gold_per_floor":[219,233,233,51,64,64,14,39,39,67,67,67,91,109,109,228,228,252,270,116,116,116,116,159,159,229,25,25,39,54,74,74,198,198,213,10,34,34,47,78,78,96,96,96,114,134,147,166,166,166],"floor_reached":51,"playtime":3091,"items_purged":["Strike_R","Strike_R"],"score":911,"play_id":"a7fd0e45-6274-4dba-9248-ba8c6456d851","local_time":"20180702114543","is_ascension_mode":false,"campfire_choices":[{"data":"Uppercut","floor":6,"key":"SMITH"},{"data":"Demon Form","floor":11,"key":"SMITH"},{"data":"Rampage","floor":15,"key":"SMITH"},{"data":"Dropkick","floor":23,"key":"SMITH"},{"data":"Anger","floor":25,"key":"SMITH"},{"data":"Headbutt","floor":28,"key":"SMITH"},{"floor":32,"key":"REST"},{"data":"Sword Boomerang","floor":41,"key":"SMITH"},{"data":"Bash","floor":44,"key":"SMITH"},{"data":"Thunderclap","floor":49,"key":"SMITH"}],"neow_cost":"NONE","seed_source_timestamp":60214502620304,"circlet_count":0,"master_deck":["Defend_R","Defend_R","Defend_R","Defend_R","Bash+1","Rampage+1","Anger+1","Uppercut+1","Headbutt+1","Demon Form+1","Seeing Red+1","Sword Boomerang+1","Spot Weakness+1","Offering+1","Dropkick+1","Thunderclap+1","RitualDagger","Battle Trance+1","Exhume+1","Seeing Red+1","Armaments+1","Limit Break+1","Inflame+1","Intimidate+1","Dual Wield+1"],"relics":["Burning Blood","Orichalcum","Ginger","Charon\u0027s Ashes","Toxic Egg 2","Golden Idol","Runic Cube","Bag of Marbles","Bird Faced Urn","Smiling Mask","Centennial Puzzle","Empty Cage","Pen Nib","Magic Flower","Self Forming Clay","Mummified Hand"],"potions_floor_usage":[],"damage_taken":[{"damage":0,"enemies":"Small Slimes","floor":1,"turns":3},{"damage":0,"enemies":"2 Louse","floor":2,"turns":2},{"damage":3,"enemies":"Jaw Worm","floor":5,"turns":3},{"damage":15,"enemies":"Lagavulin","floor":8,"turns":5},{"damage":12,"enemies":"3 Sentries","floor":10,"turns":6},{"damage":6,"enemies":"3 Louse","floor":13,"turns":2},{"damage":0,"enemies":"2 Fungi Beasts","floor":14,"turns":3},{"damage":12,"enemies":"Hexaghost","floor":16,"turns":6},{"damage":14,"enemies":"2 Thieves","floor":18,"turns":4},{"damage":4,"enemies":"3 Byrds","floor":19,"turns":2},{"damage":41,"enemies":"Slavers","floor":24,"turns":4},{"damage":4,"enemies":"Centurion and Healer","floor":29,"turns":3},{"damage":11,"enemies":"3 Cultists","floor":30,"turns":4},{"damage":12,"enemies":"Snake Plant","floor":31,"turns":3},{"damage":20,"enemies":"Champ","floor":33,"turns":5},{"damage":13,"enemies":"3 Shapes","floor":35,"turns":2},{"damage":12,"enemies":"Orb Walker","floor":37,"turns":3},{"damage":36,"floor":38,"turns":5},{"damage":0,"enemies":"Maw","floor":39,"turns":4},{"damage":4,"enemies":"Giant Head","floor":40,"turns":3},{"damage":12,"enemies":"Sphere and 2 Shapes","floor":42,"turns":7},{"damage":21,"enemies":"3 Darklings","floor":45,"turns":6},{"damage":9,"enemies":"Maw","floor":46,"turns":5},{"damage":1,"enemies":"Sphere and 2 Shapes","floor":47,"turns":3},{"damage":21,"enemies":"4 Shapes","floor":48,"turns":3},{"damage":17,"enemies":"Time Eater","floor":50,"turns":3}],"seed_played":"1336699856330080926","potions_obtained":[{"floor":1,"key":"BloodPotion"},{"floor":10,"key":"EssenceOfSteel"},{"floor":14,"key":"SteroidPotion"},{"floor":24,"key":"BloodPotion"}],"is_trial":false,"path_per_floor":["M","M","?","$","M","R","?","E","T","E","R","?","M","M","R","B",null,"M","M","$","T","?","R","E","R","T","$","R","M","M","M","R","B",null,"M","$","M","?","M","E","R","M","T","R","M","M","M","M","R","B"],"character_chosen":"IRONCLAD","items_purchased":["Orichalcum","Uppercut","Bag of Marbles","Exhume+1","Pen Nib"],"campfire_rested":1,"item_purchase_floors":[4,4,20,27,36],"current_hp_per_floor":[80,80,85,85,85,85,85,76,76,70,70,49,49,55,55,49,85,77,79,79,79,73,73,38,38,38,38,38,40,35,29,54,42,85,78,78,72,46,61,72,72,72,72,72,66,69,83,74,74,72],"gold":166,"neow_bonus":"HUNDRED_GOLD","is_prod":false,"is_daily":false,"chose_seed":false,"campfire_upgraded":9,"win_rate":0,"timestamp":1530553543,"path_taken":["M","M","?","$","M","R","?","E","T","E","R","?","M","M","R","BOSS","M","M","$","?","?","R","E","R","T","$","R","M","M","M","R","BOSS","M","$","M","?","M","E","R","M","T","R","M","?","M","?","R","BOSS"],"build_version":"2018-06-28","purchased_purges":2,"victory":true,"max_hp_per_floor":[80,80,85,85,85,85,85,85,85,85,85,85,85,85,85,85,85,85,85,85,85,85,85,85,85,85,85,85,85,85,85,85,85,85,85,85,85,85,85,85,85,85,85,85,85,85,85,85,85,85],"card_choices":[{"not_picked":["Corruption","Pommel Strike"],"picked":"Rampage","floor":1},{"not_picked":["Heavy Blade","Iron Wave"],"picked":"Anger","floor":2},{"not_picked":["True Grit","Bludgeon"],"picked":"Headbutt","floor":5},{"not_picked":["Twin Strike","Body Slam"],"picked":"Demon Form","floor":8},{"not_picked":["Ghostly Armor","Dual Wield"],"picked":"Seeing Red","floor":10},{"not_picked":["Anger","Perfected Strike"],"picked":"Sword Boomerang","floor":13},{"not_picked":["Warcry+1","Headbutt"],"picked":"Spot Weakness+1","floor":14},{"not_picked":["Immolate","Barricade"],"picked":"Offering+1","floor":16},{"not_picked":["Perfected Strike","Flex+1"],"picked":"Dropkick","floor":18},{"not_picked":["Havoc+1","Carnage"],"picked":"Thunderclap","floor":19},{"not_picked":["Cleave","Clothesline"],"picked":"Battle Trance+1","floor":24},{"not_picked":["Warcry+1","Shrug It Off+1"],"picked":"Seeing Red+1","floor":29},{"not_picked":["Juggernaut","Bloodletting+1"],"picked":"Armaments+1","floor":30},{"not_picked":["Warcry+1","Pummel+1","Hemokinesis"],"picked":"SKIP","floor":31},{"not_picked":["Juggernaut","Dark Embrace"],"picked":"Limit Break+1","floor":33},{"not_picked":["Searing Blow+1","Cleave"],"picked":"Inflame+1","floor":35},{"not_picked":["Shrug It Off+1","Second Wind+1","Reckless Charge"],"picked":"SKIP","floor":37},{"not_picked":["Flex+1","Wild Strike","Battle Trance+1"],"picked":"SKIP","floor":39},{"not_picked":["Dual Wield+1","Limit Break+1"],"picked":"Intimidate+1","floor":40},{"not_picked":["Rage+1","Shrug It Off+1","Body Slam+1"],"picked":"SKIP","floor":42},{"not_picked":["Entrench+1","Dropkick","True Grit+1"],"picked":"SKIP","floor":45},{"not_picked":["Entrench+1","Dropkick","True Grit+1"],"picked":"SKIP","floor":45},{"not_picked":["Sever Soul","True Grit+1"],"picked":"Dual Wield+1","floor":46},{"not_picked":["Spot Weakness+1","Armaments+1","Body Slam+1"],"picked":"SKIP","floor":47},{"not_picked":["Iron Wave+1","Heavy Blade","Bludgeon"],"picked":"SKIP","floor":48}],"player_experience":116852,"relics_obtained":[{"floor":8,"key":"Ginger"},{"floor":9,"key":"Charon\u0027s Ashes"},{"floor":10,"key":"Toxic Egg 2"},{"floor":21,"key":"Bird Faced Urn"},{"floor":24,"key":"Smiling Mask"},{"floor":26,"key":"Centennial Puzzle"},{"floor":38,"key":"Magic Flower"},{"floor":40,"key":"Self Forming Clay"},{"floor":43,"key":"Mummified Hand"}],"event_choices":[{"event_name":"Big Fish","player_choice":"Donut","floor":3,"damage_taken":0},{"event_name":"The Cleric","player_choice":"Card Removal","floor":7,"damage_taken":0},{"event_name":"Golden Idol","player_choice":"Take Damage","floor":12,"damage_taken":0},{"event_name":"Nest","player_choice":"Joined the Cult","floor":22,"damage_taken":0},{"event_name":"MindBloom","player_choice":"Fight","floor":38,"damage_taken":0}],"boss_relics":[{"not_picked":["Orrery","Busted Crown"],"picked":"Runic Cube"},{"not_picked":["Cursed Key","Philosopher\u0027s Stone"],"picked":"Empty Cage"}],"items_purged_floors":[27,36],"is_endless":false,"potions_floor_spawned":[1,10,14,16,19,24,31,33,35,39,45,46,47],"ascension_level":0}