{"gold_per_floor":[115,3,20,36,46,72,87,87,156,156,167,196,215,290,290,361,361,380,363,47,60,60],"floor_reached":22,"playtime":1163,"items_purged":["Strike_R"],"score":330,"play_id":"723d868d-ba24-4a15-bc51-643f35a137f2","local_time":"20181205004922","is_ascension_mode":true,"campfire_choices":[{"data":"True Grit","floor":8.0,"key":"SMITH"},{"data":"Limit Break","floor":10.0,"key":"SMITH"},{"floor":15.0,"key":"REST"}],"neow_cost":"NONE","seed_source_timestamp":263662930968912,"circlet_count":0,"master_deck":["AscendersBane","Strike_R","Strike_R","Strike_R","Strike_R","Defend_R","Defend_R+1","Defend_R","Defend_R+1","Bash","Uppercut","Inflame","Thunderclap","Infernal Blade","True Grit+1","Limit Break+1","True Grit","Anger","Feed","Whirlwind","Pummel+1"],"special_seed":0,"relics":["Burning Blood","Orichalcum","Question Card","Calipers","Ornamental Fan","War Paint","Philosopher\u0027s Stone","Pantograph"],"potions_floor_usage":[22],"damage_taken":[{"damage":0.0,"enemies":"2 Louse","floor":1.0,"turns":3.0},{"damage":0.0,"enemies":"Cultist","floor":3.0,"turns":4.0},{"damage":8.0,"enemies":"Small Slimes","floor":4.0,"turns":3.0},{"damage":18.0,"enemies":"Exordium Wildlife","floor":5.0,"turns":4.0},{"damage":38.0,"enemies":"Lagavulin","floor":6.0,"turns":6.0},{"damage":6.0,"enemies":"Red Slaver","floor":7.0,"turns":3.0},{"damage":0.0,"enemies":"Looter","floor":11.0,"turns":2.0},{"damage":14.0,"enemies":"3 Sentries","floor":12.0,"turns":5.0},{"damage":20.0,"enemies":"Lots of Slimes","floor":13.0,"turns":4.0},{"damage":35.0,"enemies":"Slime Boss","floor":16.0,"turns":9.0},{"damage":29.0,"enemies":"Shell Parasite","floor":18.0,"turns":7.0},{"damage":20.0,"enemies":"2 Thieves","floor":19.0,"turns":4.0},{"damage":10,"enemies":"Centurion and Healer","floor":21,"turns":8},{"damage":31,"enemies":"Shelled Parasite and Fungi","floor":22,"turns":5}],"seed_played":"2760480379630874888","potions_obtained":[{"floor":3.0,"key":"Regen Potion"},{"floor":4.0,"key":"Weak Potion"},{"floor":5.0,"key":"Block Potion"},{"floor":12.0,"key":"EssenceOfSteel"},{"floor":21,"key":"EssenceOfSteel"}],"is_trial":false,"path_per_floor":["M","?","M","M","M","E","M","R","T","R","M","E","M","?","R","B",null,"M","M","$","M","M"],"character_chosen":"IRONCLAD","items_purchased":["Pantograph"],"campfire_rested":1,"item_purchase_floors":[20],"current_hp_per_floor":[78,78,80,78,66,34,34,34,34,34,40,32,18,7,31,17,64,44,30,30,29,0],"gold":60,"neow_bonus":"RANDOM_COMMON_RELIC","is_prod":false,"is_daily":false,"chose_seed":false,"campfire_upgraded":2,"win_rate":0,"timestamp":1543996162,"path_taken":["M","?","M","M","M","E","?","R","T","R","M","E","?","?","R","BOSS","M","M","$","M","M"],"build_version":"2018-11-15","purchased_purges":1,"victory":false,"max_hp_per_floor":[80,80,80,80,80,80,80,80,80,80,80,80,80,80,80,80,80,83,83,83,86,86],"card_choices":[{"not_picked":["Cleave","True Grit"],"picked":"Uppercut","floor":1.0},{"not_picked":["Second Wind","Battle Trance","Cleave"],"picked":"Inflame","floor":3.0},{"not_picked":["True Grit","Flex","Cleave"],"picked":"Thunderclap","floor":4.0},{"not_picked":["Rupture","Cleave","Clash"],"picked":"Infernal Blade","floor":5.0},{"not_picked":["Perfected Strike","Power Through","Twin Strike"],"picked":"True Grit","floor":6.0},{"not_picked":["Anger","Twin Strike","Wild Strike"],"picked":"Limit Break","floor":7.0},{"not_picked":["Pommel Strike","Clothesline","Burning Pact"],"picked":"True Grit","floor":11.0},{"not_picked":["Bloodletting","Pommel Strike","Corruption","Headbutt"],"picked":"SKIP","floor":12.0},{"not_picked":["Entrench","Clothesline","Twin Strike"],"picked":"Anger","floor":13.0},{"not_picked":["Barricade","Double Tap","Juggernaut"],"picked":"Feed","floor":16.0},{"not_picked":["Anger","Body Slam","Evolve"],"picked":"Whirlwind","floor":18.0},{"not_picked":["Carnage","Infernal Blade","Pummel","Shockwave"],"picked":"SKIP","floor":19.0},{"not_picked":["Searing Blow","Hemokinesis","Thunderclap+1"],"picked":"Pummel+1","floor":21}],"player_experience":674358,"relics_obtained":[{"floor":6.0,"key":"Calipers"},{"floor":9.0,"key":"Ornamental Fan"},{"floor":12.0,"key":"War Paint"}],"event_choices":[{"damage_healed":0.0,"max_hp_gain":0.0,"max_hp_loss":0.0,"gold_gain":0.0,"event_name":"WeMeetAgain","player_choice":"Paid Gold","floor":2.0,"gold_loss":112.0,"damage_taken":0.0,"relics_obtained":["Question Card"]},{"damage_healed":0.0,"max_hp_gain":0.0,"max_hp_loss":0.0,"gold_gain":75.0,"event_name":"World of Goop","player_choice":"Gather Gold","floor":14.0,"gold_loss":0.0,"damage_taken":11.0}],"is_beta":false,"boss_relics":[{"not_picked":["Eternal Feather","Velvet Choker"],"picked":"Philosopher\u0027s Stone"}],"items_purged_floors":[20],"is_endless":false,"potions_floor_spawned":[3,4,5,12,21],"killed_by":"Shelled Parasite and Fungi","ascension_level":13}