{"gold_per_floor":[369,388,403,132,132,132,161,336,336,336,351,351,368,424,424,519,519,538,135,154,154,79,79],"floor_reached":23,"playtime":816,"items_purged":["Pain","Doubt","Regret"],"score":236,"play_id":"7f71f8e2-b4db-4650-8471-29aa21a7fbd4","local_time":"20190312154827","is_ascension_mode":true,"campfire_choices":[{"data":"Perfected Strike","floor":6.0,"key":"SMITH"},{"floor":10.0,"key":"REST"},{"data":"Perfected Strike","floor":12.0,"key":"SMITH"},{"floor":15.0,"key":"REST"}],"neow_cost":"CURSE","seed_source_timestamp":2316582809776228,"circlet_count":0,"master_deck":["Strike_R","Strike_R","Strike_R","Strike_R","Strike_R","Defend_R","Defend_R","Defend_R","Defend_R","Bash+1","Perfected Strike+1","Whirlwind+1","Perfected Strike+1","Shrug It Off","Headbutt","Wild Strike","Dual Wield","Perfected Strike","Pommel Strike","Offering","Warcry+1","Shrug It Off+1"],"special_seed":0,"relics":["Burning Blood","Whetstone","Pantograph","Dream Catcher","Singing Bowl","Ornamental Fan","Lizard Tail","Magic Flower","SsserpentHead"],"potions_floor_usage":[],"damage_taken":[{"damage":7.0,"enemies":"Small Slimes","floor":1.0,"turns":4.0},{"damage":7.0,"enemies":"2 Louse","floor":2.0,"turns":3.0},{"damage":2.0,"enemies":"Cultist","floor":3.0,"turns":2.0},{"damage":19.0,"enemies":"Gremlin Nob","floor":7.0,"turns":3.0},{"damage":21.0,"enemies":"Exordium Thugs","floor":11.0,"turns":3.0},{"damage":11.0,"enemies":"Looter","floor":13.0,"turns":2.0},{"damage":18.0,"enemies":"Gremlin Nob","floor":14.0,"turns":3.0},{"damage":60.0,"enemies":"Hexaghost","floor":16.0,"turns":7.0},{"damage":38.0,"enemies":"Shell Parasite","floor":18.0,"turns":4.0},{"damage":33,"enemies":"2 Thieves","floor":20,"turns":3},{"damage":63,"enemies":"Book of Stabbing","floor":23,"turns":5}],"seed_played":"7240932687659035387","potions_obtained":[{"floor":1.0,"key":"EssenceOfSteel"},{"floor":7.0,"key":"Fire Potion"},{"floor":11.0,"key":"Regen Potion"}],"is_trial":false,"path_per_floor":["M","M","M","$","?","R","E","?","T","R","M","R","M","?","R","B",null,"M","$","M","?","$","E"],"character_chosen":"IRONCLAD","items_purchased":["Whetstone","Shrug It Off","Magic Flower"],"campfire_rested":2,"item_purchase_floors":[4,4,19],"current_hp_per_floor":[79,78,80,80,80,80,67,67,67,80,65,65,62,50,74,37,71,39,39,15,15,15,20],"gold":79,"neow_bonus":"TWO_FIFTY_GOLD","is_prod":false,"is_daily":false,"chose_seed":false,"campfire_upgraded":2,"win_rate":0,"timestamp":1552373307,"path_taken":["M","M","M","$","?","R","E","?","T","R","M","R","M","?","R","BOSS","M","$","M","?","?","E"],"build_version":"2019-01-23","purchased_purges":3,"victory":false,"max_hp_per_floor":[80,80,80,80,80,80,80,80,80,80,80,80,82,82,82,82,82,82,82,82,82,82,82],"card_choices":[{"not_picked":["Warcry","Anger"],"picked":"Perfected Strike","floor":1.0},{"not_picked":["Sword Boomerang","Inflame"],"picked":"Whirlwind","floor":2.0},{"not_picked":["Clothesline","Headbutt"],"picked":"Perfected Strike","floor":3.0},{"not_picked":["Entrench","Carnage"],"picked":"Headbutt","floor":7.0},{"not_picked":["Seeing Red","Heavy Blade"],"picked":"Wild Strike","floor":10.0},{"not_picked":["Thunderclap","Feel No Pain"],"picked":"Dual Wield","floor":11.0},{"not_picked":["Intimidate","Clash","Anger"],"picked":"Singing Bowl","floor":13.0},{"not_picked":["Headbutt","Spot Weakness"],"picked":"Perfected Strike","floor":14.0},{"not_picked":["Reckless Charge","Reaper"],"picked":"Pommel Strike","floor":15.0},{"not_picked":["Limit Break","Immolate"],"picked":"Offering","floor":16.0},{"not_picked":["Thunderclap","Bloodletting"],"picked":"Warcry+1","floor":18.0},{"not_picked":["Reckless Charge+1","Thunderclap"],"picked":"Shrug It Off+1","floor":20}],"player_experience":330605,"relics_obtained":[{"floor":7.0,"key":"Dream Catcher"},{"floor":9.0,"key":"Singing Bowl"}],"event_choices":[{"damage_healed":0.0,"max_hp_gain":0.0,"max_hp_loss":0.0,"gold_gain":0.0,"event_name":"Big Fish","player_choice":"Box","floor":5.0,"gold_loss":0.0,"damage_taken":0.0,"relics_obtained":["Pantograph"],"cards_obtained":["Regret"]},{"damage_healed":0.0,"max_hp_gain":0.0,"max_hp_loss":0.0,"gold_gain":175.0,"event_name":"Liars Game","player_choice":"AGREE","floor":8.0,"gold_loss":0.0,"damage_taken":0.0,"cards_obtained":["Doubt"]},{"damage_healed":0.0,"max_hp_gain":0.0,"max_hp_loss":0.0,"gold_gain":30.0,"event_name":"Dead Adventurer","player_choice":"Searched \u00273\u0027 times","floor":14.0,"gold_loss":0.0,"damage_taken":0.0,"relics_obtained":["Ornamental Fan"]},{"damage_healed":0,"gold_gain":0,"player_choice":"Trade","damage_taken":0,"relics_obtained":["SsserpentHead"],"max_hp_gain":0,"max_hp_loss":0,"event_name":"FaceTrader","floor":21,"gold_loss":0}],"is_beta":false,"boss_relics":[{"not_picked":["Velvet Choker","Runic Cube"],"picked":"Lizard Tail"}],"items_purged_floors":[4,19,22],"is_endless":false,"potions_floor_spawned":[1,7,11],"killed_by":"Book of Stabbing","ascension_level":5}