{"gold_per_floor":[117,42,54,73,73,73,100,100,100,113,138,155,155,167,167,167],"floor_reached":16,"playtime":580,"items_purged":["Strike_R"],"score":143,"play_id":"8877419a-6bcb-47e6-90d0-1e85e7d277dc","local_time":"20180712123632","is_ascension_mode":true,"campfire_choices":[{"data":"Bash","floor":6,"key":"SMITH"},{"data":"Feed","floor":8,"key":"SMITH"},{"floor":15,"key":"REST"}],"neow_cost":"NONE","seed_source_timestamp":0,"circlet_count":0,"master_deck":["Strike_R","Strike_R","Strike_R","Defend_R","Defend_R","Defend_R","Bash+1","Feed+1","Body Slam"],"special_seed":17724,"relics":["Empty Cage","Paper Frog","Dodecahedron","Letter Opener"],"potions_floor_usage":[11,11,16,16],"damage_taken":[{"damage":1,"enemies":"Cultist","floor":1,"turns":3},{"damage":10,"enemies":"Small Slimes","floor":3,"turns":4},{"damage":1,"enemies":"2 Louse","floor":4,"turns":3},{"damage":15,"enemies":"Gremlin Nob","floor":7,"turns":4},{"damage":13,"enemies":"Blue Slaver","floor":10,"turns":5},{"damage":21,"enemies":"Lagavulin","floor":11,"turns":5},{"damage":6,"enemies":"2 Fungi Beasts","floor":12,"turns":4},{"damage":22,"enemies":"Large Slime","floor":14,"turns":5},{"damage":37,"enemies":"Hexaghost","floor":16,"turns":11}],"seed_played":"-4311942942209726919","potions_obtained":[{"floor":7,"key":"SteroidPotion"},{"floor":10,"key":"AttackPotion"},{"floor":11,"key":"Block Potion"},{"floor":14,"key":"SkillPotion"}],"is_trial":false,"path_per_floor":["M","$","M","M","?","R","E","R","T","M","E","M","?","M","R"],"character_chosen":"IRONCLAD","items_purchased":[],"campfire_rested":1,"item_purchase_floors":[],"current_hp_per_floor":[79,79,69,68,73,73,58,58,58,49,28,26,26,8,37,0],"gold":167,"neow_bonus":"BOSS_RELIC","is_prod":false,"is_daily":false,"chose_seed":false,"campfire_upgraded":2,"win_rate":0,"timestamp":1531420592,"path_taken":["M","$","M","?","?","R","E","R","T","M","E","?","?","M","R","BOSS"],"build_version":"2018-07-05","purchased_purges":1,"victory":false,"max_hp_per_floor":[80,80,80,80,85,85,85,85,85,89,89,93,93,97,97,97],"card_choices":[{"not_picked":["Armaments","Seeing Red","Sword Boomerang"],"picked":"SKIP","floor":1},{"not_picked":["True Grit","Armaments","Twin Strike"],"picked":"SKIP","floor":3},{"not_picked":["Exhume","Havoc","Cleave"],"picked":"SKIP","floor":4},{"not_picked":["Rage","Reaper"],"picked":"Feed","floor":7},{"not_picked":["Clothesline","Battle Trance","True Grit"],"picked":"SKIP","floor":10},{"not_picked":["Thunderclap","Cleave","Burning Pact"],"picked":"SKIP","floor":11},{"not_picked":["Twin Strike","Heavy Blade"],"picked":"Body Slam","floor":12},{"not_picked":["Headbutt","Perfected Strike","Cleave"],"picked":"SKIP","floor":14}],"player_experience":189626,"relics_obtained":[{"floor":7,"key":"Paper Frog"},{"floor":9,"key":"Dodecahedron"},{"floor":11,"key":"Letter Opener"}],"event_choices":[{"event_name":"Big Fish","player_choice":"Donut","floor":5,"damage_taken":0},{"event_name":"Dead Adventurer","player_choice":"Searched \u00270\u0027 times","floor":13,"damage_taken":0}],"boss_relics":[],"items_purged_floors":[2],"is_endless":false,"potions_floor_spawned":[7,10,11,14],"killed_by":"Hexaghost","ascension_level":1}