{"gold_per_floor":[116,130,145,24,44,74,74,84,158,177,139,139,209,238,238,341,341,361,379,379,379,390,390,48,48,48,98,98,98],"floor_reached":29,"playtime":1100,"items_purged":[],"score":350,"play_id":"ab7ea72d-2d7a-4704-b67f-224e10bbde9a","local_time":"20181012135712","is_ascension_mode":true,"campfire_choices":[{"floor":7,"key":"REST"},{"floor":12,"key":"REST"},{"floor":15,"key":"REST"},{"floor":23,"key":"REST"},{"floor":25,"key":"REST"},{"data":"Panacea","floor":28,"key":"SMITH"}],"neow_cost":"PERCENT_DAMAGE","seed_source_timestamp":744211180856894,"circlet_count":0,"master_deck":["Strike_B","Strike_B","Strike_B","Strike_B","Defend_B","Defend_B","Defend_B","Defend_B","Zap","Dualcast","AscendersBane","Reboot","Coolheaded","Cold Snap","Go for the Eyes","Capacitor","Lockon","Beam Cell","Doom and Gloom","Aggregate","Hologram","Ball Lightning","Creative AI","Defragment+1","Beam Cell+1","Ball Lightning","Heatsinks","Chill","Panacea+1"],"relics":["Cracked Core","Happy Flower","Question Card","Dead Branch","Velvet Choker","SsserpentHead","Bottled Tornado","StoneCalendar"],"potions_floor_usage":[10,16],"damage_taken":[{"damage":0,"enemies":"Small Slimes","floor":1,"turns":2},{"damage":4,"enemies":"Jaw Worm","floor":2,"turns":5},{"damage":6,"enemies":"2 Louse","floor":3,"turns":3},{"damage":9,"enemies":"Blue Slaver","floor":5,"turns":4},{"damage":16,"enemies":"Lagavulin","floor":6,"turns":6},{"damage":0,"enemies":"Looter","floor":8,"turns":3},{"damage":25,"enemies":"Exordium Thugs","floor":10,"turns":5},{"damage":21,"enemies":"3 Sentries","floor":14,"turns":7},{"damage":34,"enemies":"Slime Boss","floor":16,"turns":7},{"damage":4,"enemies":"Chosen","floor":18,"turns":4},{"damage":0,"enemies":"Spheric Guardian","floor":19,"turns":3},{"damage":27,"enemies":"Centurion and Healer","floor":22,"turns":6},{"damage":49,"enemies":"Book of Stabbing","floor":29,"turns":5}],"seed_played":"-475609054008392257","potions_obtained":[{"floor":5,"key":"FearPotion"},{"floor":6,"key":"Weak Potion"},{"floor":14,"key":"Fire Potion"},{"floor":19,"key":"FocusPotion"}],"is_trial":false,"path_per_floor":["M","M","M","$","M","E","R","M","T","M","?","R","?","E","R","B",null,"M","M","?","?","M","R","$","R","T","?","R"],"character_chosen":"DEFECT","items_purchased":["Capacitor","Lockon","Bottled Tornado","Heatsinks","Chill"],"campfire_rested":5,"item_purchase_floors":[4,4,24,24,24],"current_hp_per_floor":[50,46,40,40,31,15,37,37,37,12,12,34,34,13,35,1,57,53,53,39,39,12,36,36,60,60,44,44,0],"gold":98,"neow_bonus":"THREE_RARE_CARDS","is_prod":false,"is_daily":false,"chose_seed":false,"campfire_upgraded":1,"win_rate":0,"timestamp":1539374232,"path_taken":["M","M","M","$","M","E","R","M","T","M","?","R","?","E","R","BOSS","M","M","?","?","M","R","$","R","T","?","R","E"],"build_version":"2018-10-11","purchased_purges":0,"victory":false,"max_hp_per_floor":[75,75,75,75,75,75,75,75,75,75,75,75,75,75,75,75,75,75,75,80,80,80,80,80,80,80,80,80,80],"card_choices":[{"not_picked":["Thunder Strike","Meteor Strike"],"picked":"Reboot","floor":0},{"not_picked":["Gash","Stack"],"picked":"Coolheaded","floor":1},{"not_picked":["Rebound","Stack"],"picked":"Cold Snap","floor":2},{"not_picked":["Leap","Redo"],"picked":"Go for the Eyes","floor":3},{"not_picked":["Capacitor","Steam"],"picked":"Beam Cell","floor":5},{"not_picked":["Hyperbeam","Stack"],"picked":"Doom and Gloom","floor":6},{"not_picked":["Beam Cell","Steam"],"picked":"Aggregate","floor":8},{"not_picked":["Steam","Gash","Streamline"],"picked":"Hologram","floor":10},{"not_picked":["Genetic Algorithm","Gash","Turbo"],"picked":"Ball Lightning","floor":14},{"not_picked":["Seek","Amplify","Rainbow"],"picked":"Creative AI","floor":16},{"not_picked":["Redo","Hologram","Melter+1"],"picked":"Defragment+1","floor":18},{"not_picked":["Genetic Algorithm+1","Gash","Recycle"],"picked":"Beam Cell+1","floor":19},{"not_picked":["Darkness","Tempest","Doom and Gloom"],"picked":"Ball Lightning","floor":22}],"player_experience":515487,"relics_obtained":[{"floor":6,"key":"Happy Flower"},{"floor":9,"key":"Question Card"},{"floor":14,"key":"Dead Branch"},{"floor":26,"key":"StoneCalendar"}],"event_choices":[{"event_name":"World of Goop","player_choice":"Left","floor":11,"damage_taken":0},{"event_name":"Golden Wing","player_choice":"Gained Gold","floor":13,"damage_taken":0},{"event_name":"Forgotten Altar","player_choice":"Shed Blood","floor":20,"damage_taken":0},{"event_name":"FaceTrader","player_choice":"Trade","floor":21,"damage_taken":0},{"event_name":"Knowing Skull","player_choice":"CARD ","floor":27,"damage_taken":0}],"is_beta":false,"boss_relics":[{"not_picked":["Lizard Tail","Runic Dome"],"picked":"Velvet Choker"}],"items_purged_floors":[],"is_endless":false,"potions_floor_spawned":[5,6,14,19],"killed_by":"Book of Stabbing","ascension_level":10}