{"gold_per_floor":[109,109,109,119,20,50,67,67,67,85,85,102,122,132,132,237,237,253,253,60,77,88,88,3,13,37,37,37,37,70,87,87,87],"floor_reached":33,"playtime":915,"items_purged":["Regret"],"score":294,"play_id":"0e149578-2718-4e0d-b7fb-e9f075cb6a42","local_time":"20180906013413","is_ascension_mode":false,"campfire_choices":[{"data":"Wraith Form v2","floor":8.0,"key":"SMITH"},{"data":"Infinite Blades","floor":11.0,"key":"SMITH"},{"data":"Leg Sweep","floor":15.0,"key":"SMITH"},{"data":"Footwork","floor":23.0,"key":"SMITH"},{"floor":27.0,"key":"REST"},{"data":"Chrysalis","floor":29.0,"key":"SMITH"},{"floor":32.0,"key":"REST"}],"neow_cost":"NONE","seed_source_timestamp":1521221897339687,"circlet_count":0,"master_deck":["Defend_G","Defend_G","Defend_G","Defend_G","Defend_G","Strike_G","Strike_G","Strike_G","Strike_G","Strike_G","Survivor","Neutralize+1","Dagger Spray","Flying Knee","Flying Knee","Wraith Form v2+1","Sucker Punch+1","Infinite Blades+1","Flying Knee+1","Leg Sweep+1","Glass Knife+1","Die Die Die+1","Finisher+1","Chrysalis+1","Footwork+1","Noxious Fumes+1","Acrobatics","Flying Knee+1","Sucker Punch+1"],"special_seed":0,"relics":["Lizard Tail","Pen Nib","Molten Egg 2","Mercury Hourglass","Runic Dome","Frozen Egg 2","Bag of Preparation","Question Card"],"potions_floor_usage":[33,33,33],"damage_taken":[{"damage":1.0,"enemies":"Jaw Worm","floor":1.0,"turns":6.0},{"damage":3.0,"enemies":"Small Slimes","floor":4.0,"turns":3.0},{"damage":34.0,"enemies":"Lagavulin","floor":6.0,"turns":8.0},{"damage":3.0,"enemies":"2 Louse","floor":7.0,"turns":3.0},{"damage":0.0,"enemies":"2 Fungi Beasts","floor":10.0,"turns":2.0},{"damage":2.0,"enemies":"3 Louse","floor":12.0,"turns":3.0},{"damage":0.0,"enemies":"Large Slime","floor":13.0,"turns":3.0},{"damage":4.0,"enemies":"Red Slaver","floor":14.0,"turns":2.0},{"damage":12.0,"enemies":"Hexaghost","floor":16.0,"turns":10.0},{"damage":2.0,"enemies":"Chosen","floor":18.0,"turns":3.0},{"damage":17.0,"enemies":"Spheric Guardian","floor":21.0,"turns":4.0},{"damage":29.0,"enemies":"Snake Plant","floor":22.0,"turns":4.0},{"damage":14.0,"enemies":"Shelled Parasite and Fungi","floor":25.0,"turns":4.0},{"damage":50.0,"enemies":"Slavers","floor":30.0,"turns":5.0},{"damage":0.0,"enemies":"Cultist and Chosen","floor":31.0,"turns":5.0},{"damage":72,"enemies":"Automaton","floor":33,"turns":6}],"seed_played":"1465040584059591100","potions_obtained":[{"floor":6.0,"key":"PowerPotion"},{"floor":7.0,"key":"SmokeBomb"},{"floor":10.0,"key":"SkillPotion"},{"floor":22.0,"key":"Strength Potion"},{"floor":25.0,"key":"Strength Potion"},{"floor":31.0,"key":"Swift Potion"}],"is_trial":false,"path_per_floor":["M","?","?","M","$","E","M","R","T","M","R","M","M","M","R","B",null,"M","?","$","M","M","R","?","M","T","R","?","R","E","M","R"],"character_chosen":"THE_SILENT","items_purchased":["Flying Knee","Chrysalis"],"campfire_rested":2,"item_purchase_floors":[5,20],"current_hp_per_floor":[69,69,69,66,66,32,29,29,29,29,29,27,27,23,23,11,70,68,68,68,51,22,22,22,8,8,29,29,29,18,18,39,0],"gold":87,"neow_bonus":"BOSS_RELIC","is_prod":false,"is_daily":false,"chose_seed":false,"campfire_upgraded":5,"win_rate":0,"timestamp":1536219253,"path_taken":["M","?","?","M","$","E","M","R","T","M","R","M","M","M","R","BOSS","M","?","$","M","M","R","?","M","T","R","?","R","E","M","R","BOSS"],"build_version":"2018-08-30","purchased_purges":1,"victory":false,"max_hp_per_floor":[70,70,70,70,70,70,70,70,70,70,70,70,70,70,70,70,70,70,70,70,70,70,70,70,70,70,70,70,70,70,70,70,70],"card_choices":[{"not_picked":["Acrobatics","Outmaneuver"],"picked":"Dagger Spray","floor":1.0},{"not_picked":["Quick Slash","Poisoned Stab"],"picked":"Flying Knee","floor":4.0},{"not_picked":["Quick Slash","Dodge and Roll"],"picked":"Wraith Form v2","floor":6.0},{"not_picked":["Heel Hook+1","Predator+1"],"picked":"Sucker Punch+1","floor":7.0},{"not_picked":["Cloak And Dagger","Prepared"],"picked":"Infinite Blades","floor":10.0},{"not_picked":["Dagger Spray+1","Backflip"],"picked":"Flying Knee+1","floor":12.0},{"not_picked":["Acrobatics","Backflip"],"picked":"Leg Sweep","floor":13.0},{"not_picked":["Calculated Gamble","Reflex"],"picked":"Glass Knife+1","floor":14.0},{"not_picked":["Corpse Explosion","Storm of Steel"],"picked":"Die Die Die+1","floor":16.0},{"not_picked":["Deadly Poison+1","Leg Sweep+1"],"picked":"Finisher+1","floor":18.0},{"not_picked":["Eviscerate+1","Underhanded Strike+1"],"picked":"Footwork","floor":21.0},{"not_picked":["Dodge and Roll+1","Flechettes+1"],"picked":"Noxious Fumes+1","floor":22.0},{"not_picked":["Concentrate","Bouncing Flask"],"picked":"Acrobatics","floor":25.0},{"not_picked":["Underhanded Strike+1","Quick Slash+1"],"picked":"Flying Knee+1","floor":30.0},{"not_picked":["Quick Slash+1","Blade Dance+1","Cloak And Dagger"],"picked":"Sucker Punch+1","floor":31.0}],"player_experience":463379,"relics_obtained":[{"floor":6.0,"key":"Molten Egg 2"},{"floor":9.0,"key":"Mercury Hourglass"},{"floor":26.0,"key":"Bag of Preparation"},{"floor":30.0,"key":"Question Card"}],"event_choices":[{"event_name":"Living Wall","player_choice":"Grow","floor":2.0,"damage_taken":0.0},{"event_name":"Big Fish","player_choice":"Box","floor":3.0,"damage_taken":0.0},{"event_name":"The Woman in Blue","player_choice":"Bought 0 Potions","floor":19.0,"damage_taken":0.0},{"event_name":"Addict","player_choice":"Obtained Relic","floor":24.0,"damage_taken":0.0},{"event_name":"Beggar","player_choice":"Ignored","floor":28.0,"damage_taken":0.0}],"is_beta":false,"boss_relics":[{"not_picked":["White Beast Statue","Snecko Eye"],"picked":"Runic Dome"}],"items_purged_floors":[5],"is_endless":false,"potions_floor_spawned":[6,7,10,22,25,31],"killed_by":"Automaton","ascension_level":0}