{"gold_per_floor":[112,112,112,127,83,111,40,54,126,161,161,173,184,109,109,204,204,223,223,235,235,247,247],"floor_reached":23,"playtime":2669,"items_purged":["Strike_R"],"score":201,"play_id":"23306d07-0fa2-4d7d-9719-22b1324442ca","local_time":"20190311141136","is_ascension_mode":false,"campfire_choices":[{"data":"Heavy Blade","floor":11,"key":"SMITH"},{"floor":15,"key":"REST"}],"neow_cost":"NONE","seed_source_timestamp":11001163106523,"circlet_count":0,"master_deck":["Strike_R+1","Strike_R","Strike_R","Defend_R","Defend_R","Defend_R","Defend_R","Bash+1","Iron Wave+1","Disarm","Inflame","Metallicize","Heavy Blade+1","Sword Boomerang","Limit Break","Dual Wield+1","RitualDagger","Armaments"],"relics":["Burning Blood","Boot","Bag of Marbles","Question Card","StoneCalendar","Sozu"],"potions_floor_usage":[],"damage_taken":[{"damage":11,"enemies":"Small Slimes","floor":1,"turns":3},{"damage":0,"enemies":"Jaw Worm","floor":4,"turns":3},{"damage":15,"enemies":"Gremlin Nob","floor":6,"turns":4},{"damage":1,"enemies":"Cultist","floor":8,"turns":3},{"damage":28,"enemies":"Lagavulin","floor":10,"turns":6},{"damage":5,"enemies":"3 Louse","floor":12,"turns":3},{"damage":0,"enemies":"Large Slime","floor":13,"turns":4},{"damage":20,"enemies":"The Guardian","floor":16,"turns":11},{"damage":25,"enemies":"2 Thieves","floor":18,"turns":4},{"damage":11,"enemies":"Chosen","floor":20,"turns":5},{"damage":17,"enemies":"Sentry and Sphere","floor":22,"turns":5},{"damage":39,"enemies":"Slavers","floor":23,"turns":3}],"seed_played":"-7780667312532356250","potions_obtained":[{"floor":10,"key":"Explosive Potion"},{"floor":12,"key":"SteroidPotion"},{"floor":13,"key":"SkillPotion"}],"is_trial":false,"path_per_floor":["M","?","?","M","?","E","$","M","T","E","R","M","M","$","R","B",null,"M","?","M","?","M","E"],"character_chosen":"IRONCLAD","items_purchased":["Inflame"],"campfire_rested":1,"item_purchase_floors":[7],"current_hp_per_floor":[75,59,59,65,65,56,56,61,61,39,39,40,46,46,70,56,80,61,55,50,50,39,0],"gold":247,"neow_bonus":"RANDOM_COMMON_RELIC","is_prod":false,"is_daily":false,"chose_seed":false,"campfire_upgraded":1,"win_rate":0.0,"timestamp":1552309896,"path_taken":["M","?","?","M","?","E","$","M","T","E","R","M","?","$","R","BOSS","M","?","M","?","M","E"],"build_version":"2019-01-23","purchased_purges":1,"victory":false,"max_hp_per_floor":[80,80,80,80,80,80,80,80,80,80,80,80,80,80,80,80,80,80,80,80,80,80,80],"card_choices":[{"not_picked":["Wild Strike","Pommel Strike"],"picked":"Iron Wave","floor":1},{"not_picked":["Sever Soul","Shockwave"],"picked":"Disarm","floor":4},{"not_picked":["Power Through","Second Wind","Reckless Charge"],"picked":"SKIP","floor":6},{"not_picked":["Power Through","Intimidate"],"picked":"Metallicize","floor":8},{"not_picked":["Flame Barrier","Wild Strike","True Grit"],"picked":"Heavy Blade","floor":10},{"not_picked":["Uppercut","Second Wind","Anger"],"picked":"Sword Boomerang","floor":12},{"not_picked":["Bloodletting","Perfected Strike","Thunderclap","Wild Strike"],"picked":"SKIP","floor":13},{"not_picked":["Immolate","Offering","Feed"],"picked":"Limit Break","floor":16},{"not_picked":["Iron Wave","True Grit+1","Perfected Strike+1"],"picked":"Dual Wield+1","floor":18},{"not_picked":["Thunderclap","Ghostly Armor+1","Wild Strike","True Grit"],"picked":"SKIP","floor":20},{"not_picked":["Body Slam","Thunderclap","Anger"],"picked":"Armaments","floor":22}],"player_experience":34823,"relics_obtained":[{"floor":6,"key":"Bag of Marbles"},{"floor":9,"key":"Question Card"},{"floor":10,"key":"StoneCalendar"}],"event_choices":[{"damage_healed":0,"gold_gain":0,"player_choice":"Entered Light","damage_taken":16,"max_hp_gain":0,"max_hp_loss":0,"event_name":"Shining Light","floor":2,"gold_loss":0,"cards_upgraded":["Strike_R","Iron Wave"]},{"damage_healed":0,"gold_gain":0,"player_choice":"Grow","damage_taken":0,"max_hp_gain":0,"max_hp_loss":0,"event_name":"Living Wall","floor":3,"gold_loss":0,"cards_upgraded":["Bash"]},{"damage_healed":0,"gold_gain":0,"player_choice":"Left Gold","damage_taken":0,"max_hp_gain":0,"max_hp_loss":0,"event_name":"World of Goop","floor":5,"gold_loss":44},{"damage_healed":0,"gold_gain":0,"player_choice":"Joined the Cult","damage_taken":6,"max_hp_gain":0,"max_hp_loss":0,"event_name":"Nest","floor":19,"gold_loss":0,"cards_obtained":["RitualDagger"]},{"cards_removed":["Strike_R"],"damage_healed":0,"gold_gain":0,"player_choice":"Elegance","damage_taken":0,"max_hp_gain":0,"max_hp_loss":0,"event_name":"Back to Basics","floor":21,"gold_loss":0}],"is_beta":false,"boss_relics":[{"not_picked":["White Beast Statue","Tiny House"],"picked":"Sozu"}],"items_purged_floors":[14],"is_endless":false,"potions_floor_spawned":[10,12,13,16,18,22],"killed_by":"Slavers","ascension_level":0}