{"gold_per_floor":[114,128,78,89,103,138,138,149,149,160,160,40,140,140,140,240,240,257,257,58,58,72,72,88,101,101,115,143,143,103,123,123,123],"floor_reached":33,"playtime":900,"items_purged":[],"score":269,"play_id":"16c8c9d9-4dd5-48aa-ae5f-b1bb9b31aeb4","local_time":"20180911163739","is_ascension_mode":false,"campfire_choices":[{"data":"Armaments","floor":7.0,"key":"SMITH"},{"data":"Whirlwind","floor":15.0,"key":"SMITH"},{"data":"Dual Wield","floor":23,"key":"SMITH"},{"data":"Limit Break","floor":29,"key":"SMITH"},{"floor":32,"key":"REST"}],"neow_cost":"","seed_source_timestamp":62945044881660,"circlet_count":0,"master_deck":["Defend_R+1","Defend_R","Defend_R","Defend_R","Bash+1","Whirlwind+1","Thunderclap","Dual Wield+1","Armaments+1","Immolate","Flex","Flash of Steel","Limit Break+1","Ghostly Armor+1","Twin Strike+1","True Grit+1","Headbutt","Heavy Blade","Bloodletting+1","Shrug It Off+1","Double Tap"],"special_seed":0,"relics":["Burning Blood","Lantern","The Courier","Astrolabe","CultistMask","Meat on the Bone","Oddly Smooth Stone","Ornamental Fan"],"potions_floor_usage":[24,28,28,33],"damage_taken":[{"damage":7.0,"enemies":"2 Louse","floor":1.0,"turns":3.0},{"damage":0.0,"enemies":"Small Slimes","floor":2.0,"turns":3.0},{"damage":6.0,"enemies":"Cultist","floor":4.0,"turns":3.0},{"damage":0.0,"enemies":"Exordium Wildlife","floor":5.0,"turns":2.0},{"damage":48.0,"enemies":"Gremlin Nob","floor":6.0,"turns":5.0},{"damage":0.0,"enemies":"3 Louse","floor":8.0,"turns":1.0},{"damage":6.0,"enemies":"Lots of Slimes","floor":10.0,"turns":2.0},{"damage":61.0,"enemies":"The Guardian","floor":16.0,"turns":14.0},{"damage":35.0,"enemies":"Spheric Guardian","floor":18.0,"turns":5.0},{"damage":3,"enemies":"Shell Parasite","floor":22,"turns":4},{"damage":18,"enemies":"Centurion and Healer","floor":24,"turns":5},{"damage":16,"enemies":"Chosen and Byrds","floor":25,"turns":5},{"damage":16,"enemies":"Snake Plant","floor":27,"turns":4},{"damage":48,"enemies":"Slavers","floor":28,"turns":4},{"damage":13,"enemies":"Centurion and Healer","floor":31,"turns":8},{"damage":59,"enemies":"Collector","floor":33,"turns":8}],"seed_played":"5333359005583683092","potions_obtained":[{"floor":1.0,"key":"Regen Potion"},{"floor":5.0,"key":"LiquidBronze"},{"floor":8.0,"key":"Ancient Potion"},{"floor":16.0,"key":"Energy Potion"},{"floor":22,"key":"AttackPotion"},{"floor":25,"key":"Poison Potion"},{"floor":28,"key":"Energy Potion"},{"floor":31,"key":"FearPotion"}],"is_trial":false,"path_per_floor":["M","M","?","M","M","E","R","M","T","M","?","$","?","?","R","B",null,"M","?","$","?","M","R","M","M","T","M","E","R","?","M","R"],"character_chosen":"IRONCLAD","items_purchased":["Flex","Flash of Steel","Meat on the Bone"],"campfire_rested":1,"item_purchase_floors":[12,12,20],"current_hp_per_floor":[79,80,80,80,80,38,38,44,44,44,49,49,49,49,49,9,85,56,56,56,56,59,59,59,49,49,51,21,21,21,26,51,0],"gold":123,"neow_bonus":"","is_prod":false,"is_daily":false,"chose_seed":false,"campfire_upgraded":4,"win_rate":0,"timestamp":1536705459,"path_taken":["M","M","?","M","M","E","R","M","T","M","?","$","?","?","R","BOSS","M","?","$","?","?","R","M","M","T","M","E","R","?","M","R","BOSS"],"build_version":"2018-09-06","purchased_purges":0,"victory":false,"max_hp_per_floor":[80,80,80,80,80,80,80,80,80,80,85,85,85,85,85,85,85,85,85,85,85,85,85,85,85,85,85,85,85,85,85,85,85],"card_choices":[{"not_picked":["Burning Pact","Blood for Blood"],"picked":"Whirlwind","floor":1.0},{"not_picked":["Corruption","Battle Trance"],"picked":"Thunderclap","floor":2.0},{"not_picked":["Shrug It Off","Anger"],"picked":"Dual Wield","floor":4.0},{"not_picked":["Corruption","Thunderclap"],"picked":"Armaments","floor":5.0},{"not_picked":["Seeing Red","Feel No Pain"],"picked":"Immolate","floor":6.0},{"not_picked":["Burning Pact","Sentinel","Battle Trance"],"picked":"SKIP","floor":8.0},{"not_picked":["Warcry","Havoc","Iron Wave"],"picked":"SKIP","floor":10.0},{"not_picked":["Demon Form","Dark Embrace"],"picked":"Limit Break","floor":16.0},{"not_picked":["Warcry","Anger","Havoc+1"],"picked":"SKIP","floor":18.0},{"not_picked":["Rampage","Anger","Carnage"],"picked":"SKIP","floor":22},{"not_picked":["Feel No Pain","Second Wind"],"picked":"Headbutt","floor":24},{"not_picked":["Intimidate","Headbutt"],"picked":"Heavy Blade","floor":25},{"not_picked":["Body Slam","Anger+1"],"picked":"Bloodletting+1","floor":27},{"not_picked":["Infernal Blade","Whirlwind"],"picked":"Shrug It Off+1","floor":28},{"not_picked":["Disarm","Carnage"],"picked":"Double Tap","floor":31}],"player_experience":474406,"relics_obtained":[{"floor":6.0,"key":"Lantern"},{"floor":9.0,"key":"The Courier"},{"floor":26,"key":"Oddly Smooth Stone"},{"floor":28,"key":"Ornamental Fan"}],"event_choices":[{"event_name":"The Cleric","player_choice":"Card Removal","floor":3.0,"damage_taken":0.0},{"event_name":"Big Fish","player_choice":"Donut","floor":11.0,"damage_taken":0.0},{"event_name":"Golden Shrine","player_choice":"Pray","floor":13.0,"damage_taken":0.0},{"event_name":"Bonfire Elementals","player_choice":"BASIC","floor":14.0,"damage_taken":0.0},{"event_name":"FaceTrader","player_choice":"Trade","floor":19.0,"damage_taken":0.0},{"event_name":"Ghosts","player_choice":"Ignored","floor":21.0,"damage_taken":0.0},{"event_name":"Designer","player_choice":"Upgrade 2 Random Cards","floor":30,"damage_taken":0}],"is_beta":false,"boss_relics":[{"not_picked":["Orrery","Runic Cube"],"picked":"Astrolabe"}],"items_purged_floors":[],"is_endless":false,"potions_floor_spawned":[1,5,8,16,22,25,28,31],"killed_by":"Collector","ascension_level":0}