{"gold_per_floor":[117,133,150,164,175,175,206,206,206,224,250,250,250,250,250,346,346,356,356,204,215,20,50,50,69,122,122,133,86,86,97,97,195,195,210,110,0,0,13,13,42,42,42,56,86,98,98,125,125,125],"floor_reached":51,"playtime":2462,"items_purged":["Strike_R","Defend_R"],"score":1268,"play_id":"9d159b96-d791-4189-992b-91dea138ee35","local_time":"20181018204844","is_ascension_mode":true,"campfire_choices":[{"data":"Trip","floor":6.0,"key":"SMITH"},{"floor":12.0,"key":"REST"},{"data":"Spot Weakness","floor":15.0,"key":"SMITH"},{"data":"Dual Wield","floor":24,"key":"SMITH"},{"floor":30,"key":"REST"},{"data":"Shrug It Off","floor":32,"key":"SMITH"},{"data":"Disarm","floor":40,"key":"SMITH"},{"data":"Offering","floor":42,"key":"SMITH"},{"data":"Fiend Fire","floor":49,"key":"SMITH"}],"neow_cost":"NONE","seed_source_timestamp":1285848079635885,"circlet_count":0,"master_deck":["Strike_R","Defend_R","Defend_R","Bash","Trip+1","Spot Weakness+1","Dropkick","Disarm+1","Dropkick","Barricade","Offering+1","Berserk","Inflame","Dual Wield+1","Fiend Fire+1","Shrug It Off+1","Shrug It Off+1","Madness","Offering","Dual Wield+1"],"special_seed":0,"relics":["Burning Blood","Juzu Bracelet","Singing Bowl","Ornamental Fan","Busted Crown","OrangePellets","Gremlin Horn","Tiny Chest","Runic Pyramid","Red Mask","Pantograph","Shuriken","Bag of Marbles","Pear"],"potions_floor_usage":[18,18,33,41,44,45,50],"damage_taken":[{"damage":7.0,"enemies":"2 Louse","floor":1.0,"turns":3.0},{"damage":16.0,"enemies":"Small Slimes","floor":2.0,"turns":4.0},{"damage":2.0,"enemies":"Jaw Worm","floor":3.0,"turns":3.0},{"damage":0.0,"enemies":"Large Slime","floor":4.0,"turns":4.0},{"damage":7.0,"enemies":"2 Fungi Beasts","floor":5.0,"turns":4.0},{"damage":21.0,"enemies":"3 Sentries","floor":7.0,"turns":6.0},{"damage":17.0,"enemies":"3 Louse","floor":10.0,"turns":4.0},{"damage":43.0,"enemies":"Gremlin Nob","floor":11.0,"turns":5.0},{"damage":19,"enemies":"Hexaghost","floor":16,"turns":9},{"damage":6,"enemies":"2 Thieves","floor":18,"turns":2},{"damage":11,"enemies":"Shell Parasite","floor":21,"turns":3},{"damage":35,"enemies":"Slavers","floor":23,"turns":5},{"damage":19,"enemies":"Centurion and Healer","floor":25,"turns":6},{"damage":15,"enemies":"Cultist and Chosen","floor":28,"turns":4},{"damage":6,"enemies":"Snake Plant","floor":31,"turns":4},{"damage":6,"enemies":"Champ","floor":33,"turns":8},{"damage":6,"enemies":"3 Shapes","floor":35,"turns":4},{"damage":10,"enemies":"Orb Walker","floor":39,"turns":3},{"damage":6,"enemies":"Nemesis","floor":41,"turns":3},{"damage":6,"enemies":"Maw","floor":44,"turns":4},{"damage":6,"enemies":"Reptomancer","floor":45,"turns":2},{"damage":12,"enemies":"Transient","floor":46,"turns":5},{"damage":6,"enemies":"Giant Head","floor":48,"turns":3},{"damage":44,"enemies":"Donu and Deca","floor":50,"turns":5}],"seed_played":"2056557199250065848","potions_obtained":[{"floor":2.0,"key":"Weak Potion"},{"floor":4.0,"key":"AttackPotion"},{"floor":10.0,"key":"Explosive Potion"},{"floor":11.0,"key":"AttackPotion"},{"floor":21,"key":"Fire Potion"},{"floor":28,"key":"SneckoOil"},{"floor":31,"key":"Fruit Juice"},{"floor":39,"key":"Swift Potion"},{"floor":41,"key":"GamblersBrew"},{"floor":44,"key":"Poison Potion"},{"floor":48,"key":"Regen Potion"}],"is_trial":false,"path_per_floor":["M","M","M","M","M","R","E","?","T","M","E","R","?","?","R","B",null,"M","?","$","M","$","E","R","M","T","?","M","$","R","M","R","B",null,"M","$","?","?","M","R","E","R","T","M","E","M","?","E","R","B"],"character_chosen":"IRONCLAD","items_purchased":["Inflame","OrangePellets","Shrug It Off"],"campfire_rested":2,"item_purchase_floors":[20,22,29],"current_hp_per_floor":[71,61,65,71,70,70,55,55,55,46,9,33,60,53,53,40,72,74,74,74,69,69,42,42,31,31,31,22,22,48,50,50,57,87,89,89,89,89,87,87,89,89,89,91,91,87,87,97,97,79],"gold":125,"neow_bonus":"RANDOM_COLORLESS","is_prod":false,"is_daily":false,"chose_seed":false,"campfire_upgraded":7,"win_rate":0,"timestamp":1539917324,"path_taken":["M","M","M","M","M","R","E","?","T","M","E","R","?","?","R","BOSS","M","?","$","M","$","E","R","M","T","?","M","?","R","M","R","BOSS","M","?","?","?","M","R","E","R","T","M","E","M","?","E","R","BOSS"],"build_version":"2018-10-18","purchased_purges":2,"victory":true,"max_hp_per_floor":[80,80,80,80,80,80,80,80,80,82,82,82,82,82,82,82,82,84,84,84,84,84,86,86,88,88,88,88,88,88,90,90,97,97,99,99,99,99,101,101,103,103,103,105,105,107,107,117,117,117],"card_choices":[{"not_picked":["Perfected Strike","Reckless Charge"],"picked":"Spot Weakness","floor":1.0},{"not_picked":["Perfected Strike","Twin Strike"],"picked":"Dropkick","floor":2.0},{"not_picked":["Iron Wave","True Grit"],"picked":"Disarm","floor":3.0},{"not_picked":["Pommel Strike","Headbutt"],"picked":"Dropkick","floor":4.0},{"not_picked":["Warcry","Twin Strike","True Grit"],"picked":"SKIP","floor":5.0},{"not_picked":["Pummel","Flame Barrier"],"picked":"Barricade","floor":7.0},{"not_picked":["Twin Strike","Anger","Perfected Strike"],"picked":"Singing Bowl","floor":10.0},{"not_picked":["Iron Wave","Cleave"],"picked":"Offering","floor":11.0},{"not_picked":["Brutality","Bludgeon"],"picked":"Berserk","floor":16},{"not_picked":["Armaments"],"picked":"Singing Bowl","floor":18},{"not_picked":[],"picked":"Dual Wield","floor":21},{"not_picked":["Havoc"],"picked":"Singing Bowl","floor":23},{"not_picked":["Flex"],"picked":"Singing Bowl","floor":25},{"not_picked":[],"picked":"Shrug It Off+1","floor":28},{"not_picked":["Infernal Blade+1"],"picked":"Singing Bowl","floor":31},{"not_picked":["Fiend Fire"],"picked":"Singing Bowl","floor":33},{"not_picked":["Corruption+1"],"picked":"Singing Bowl","floor":35},{"not_picked":[],"picked":"Madness","floor":38},{"not_picked":["Sword Boomerang"],"picked":"Singing Bowl","floor":39},{"not_picked":["Twin Strike"],"picked":"Singing Bowl","floor":41},{"not_picked":["Cleave"],"picked":"Singing Bowl","floor":44},{"not_picked":[],"picked":"Offering","floor":45},{"not_picked":["Iron Wave+1"],"picked":"Singing Bowl","floor":46},{"not_picked":[],"picked":"Dual Wield+1","floor":48}],"player_experience":523744,"relics_obtained":[{"floor":7.0,"key":"Juzu Bracelet"},{"floor":9.0,"key":"Singing Bowl"},{"floor":11.0,"key":"Ornamental Fan"},{"floor":23,"key":"Gremlin Horn"},{"floor":26,"key":"Tiny Chest"},{"floor":41,"key":"Pantograph"},{"floor":43,"key":"Shuriken"},{"floor":45,"key":"Bag of Marbles"},{"floor":48,"key":"Pear"}],"event_choices":[{"cards_removed":["Strike_R"],"damage_healed":0.0,"max_hp_gain":0.0,"max_hp_loss":0.0,"gold_gain":0.0,"event_name":"Living Wall","player_choice":"Forget","floor":8.0,"gold_loss":0.0,"damage_taken":0.0},{"damage_healed":27.0,"max_hp_gain":0.0,"max_hp_loss":0.0,"gold_gain":0.0,"event_name":"Big Fish","player_choice":"Banana","floor":13.0,"gold_loss":0.0,"damage_taken":0.0},{"cards_removed":["Strike_R"],"damage_healed":0.0,"max_hp_gain":0.0,"max_hp_loss":0.0,"gold_gain":0.0,"event_name":"Golden Wing","player_choice":"Card Removal","floor":14.0,"gold_loss":0.0,"damage_taken":7.0},{"damage_healed":0,"gold_gain":0,"player_choice":"Bought 0 Potions","damage_taken":0,"max_hp_gain":0,"max_hp_loss":0,"event_name":"The Woman in Blue","floor":19,"gold_loss":0},{"damage_healed":0,"gold_gain":0,"cards_transformed":["Strike_R"],"player_choice":"Transformed","damage_taken":0,"max_hp_gain":0,"max_hp_loss":0,"event_name":"Transmorgrifier","floor":27,"gold_loss":0,"cards_obtained":["Fiend Fire"]},{"damage_healed":0,"gold_gain":0,"player_choice":"Paid","damage_taken":0,"relics_obtained":["Red Mask"],"max_hp_gain":0,"max_hp_loss":0,"event_name":"Tomb of Lord Red Mask","floor":37,"gold_loss":110},{"damage_healed":0,"gold_gain":0,"player_choice":"Memory 1","damage_taken":0,"max_hp_gain":0,"max_hp_loss":0,"event_name":"SensoryStone","floor":38,"gold_loss":0},{"cards_removed":["Defend_R"],"damage_healed":0,"gold_gain":0,"player_choice":"Removed Skill","damage_taken":0,"max_hp_gain":0,"max_hp_loss":0,"event_name":"Falling","floor":47,"gold_loss":0}],"is_beta":false,"boss_relics":[{"not_picked":["Mark of Pain","Orrery"],"picked":"Busted Crown"},{"not_picked":["Runic Dome","Velvet Choker"],"picked":"Runic Pyramid"}],"items_purged_floors":[20,36],"is_endless":false,"potions_floor_spawned":[2,4,10,11,21,28,31,39,41,44,48],"ascension_level":7}