{"gold_per_floor":[118,64,76,76,92,92,109,109,161,13,13,23,88,123,123,226,226,245,257,66,78,10,10,25,83,83,83,83,98,118,153,153,252,252,271,289,61,61,61,61,0,0,0,10,10,10,10,10,10,10],"floor_reached":51,"playtime":3014,"items_purged":[],"score":1012,"play_id":"7e930f4a-9abe-4472-8f5b-04da64d1c407","local_time":"20190316140325","is_ascension_mode":true,"campfire_choices":[{"data":"Demon Form","floor":6.0,"key":"SMITH"},{"data":"Shrug It Off","floor":11.0,"key":"SMITH"},{"floor":15.0,"key":"REST"},{"floor":23.0,"key":"REST"},{"data":"Body Slam","floor":28.0,"key":"SMITH"},{"floor":32.0,"key":"REST"},{"floor":40.0,"key":"REST"},{"data":"Combust","floor":47,"key":"SMITH"},{"floor":49,"key":"REST"}],"neow_cost":"NONE","seed_source_timestamp":9414792919258,"circlet_count":0,"master_deck":["AscendersBane","Strike_R+1","Strike_R","Strike_R","Defend_R","Defend_R","Defend_R","Bash+1","Wild Strike","Shrug It Off+1","Demon Form+1","Seeing Red","Combust+1","Second Wind","Reaper","Flame Barrier+1","Sever Soul+1","Evolve","Feel No Pain","Body Slam+1","Metallicize","Evolve+1","Barricade","Flex+1","Fiend Fire","Feel No Pain","Fiend Fire","Writhe","Violence"],"special_seed":0,"relics":["Burning Blood","Dream Catcher","Whetstone","Juzu Bracelet","Bag of Preparation","Ancient Tea Set","Mark of Pain","ClockworkSouvenir","Tiny Chest","Sundial","Unceasing Top","Oddly Smooth Stone","Snecko Eye","Red Mask","Singing Bowl"],"potions_floor_usage":[],"damage_taken":[{"damage":18.0,"enemies":"Small Slimes","floor":1.0,"turns":4.0},{"damage":0.0,"enemies":"Cultist","floor":3.0,"turns":2.0},{"damage":0.0,"enemies":"Jaw Worm","floor":5.0,"turns":3.0},{"damage":4.0,"enemies":"Large Slime","floor":7.0,"turns":7.0},{"damage":16.0,"enemies":"Lots of Slimes","floor":12.0,"turns":6.0},{"damage":5.0,"enemies":"3 Sentries","floor":13.0,"turns":6.0},{"damage":10.0,"enemies":"3 Sentries","floor":14.0,"turns":6.0},{"damage":50.0,"enemies":"The Guardian","floor":16.0,"turns":10.0},{"damage":20.0,"enemies":"Shell Parasite","floor":18.0,"turns":5.0},{"damage":10.0,"enemies":"3 Byrds","floor":19.0,"turns":5.0},{"damage":51.0,"enemies":"Shelled Parasite and Fungi","floor":21.0,"turns":5.0},{"damage":18.0,"enemies":"Cultist and Chosen","floor":24.0,"turns":6.0},{"damage":5.0,"enemies":"Gremlin Leader","floor":25.0,"turns":6.0},{"damage":33.0,"enemies":"3 Cultists","floor":29.0,"turns":5.0},{"damage":25.0,"enemies":"Centurion and Healer","floor":30.0,"turns":7.0},{"damage":33.0,"enemies":"Slavers","floor":31.0,"turns":7.0},{"damage":44.0,"enemies":"Collector","floor":33.0,"turns":12.0},{"damage":13.0,"enemies":"3 Shapes","floor":35.0,"turns":5.0},{"damage":50.0,"enemies":"3 Darklings","floor":36.0,"turns":6.0},{"damage":34,"enemies":"Spire Growth","floor":44,"turns":5},{"damage":38,"enemies":"Awakened One","floor":50,"turns":10}],"seed_played":"6388041953559984043","potions_obtained":[{"floor":5.0,"key":"Weak Potion"},{"floor":7.0,"key":"Energy Potion"},{"floor":8.0,"key":"EntropicBrew"},{"floor":8.0,"key":"AttackPotion"},{"floor":13.0,"key":"Block Potion"},{"floor":21.0,"key":"Dexterity Potion"},{"floor":29.0,"key":"SteroidPotion"},{"floor":30.0,"key":"GamblersBrew"},{"floor":31.0,"key":"SkillPotion"},{"floor":33.0,"key":"Fire Potion"}],"is_trial":false,"path_per_floor":["M","$","M","?","M","R","M","?","T","$","R","M","?","E","R","B",null,"M","M","$","M","$","R","M","E","T","?","R","M","M","E","R","B",null,"M","M","$","?","?","R","?","?","T","M","?","?","R","?","R","B",null],"character_chosen":"IRONCLAD","items_purchased":["Shrug It Off","Juzu Bracelet","ClockworkSouvenir","Evolve","Fiend Fire","Feel No Pain"],"campfire_rested":5,"item_purchase_floors":[2,10,20,22,37,37],"current_hp_per_floor":[60,60,66,66,72,72,74,74,74,74,74,64,65,61,80,36,69,55,55,55,42,42,66,68,69,69,69,69,42,36,29,53,40,70,67,35,35,35,35,59,59,59,59,33,54,54,54,54,80,62],"gold":10,"neow_bonus":"RANDOM_COMMON_RELIC","is_prod":false,"is_daily":false,"chose_seed":false,"campfire_upgraded":4,"win_rate":0,"timestamp":1552712605,"path_taken":["M","$","M","?","?","R","M","?","T","$","R","M","?","E","R","BOSS","M","M","$","M","$","R","M","E","T","?","R","M","M","E","R","BOSS","M","M","$","?","?","R","?","?","T","M","?","?","R","?","R","BOSS"],"build_version":"2019-01-23","purchased_purges":0,"victory":true,"max_hp_per_floor":[80,80,80,80,80,80,80,80,80,80,80,80,80,80,80,80,80,80,80,80,80,80,80,80,80,80,80,80,80,80,80,80,80,80,80,80,80,80,80,80,80,80,80,82,82,82,82,82,84,84],"card_choices":[{"not_picked":["Metallicize","Body Slam"],"picked":"Wild Strike","floor":1.0},{"not_picked":["Iron Wave","Inflame","Thunderclap"],"picked":"SKIP","floor":3.0},{"not_picked":["Intimidate","Uppercut"],"picked":"Demon Form","floor":5.0},{"not_picked":["Iron Wave","Inflame","Sword Boomerang"],"picked":"SKIP","floor":7.0},{"not_picked":["Sword Boomerang","Pommel Strike"],"picked":"Seeing Red","floor":12.0},{"not_picked":["Thunderclap","Iron Wave"],"picked":"Combust","floor":13.0},{"not_picked":["Clothesline","Exhume","Heavy Blade"],"picked":"SKIP","floor":14.0},{"not_picked":["Spot Weakness","Sword Boomerang"],"picked":"Second Wind","floor":15.0},{"not_picked":["Berserk","Offering"],"picked":"Reaper","floor":16.0},{"not_picked":["Iron Wave+1","Flex+1","Heavy Blade"],"picked":"SKIP","floor":18.0},{"not_picked":["Shockwave+1","Anger"],"picked":"Flame Barrier+1","floor":19.0},{"not_picked":["Shockwave+1","Wild Strike"],"picked":"Sever Soul+1","floor":21.0},{"not_picked":["True Grit+1","Shrug It Off+1"],"picked":"Feel No Pain","floor":23.0},{"not_picked":["Wild Strike","Headbutt"],"picked":"Body Slam","floor":24.0},{"not_picked":["Pummel","Seeing Red"],"picked":"Metallicize","floor":25.0},{"not_picked":["True Grit","Havoc","Warcry"],"picked":"SKIP","floor":29.0},{"not_picked":["True Grit","Wild Strike","Armaments"],"picked":"SKIP","floor":30.0},{"not_picked":["Anger+1","Immolate"],"picked":"Evolve+1","floor":31.0},{"not_picked":["Brutality","Dark Embrace"],"picked":"Barricade","floor":33.0},{"not_picked":["Twin Strike+1","Rampage","Pommel Strike"],"picked":"SKIP","floor":35.0},{"not_picked":["Perfected Strike+1","Clash"],"picked":"Flex+1","floor":36.0},{"not_picked":["Clash","Warcry","Havoc"],"picked":"Singing Bowl","floor":44},{"not_picked":["Deep Breath","Madness"],"picked":"Violence","floor":48},{"not_picked":["Hemokinesis+1","Perfected Strike","Carnage+1"],"picked":"Singing Bowl","floor":49}],"player_experience":390720,"relics_obtained":[{"floor":9.0,"key":"Whetstone"},{"floor":13.0,"key":"Bag of Preparation"},{"floor":14.0,"key":"Ancient Tea Set"},{"floor":25.0,"key":"Tiny Chest"},{"floor":26.0,"key":"Sundial"},{"floor":31.0,"key":"Oddly Smooth Stone"},{"floor":43,"key":"Singing Bowl"}],"event_choices":[{"cards_removed":["Strike_R"],"damage_healed":0.0,"max_hp_gain":0.0,"max_hp_loss":0.0,"gold_gain":0.0,"event_name":"Purifier","player_choice":"Purged","floor":4.0,"gold_loss":0.0,"damage_taken":0.0},{"damage_healed":0.0,"max_hp_gain":0.0,"max_hp_loss":0.0,"gold_gain":0.0,"event_name":"Lab","player_choice":"Got Potions","floor":8.0,"gold_loss":0.0,"damage_taken":0.0},{"damage_healed":0.0,"max_hp_gain":0.0,"max_hp_loss":0.0,"gold_gain":30.0,"event_name":"Dead Adventurer","player_choice":"Searched \u00273\u0027 times","floor":13.0,"gold_loss":0.0,"damage_taken":0.0},{"damage_healed":0.0,"max_hp_gain":0.0,"max_hp_loss":0.0,"gold_gain":0.0,"event_name":"The Mausoleum","player_choice":"Opened","floor":27.0,"gold_loss":0.0,"damage_taken":0.0,"relics_obtained":["Unceasing Top"],"cards_obtained":["Writhe"]},{"damage_healed":0.0,"max_hp_gain":0.0,"max_hp_loss":0.0,"gold_gain":0.0,"event_name":"Mysterious Sphere","player_choice":"Ignored","floor":38.0,"gold_loss":0.0,"damage_taken":0.0},{"damage_healed":0.0,"max_hp_gain":0.0,"max_hp_loss":0.0,"gold_gain":0.0,"cards_transformed":["Strike_R"],"event_name":"Transmorgrifier","player_choice":"Transformed","floor":39.0,"gold_loss":0.0,"damage_taken":0.0,"cards_obtained":["Fiend Fire"]},{"damage_healed":0.0,"max_hp_gain":0.0,"max_hp_loss":0.0,"gold_gain":0.0,"event_name":"Tomb of Lord Red Mask","player_choice":"Paid","floor":41.0,"gold_loss":61.0,"damage_taken":0.0,"relics_obtained":["Red Mask"]},{"cards_removed":["Writhe"],"damage_healed":0,"gold_gain":0,"player_choice":"Removed Curses","damage_taken":0,"max_hp_gain":0,"max_hp_loss":0,"event_name":"Fountain of Cleansing","floor":42,"gold_loss":0},{"damage_healed":21,"gold_gain":0,"player_choice":"Writhe","damage_taken":0,"max_hp_gain":0,"max_hp_loss":0,"event_name":"Winding Halls","floor":45,"gold_loss":0,"cards_obtained":["Writhe"]},{"cards_removed":["Defend_R"],"damage_healed":0,"gold_gain":0,"player_choice":"Removed Skill","damage_taken":0,"max_hp_gain":0,"max_hp_loss":0,"event_name":"Falling","floor":46,"gold_loss":0},{"damage_healed":0,"gold_gain":0,"player_choice":"Memory 1","damage_taken":0,"max_hp_gain":0,"max_hp_loss":0,"event_name":"SensoryStone","floor":48,"gold_loss":0}],"is_beta":false,"boss_relics":[{"not_picked":["Pandora\u0027s Box","Astrolabe"],"picked":"Mark of Pain"},{"not_picked":["Velvet Choker","Busted Crown"],"picked":"Snecko Eye"}],"items_purged_floors":[],"is_endless":false,"potions_floor_spawned":[5,7,13,21,29,30,31,33],"ascension_level":10}