{"gold_per_floor":[111,125,125,137,153,182,182,182,209,229,248,248,276,276,276,276],"floor_reached":16,"playtime":693,"items_purged":[],"score":134,"play_id":"38d90222-b2b4-4e60-afbe-55a3c8149a10","local_time":"20190316145532","is_ascension_mode":true,"campfire_choices":[{"floor":7,"key":"REST"},{"data":"Blade Dance","floor":12,"key":"SMITH"},{"floor":15,"key":"REST"}],"neow_cost":"NONE","seed_source_timestamp":138431249895777,"circlet_count":0,"master_deck":["Defend_G","Defend_G","Defend_G","Defend_G","Defend_G","Strike_G","Strike_G","Strike_G","Strike_G","Strike_G","Survivor","Neutralize+1","Dagger Throw","Deflect","Leg Sweep","Sucker Punch","Outmaneuver","Forethought","Endless Agony","Blade Dance+1","Dagger Spray"],"relics":["Ring of the Snake","Bag of Marbles","Centennial Puzzle"],"potions_floor_usage":[16],"damage_taken":[{"damage":2,"enemies":"Cultist","floor":1,"turns":4},{"damage":1,"enemies":"Jaw Worm","floor":2,"turns":3},{"damage":3,"enemies":"Small Slimes","floor":4,"turns":4},{"damage":3,"enemies":"Blue Slaver","floor":5,"turns":4},{"damage":29,"enemies":"3 Sentries","floor":6,"turns":12},{"damage":1,"enemies":"Exordium Thugs","floor":10,"turns":6},{"damage":3,"enemies":"Looter","floor":11,"turns":4},{"damage":35,"enemies":"Lagavulin","floor":13,"turns":8},{"damage":49,"enemies":"Slime Boss","floor":16,"turns":8}],"seed_played":"2637386230522561426","potions_obtained":[{"floor":2,"key":"LiquidBronze"},{"floor":4,"key":"Energy Potion"},{"floor":13,"key":"PowerPotion"}],"is_trial":false,"path_per_floor":["?","?","M","?"],"character_chosen":"THE_SILENT","items_purchased":[],"campfire_rested":2,"item_purchase_floors":[],"current_hp_per_floor":[68,67,72,69,66,37,59,59,59,58,55,55,20,20,42,0],"gold":276,"neow_bonus":"UPGRADE_CARD","is_prod":false,"is_daily":false,"chose_seed":false,"campfire_upgraded":1,"win_rate":0,"timestamp":1552744532,"path_taken":["M","M","?","M","M","E","R","?","T","?","M","R","E","?","R","BOSS"],"build_version":"2019-01-23","purchased_purges":0,"victory":false,"max_hp_per_floor":[70,70,75,75,75,75,75,75,75,75,75,75,75,75,75,75],"card_choices":[{"not_picked":["Underhanded Strike","Caltrops"],"picked":"Dagger Throw","floor":1},{"not_picked":["Prepared","Bane"],"picked":"Deflect","floor":2},{"not_picked":["Sucker Punch","Acrobatics"],"picked":"Leg Sweep","floor":4},{"not_picked":["Venomology","Backflip"],"picked":"Sucker Punch","floor":5},{"not_picked":["Well Laid Plans","Choke"],"picked":"Outmaneuver","floor":6},{"not_picked":["Dodge and Roll","Flying Knee"],"picked":"Endless Agony","floor":10},{"not_picked":["Cloak And Dagger","Slice"],"picked":"Blade Dance","floor":11},{"not_picked":["Skewer","Sucker Punch"],"picked":"Dagger Spray","floor":13}],"player_experience":340277,"relics_obtained":[{"floor":6,"key":"Bag of Marbles"},{"floor":13,"key":"Centennial Puzzle"}],"event_choices":[{"damage_healed":0,"gold_gain":0,"player_choice":"Donut","damage_taken":0,"max_hp_gain":5,"max_hp_loss":0,"event_name":"Big Fish","floor":3,"gold_loss":0},{"damage_healed":0,"gold_gain":0,"player_choice":"1 cards matched","damage_taken":0,"max_hp_gain":0,"max_hp_loss":0,"event_name":"Match and Keep!","floor":8,"gold_loss":0,"cards_obtained":["Forethought"]},{"damage_healed":0,"gold_gain":0,"player_choice":"Ignored","damage_taken":0,"max_hp_gain":0,"max_hp_loss":0,"event_name":"Shining Light","floor":14,"gold_loss":0}],"is_beta":false,"boss_relics":[],"items_purged_floors":[],"is_endless":false,"potions_floor_spawned":[2,4,13],"killed_by":"Slime Boss","ascension_level":4}