{"gold_per_floor":[116,116,116,116,129,129,143,162,162,12,12,29,45,56,56,158,158,170,269,280,205,221,221,232,232,232,232,232,244,255,267,267,366,366,384,139,139],"floor_reached":37,"playtime":1625,"items_purged":["Strike_B"],"score":365,"play_id":"e721e7ec-c8e7-4c65-88b6-2a95bf76b33f","local_time":"20180802125955","is_ascension_mode":false,"campfire_choices":[{"data":"Dualcast","floor":6,"key":"SMITH"},{"data":"Panacea","floor":11,"key":"SMITH"},{"data":"Seek","floor":15,"key":"SMITH"},{"data":"Beam Cell","floor":23,"key":"SMITH"},{"data":"Hologram","floor":25,"key":"SMITH"},{"data":"White Noise","floor":27,"key":"SMITH"},{"floor":32,"key":"REST"}],"neow_cost":"NONE","seed_source_timestamp":1599318025695761,"circlet_count":0,"master_deck":["Strike_B","Defend_B+1","Defend_B","Defend_B","Defend_B","Zap+1","Dualcast+1","Ball Lightning+1","White Noise+1","Cold Snap","Conserve Battery+1","Panacea+1","Conserve Battery","Seek+1","White Noise","FTL","Electrodynamics","Beam Cell+1","Turbo","Auto Shields","Hologram+1","Chaos","Static Discharge+1","Creative AI","Ball Lightning+1","Bandage Up","Capacitor"],"relics":["Eternal Feather"],"potions_floor_usage":[13,22,22,33],"damage_taken":[{"damage":0,"enemies":"Small Slimes","floor":1,"turns":3},{"damage":0,"enemies":"Cultist","floor":5,"turns":3},{"damage":0,"enemies":"2 Louse","floor":7,"turns":2},{"damage":11,"enemies":"Lots of Slimes","floor":8,"turns":4},{"damage":2,"enemies":"Large Slime","floor":12,"turns":6},{"damage":5,"enemies":"3 Louse","floor":13,"turns":2},{"damage":2,"enemies":"Exordium Wildlife","floor":14,"turns":3},{"damage":31,"enemies":"Hexaghost","floor":16,"turns":10},{"damage":11,"enemies":"Chosen","floor":18,"turns":4},{"damage":18,"enemies":"Spheric Guardian","floor":20,"turns":4},{"damage":3,"enemies":"Cultist and Chosen","floor":22,"turns":4},{"damage":28,"enemies":"Snecko","floor":24,"turns":5},{"damage":14,"enemies":"Snake Plant","floor":29,"turns":4},{"damage":10,"enemies":"Cultist and Chosen","floor":30,"turns":5},{"damage":23,"enemies":"3 Cultists","floor":31,"turns":4},{"damage":41,"enemies":"Champ","floor":33,"turns":10},{"damage":11,"enemies":"3 Shapes","floor":35,"turns":5},{"damage":68,"enemies":"3 Darklings","floor":37,"turns":4}],"seed_played":"4883105142555533101","potions_obtained":[{"floor":5,"key":"Energy Potion"},{"floor":8,"key":"Regen Potion"},{"floor":12,"key":"Explosive Potion"},{"floor":14,"key":"Strength Potion"},{"floor":16,"key":"FocusPotion"},{"floor":29,"key":"Energy Potion"},{"floor":30,"key":"Fire Potion"}],"is_trial":false,"path_per_floor":["M","?","?","?","M","R","M","M","T","$","R","M","M","M","R","B",null,"M","?","M","?","M","R","M","R","T","R","?","M","M","M","R","B",null,"M","$"],"character_chosen":"DEFECT","items_purchased":["Panacea","Conserve Battery","Bandage Up","Capacitor"],"campfire_rested":1,"item_purchase_floors":[10,10,36,36],"current_hp_per_floor":[75,75,75,60,60,66,66,55,55,55,64,69,64,62,71,40,75,64,64,46,46,55,67,39,51,51,63,63,49,39,16,50,9,75,64,64,0],"gold":139,"neow_bonus":"BOSS_RELIC","is_prod":false,"is_daily":false,"chose_seed":false,"campfire_upgraded":6,"win_rate":0,"timestamp":1533236395,"path_taken":["M","?","?","?","M","R","M","?","T","$","R","M","M","M","R","BOSS","M","?","M","?","M","R","?","R","T","R","?","M","M","M","R","BOSS","M","$","M"],"build_version":"2018-07-26","purchased_purges":1,"victory":false,"max_hp_per_floor":[75,75,75,75,75,75,75,75,75,75,75,75,75,75,75,75,75,75,75,75,75,75,75,75,75,75,75,75,75,75,75,75,75,75,75,75,75],"card_choices":[{"not_picked":["Compile Driver","Recycle"],"picked":"Ball Lightning","floor":1},{"not_picked":["Skim","Gash"],"picked":"White Noise","floor":5},{"not_picked":["Heatsinks","Leap"],"picked":"Cold Snap","floor":7},{"not_picked":["Melter","Coolheaded"],"picked":"Conserve Battery","floor":8},{"not_picked":["Leap","Coolheaded"],"picked":"Seek","floor":12},{"not_picked":["Redo","Conserve Battery"],"picked":"White Noise","floor":13},{"not_picked":["Steam","Barrage"],"picked":"FTL","floor":14},{"not_picked":["Fission","Rainbow"],"picked":"Electrodynamics","floor":16},{"not_picked":["Rebound+1","Gash"],"picked":"Beam Cell","floor":18},{"not_picked":["Gash","Doom and Gloom"],"picked":"Turbo","floor":20},{"not_picked":["Barrage","Steam"],"picked":"Auto Shields","floor":22},{"not_picked":["Gash","Barrage"],"picked":"Hologram","floor":24},{"not_picked":["Consume","BootSequence"],"picked":"Chaos","floor":29},{"not_picked":["Steam","Reprogram","Auto Shields"],"picked":"SKIP","floor":30},{"not_picked":["Steam Power","Cold Snap"],"picked":"Static Discharge+1","floor":31},{"not_picked":["Meteor Strike","Electrodynamics"],"picked":"Creative AI","floor":33},{"not_picked":["Turbo","Barrage+1"],"picked":"Ball Lightning+1","floor":35}],"player_experience":328707,"relics_obtained":[],"event_choices":[{"event_name":"Bonfire Elementals","player_choice":"BASIC","floor":2,"damage_taken":0},{"event_name":"Upgrade Shrine","player_choice":"Upgraded","floor":3,"damage_taken":0},{"event_name":"Shining Light","player_choice":"Entered Light","floor":4,"damage_taken":0},{"event_name":"Nest","player_choice":"Stole From Cult","floor":19,"damage_taken":0},{"event_name":"Beggar","player_choice":"Gave Gold","floor":21,"damage_taken":0},{"event_name":"Upgrade Shrine","player_choice":"Upgraded","floor":28,"damage_taken":0}],"is_beta":false,"boss_relics":[{"not_picked":["Inserter","Runic Dome","Fusion Hammer"]},{"not_picked":["Pandora\u0027s Box","White Beast Statue","Philosopher\u0027s Stone"]}],"items_purged_floors":[36],"is_endless":false,"potions_floor_spawned":[5,8,12,14,16,20,29,30,31],"killed_by":"3 Darklings","ascension_level":0}