{"gold_per_floor":[99,99,99,99,99,99,99,99,99,99,8,8,8,8,8,8,8,0,0,0,0,0,0],"floor_reached":23,"playtime":874,"items_purged":[],"score":234,"play_id":"103d64a9-a52f-47f8-8c3d-8f0e7a916287","local_time":"20180813115504","is_ascension_mode":true,"campfire_choices":[{"data":"Noxious Fumes","floor":7,"key":"SMITH"},{"data":"Dagger Spray","floor":10,"key":"SMITH"},{"data":"Catalyst","floor":15,"key":"SMITH"}],"neow_cost":"NONE","seed_source_timestamp":2546441080591437,"circlet_count":0,"master_deck":["Defend_G","Defend_G","Defend_G","Defend_G","Defend_G","Strike_G","Strike_G","Strike_G","Strike_G","Strike_G","Survivor","Neutralize","Noxious Fumes+1","Dagger Spray+1","Escape Plan","Blade Dance","Normality","Tactician","Catalyst+1","Deflect","Cloak And Dagger","Sucker Punch","Prepared","Envenom","Dash","Bouncing Flask","Acrobatics+1","Dodge and Roll"],"relics":["Ectoplasm","Potion Belt","Regal Pillow","Snake Skull","Sozu"],"potions_floor_usage":[2,4,4,6,16,18],"damage_taken":[{"damage":2,"enemies":"Jaw Worm","floor":1,"turns":4},{"damage":0,"enemies":"Cultist","floor":2,"turns":4},{"damage":0,"enemies":"2 Louse","floor":3,"turns":3},{"damage":8,"enemies":"Large Slime","floor":4,"turns":5},{"damage":31,"enemies":"Gremlin Nob","floor":6,"turns":5},{"damage":5,"enemies":"Exordium Thugs","floor":12,"turns":4},{"damage":0,"enemies":"2 Fungi Beasts","floor":13,"turns":2},{"damage":0,"enemies":"3 Louse","floor":14,"turns":2},{"damage":27,"enemies":"The Guardian","floor":16,"turns":9},{"damage":11,"enemies":"2 Thieves","floor":18,"turns":4},{"damage":22,"enemies":"Spheric Guardian","floor":20,"turns":4},{"damage":23,"enemies":"3 Cultists","floor":22,"turns":5},{"damage":23,"enemies":"Book of Stabbing","floor":23,"turns":4}],"seed_played":"5265274486641971094","potions_obtained":[{"floor":1,"key":"EntropicBrew"},{"floor":12,"key":"Fire Potion"},{"floor":13,"key":"Weak Potion"},{"floor":14,"key":"Strength Potion"}],"is_trial":false,"path_per_floor":["M","M","M","M","?","E","R","?","T","R","$","M","M","M","R","B",null,"M","?","M","?","M"],"character_chosen":"THE_SILENT","items_purchased":["Catalyst","Deflect"],"campfire_rested":0,"item_purchase_floors":[11,11],"current_hp_per_floor":[68,68,68,60,60,29,29,34,34,34,34,29,29,29,29,2,75,64,64,42,42,19,0],"gold":0,"neow_bonus":"BOSS_RELIC","is_prod":false,"is_daily":false,"chose_seed":false,"campfire_upgraded":3,"win_rate":0,"timestamp":1534182904,"path_taken":["M","M","M","M","?","E","R","?","T","R","$","M","M","M","R","BOSS","M","?","?","?","M","E"],"build_version":"2018-08-09","purchased_purges":0,"victory":false,"max_hp_per_floor":[70,70,70,70,70,70,70,75,75,75,75,75,75,75,75,75,75,75,75,75,75,75,75],"card_choices":[{"not_picked":["Predator","Sucker Punch"],"picked":"Noxious Fumes","floor":1},{"not_picked":["Skewer","Choke"],"picked":"Dagger Spray","floor":2},{"not_picked":["Prepared","Poisoned Stab"],"picked":"Escape Plan","floor":3},{"not_picked":["Reflex","Setup"],"picked":"Blade Dance","floor":4},{"not_picked":["Skewer","Blade Dance"],"picked":"Tactician","floor":6},{"not_picked":["Expertise","Tactician"],"picked":"Cloak And Dagger","floor":12},{"not_picked":["Outmaneuver","Blade Dance"],"picked":"Sucker Punch","floor":13},{"not_picked":["Sucker Punch","Skewer"],"picked":"Prepared","floor":14},{"not_picked":["Die Die Die","Glass Knife"],"picked":"Envenom","floor":16},{"not_picked":["Crippling Poison","Quick Slash"],"picked":"Dash","floor":18},{"not_picked":["Riddle With Holes","Prepared"],"picked":"Acrobatics+1","floor":20},{"not_picked":["Dagger Spray","Deflect+1"],"picked":"Dodge and Roll","floor":22}],"player_experience":378890,"relics_obtained":[{"floor":6,"key":"Regal Pillow"},{"floor":9,"key":"Snake Skull"}],"event_choices":[{"event_name":"Accursed Blacksmith","player_choice":"Rummage","floor":5,"damage_taken":0},{"event_name":"Big Fish","player_choice":"Donut","floor":8,"damage_taken":0},{"event_name":"The Library","player_choice":"Read","floor":19,"damage_taken":0},{"event_name":"Beggar","player_choice":"Ignored","floor":21,"damage_taken":0}],"is_beta":false,"boss_relics":[{"not_picked":["Velvet Choker","Tiny House"],"picked":"Sozu"}],"items_purged_floors":[],"is_endless":false,"potions_floor_spawned":[1,12,13,14,20],"killed_by":"Book of Stabbing","ascension_level":4}