{"gold_per_floor":[114,19,34,44,63,63,63,63,63,83,83,83,83,103,103,202,202,213,233,243,20,20,20,37,55,101,101,111,111,190,190],"floor_reached":31,"playtime":1235,"items_purged":["Strike_G"],"score":229,"play_id":"d73d1e2d-b190-44f1-8a7e-20c1448aabf0","local_time":"20180801010610","is_ascension_mode":false,"campfire_choices":[{"data":"Dagger Spray","floor":6,"key":"SMITH"},{"data":"Neutralize","floor":8,"key":"SMITH"},{"data":"Underhanded Strike","floor":12,"key":"SMITH"},{"data":"Infinite Blades","floor":15,"key":"SMITH"},{"data":"Terror","floor":23,"key":"SMITH"},{"floor":27,"key":"REST"}],"neow_cost":"NONE","seed_source_timestamp":1470504672268414,"circlet_count":0,"master_deck":["Defend_G","Defend_G","Defend_G","Defend_G","Strike_G","Strike_G","Strike_G","Strike_G","Survivor","Neutralize+1","Dagger Spray+1","Panacea","Acrobatics","Outmaneuver","Flying Knee","Underhanded Strike+1","Infinite Blades+1","Adrenaline","Cloak And Dagger","Flying Knee+1","Deflect","Deadly Poison","Terror+1","Sucker Punch","Infinite Blades+1","Underhanded Strike+1","After Image","Pain"],"relics":["Cursed Key"],"potions_floor_usage":[16,19,20,28,28,31],"damage_taken":[{"damage":0,"enemies":"2 Louse","floor":1,"turns":3},{"damage":3,"enemies":"Jaw Worm","floor":3,"turns":4},{"damage":0,"enemies":"Small Slimes","floor":4,"turns":3},{"damage":1,"enemies":"2 Fungi Beasts","floor":5,"turns":3},{"damage":2,"enemies":"Blue Slaver","floor":10,"turns":3},{"damage":5,"enemies":"Looter","floor":14,"turns":3},{"damage":41,"enemies":"Hexaghost","floor":16,"turns":11},{"damage":4,"enemies":"Chosen","floor":18,"turns":6},{"damage":5,"enemies":"Shell Parasite","floor":19,"turns":6},{"damage":19,"enemies":"3 Cultists","floor":20,"turns":5},{"damage":11,"enemies":"Centurion and Healer","floor":24,"turns":7},{"damage":16,"enemies":"Snake Plant","floor":25,"turns":5},{"damage":25,"enemies":"Slaver and Parasite","floor":28,"turns":6},{"damage":17,"enemies":"Cultist and Chosen","floor":31,"turns":3}],"seed_played":"-522268278786704980","potions_obtained":[{"floor":3,"key":"Energy Potion"},{"floor":5,"key":"AttackPotion"},{"floor":16,"key":"GhostInAJar"},{"floor":18,"key":"AttackPotion"},{"floor":19,"key":"SkillPotion"},{"floor":24,"key":"Strength Potion"}],"is_trial":false,"path_per_floor":["M","$","M","M","M","R","?","R","T","M","?","R","?","M","R","B",null,"M","M","M","$","?","R","M","M","T","R","M","?","T"],"character_chosen":"THE_SILENT","items_purchased":["Panacea","Deadly Poison","Terror","Sucker Punch"],"campfire_rested":1,"item_purchase_floors":[2,21,21,21],"current_hp_per_floor":[70,70,67,67,66,66,71,71,71,69,62,62,62,57,57,16,72,68,63,44,44,44,44,33,17,17,38,13,13,13,0],"gold":190,"neow_bonus":"BOSS_RELIC","is_prod":false,"is_daily":false,"chose_seed":false,"campfire_upgraded":5,"win_rate":0,"timestamp":1533107170,"path_taken":["M","$","M","M","M","R","?","R","T","M","?","R","?","M","R","BOSS","M","M","M","$","?","R","M","M","T","R","M","?","?","M"],"build_version":"2018-07-26","purchased_purges":1,"victory":false,"max_hp_per_floor":[70,70,70,70,70,70,75,75,75,75,72,72,72,72,72,72,72,72,72,72,72,72,72,72,72,72,72,72,72,72,72],"card_choices":[{"not_picked":["Dagger Throw","Prepared"],"picked":"Dagger Spray","floor":1},{"not_picked":["Deadly Poison","PiercingWail"],"picked":"Acrobatics","floor":3},{"not_picked":["Predator","Slice"],"picked":"Outmaneuver","floor":4},{"not_picked":["Quick Slash","Outmaneuver"],"picked":"Flying Knee","floor":5},{"not_picked":["Prepared","Slice"],"picked":"Underhanded Strike","floor":10},{"not_picked":["Slice","Outmaneuver"],"picked":"Infinite Blades","floor":14},{"not_picked":["Grand Finale","Storm of Steel"],"picked":"Adrenaline","floor":16},{"not_picked":["Acrobatics","Quick Slash"],"picked":"Cloak And Dagger","floor":18},{"not_picked":["Blur","Accuracy"],"picked":"Flying Knee+1","floor":19},{"not_picked":["PiercingWail+1","Flechettes+1"],"picked":"Deflect","floor":20},{"not_picked":["Poisoned Stab+1","PiercingWail"],"picked":"Infinite Blades+1","floor":24},{"not_picked":["Acrobatics+1","Dagger Throw"],"picked":"Underhanded Strike+1","floor":25},{"not_picked":["Poisoned Stab+1","Dagger Throw"],"picked":"After Image","floor":28}],"player_experience":316972,"relics_obtained":[],"event_choices":[{"event_name":"Big Fish","player_choice":"Donut","floor":7,"damage_taken":0},{"event_name":"Golden Wing","player_choice":"Card Removal","floor":11,"damage_taken":0},{"event_name":"Purifier","player_choice":"One Purge","floor":13,"damage_taken":0},{"event_name":"Addict","player_choice":"Ignored","floor":22,"damage_taken":0},{"event_name":"Back to Basics","player_choice":"Elegance","floor":29,"damage_taken":0}],"is_beta":false,"boss_relics":[{"not_picked":["Velvet Choker","Busted Crown","Philosopher\u0027s Stone"]}],"items_purged_floors":[21],"is_endless":false,"potions_floor_spawned":[3,5,16,18,19,24],"killed_by":"Cultist and Chosen","ascension_level":0}