{"gold_per_floor":[111,131,16,36,55,55,86,86,86,86,96,116,116,142,142,214,214,232,232,232,32,0,0,18,46,46,59,59,71,71,89,89,89],"floor_reached":33,"playtime":1609,"items_purged":["Strike_B","Defend_B"],"score":485,"play_id":"dbf748de-6f90-45a3-b15e-374d503d20d1","local_time":"20190320131727","is_ascension_mode":true,"campfire_choices":[{"data":"Fusion","floor":6,"key":"SMITH"},{"floor":8,"key":"REST"},{"data":"Go for the Eyes","floor":10,"key":"SMITH"},{"floor":15,"key":"REST"},{"data":"Zap","floor":23,"key":"SMITH"},{"floor":28,"key":"REST"},{"data":"Self Repair","floor":30,"key":"SMITH"},{"floor":32,"key":"REST"}],"neow_cost":"TEN_PERCENT_HP_LOSS","seed_source_timestamp":2418158140380399,"circlet_count":0,"master_deck":["AscendersBane","Strike_B","Strike_B","Strike_B","Defend_B","Defend_B","Defend_B","Zap+1","Dualcast","Ball Lightning","Go for the Eyes+1","Fusion+1","Capacitor","Steam+1","Beam Cell","Self Repair+1","Force Field","Fission+1","Conserve Battery","Cold Snap","Steam","Heatsinks","Ball Lightning","Conserve Battery","All For One","Cold Snap","Coolheaded"],"special_seed":0,"relics":["Cracked Core","Incense Burner","Matryoshka","Pear","The Courier","Bronze Scales","Orrery","Enchiridion","War Paint","Blue Candle","Ornamental Fan","Symbiotic Virus"],"potions_floor_usage":[14,14,25,33],"damage_taken":[{"damage":0.0,"enemies":"Jaw Worm","floor":1.0,"turns":3.0},{"damage":3.0,"enemies":"Small Slimes","floor":2.0,"turns":3.0},{"damage":7.0,"enemies":"2 Louse","floor":4.0,"turns":2.0},{"damage":23,"enemies":"Exordium Wildlife","floor":5,"turns":6},{"damage":29,"enemies":"Gremlin Nob","floor":7,"turns":5},{"damage":3,"enemies":"3 Louse","floor":11,"turns":3},{"damage":10,"enemies":"2 Fungi Beasts","floor":12,"turns":3},{"damage":13,"enemies":"3 Sentries","floor":14,"turns":8},{"damage":31,"enemies":"The Guardian","floor":16,"turns":12},{"damage":11,"enemies":"Shell Parasite","floor":18,"turns":8},{"damage":31,"enemies":"Chosen","floor":24,"turns":5},{"damage":15,"enemies":"Slavers","floor":25,"turns":2},{"damage":2,"enemies":"Centurion and Healer","floor":27,"turns":6},{"damage":11,"enemies":"Shelled Parasite and Fungi","floor":29,"turns":4},{"damage":13,"enemies":"Snecko","floor":31,"turns":6},{"damage":68,"enemies":"Automaton","floor":33,"turns":12}],"seed_played":"5089282182133723894","potions_obtained":[{"floor":4.0,"key":"EssenceOfSteel"},{"floor":7,"key":"Dexterity Potion"},{"floor":18,"key":"Poison Potion"},{"floor":24,"key":"FocusPotion"},{"floor":27,"key":"SmokeBomb"}],"is_trial":false,"path_per_floor":["M","M","$","M","M","R","E","R","T","R","M","M","?","E","R","B",null,"M","?","?","$","?","R","M","E","T","M","R","M","R","M","R","B"],"character_chosen":"DEFECT","items_purchased":["Fusion","War Paint"],"campfire_rested":4,"item_purchase_floors":[3,21],"current_hp_per_floor":[64,61,61,54,31,31,2,21,31,31,28,18,18,12,34,10,58,54,69,48,48,48,48,24,9,9,14,36,32,32,29,51,0],"gold":89,"neow_bonus":"ONE_RARE_RELIC","is_prod":false,"is_daily":false,"chose_seed":false,"campfire_upgraded":4,"win_rate":0,"timestamp":1553109447,"path_taken":["M","M","$","M","M","R","E","R","T","R","M","M","?","E","R","BOSS","M","?","?","$","?","R","M","E","T","M","R","?","R","M","R","BOSS"],"build_version":"2019-01-23","purchased_purges":2,"victory":false,"max_hp_per_floor":[64,64,64,64,64,64,64,64,74,74,74,74,74,74,74,74,74,74,74,74,74,74,74,74,74,74,74,74,74,74,74,74,74],"card_choices":[{"not_picked":["Gash","Loop"],"picked":"Ball Lightning","floor":1.0},{"not_picked":["Rebound","Cold Snap"],"picked":"Go for the Eyes","floor":2.0},{"not_picked":["Recycle","Blizzard"],"picked":"Capacitor","floor":4.0},{"not_picked":["Barrage","Stack","Redo"],"picked":"SKIP","floor":5},{"not_picked":["Reprogram","Stack"],"picked":"Steam","floor":7},{"not_picked":["Darkness","Compile Driver"],"picked":"Beam Cell","floor":11},{"not_picked":["Aggregate","Turbo"],"picked":"Self Repair","floor":12},{"not_picked":["Turbo","Capacitor"],"picked":"Force Field","floor":14},{"not_picked":["Machine Learning","All For One"],"picked":"Fission","floor":16},{"not_picked":["BootSequence","Barrage"],"picked":"Conserve Battery","floor":17},{"not_picked":["Steam","Sweeping Beam"],"picked":"Cold Snap","floor":17},{"not_picked":["Reprogram","Steam Power"],"picked":"Steam","floor":17},{"not_picked":["Beam Cell","Conserve Battery"],"picked":"Heatsinks","floor":17},{"not_picked":["Cold Snap","Leap"],"picked":"Ball Lightning","floor":18},{"not_picked":["Lockon","Compile Driver"],"picked":"Conserve Battery","floor":24},{"not_picked":["Skim+1","Leap"],"picked":"All For One","floor":25},{"not_picked":["Sunder","Go for the Eyes"],"picked":"Cold Snap","floor":27},{"not_picked":["Heatsinks","Steam"],"picked":"Coolheaded","floor":29},{"not_picked":["Stack","Turbo","Genetic Algorithm"],"picked":"SKIP","floor":31}],"player_experience":815996,"relics_obtained":[{"floor":7,"key":"Matryoshka"},{"floor":9,"key":"Pear"},{"floor":9,"key":"The Courier"},{"floor":14,"key":"Bronze Scales"},{"floor":20,"key":"Enchiridion"},{"floor":25,"key":"Blue Candle"},{"floor":26,"key":"Ornamental Fan"},{"floor":26,"key":"Symbiotic Virus"}],"event_choices":[{"damage_healed":0,"gold_gain":0,"player_choice":"Ignored","damage_taken":0,"max_hp_gain":0,"max_hp_loss":0,"event_name":"Shining Light","floor":13,"gold_loss":0},{"damage_healed":15,"gold_gain":0,"player_choice":"Heal","damage_taken":0,"max_hp_gain":0,"max_hp_loss":0,"event_name":"The Library","floor":19,"gold_loss":0},{"damage_healed":0,"gold_gain":0,"player_choice":"Obtained Book","damage_taken":21,"max_hp_gain":0,"max_hp_loss":0,"event_name":"Cursed Tome","floor":20,"gold_loss":0},{"damage_healed":0,"gold_gain":0,"player_choice":"Paid Fearfully","damage_taken":0,"max_hp_gain":0,"max_hp_loss":0,"event_name":"Masked Bandits","floor":22,"gold_loss":32}],"is_beta":false,"boss_relics":[{"not_picked":["Black Star","Runic Dome"],"picked":"Orrery"}],"items_purged_floors":[3,21],"is_endless":false,"potions_floor_spawned":[4,7,12,18,24,27,31],"killed_by":"Automaton","ascension_level":15}