{"gold_per_floor":[119,7,7,31,31,66,26,26,26,26,42,60,81,99,99,99],"floor_reached":16,"playtime":615,"items_purged":["Regret"],"score":153,"play_id":"eab08f4d-50cb-4ee9-b459-38d54fb1ef5c","local_time":"20181009141405","is_ascension_mode":true,"campfire_choices":[{"floor":8,"key":"REST"},{"data":"1","floor":15,"key":"LIFT"}],"neow_cost":"CURSE","seed_source_timestamp":486540803273647,"circlet_count":0,"master_deck":["Defend_G","Defend_G","Defend_G","Defend_G","Strike_G","Strike_G","Strike_G","Strike_G","Strike_G","Survivor","Neutralize","Blur","Choke","Well Laid Plans","Infinite Blades","Terror","Blade Dance","Backflip","Blade Dance","Backstab"],"relics":["Ring of the Snake","Girya","Golden Idol","Pear","Snake Skull"],"potions_floor_usage":[12,14,16,16],"damage_taken":[{"damage":11,"enemies":"Jaw Worm","floor":1,"turns":5},{"damage":1,"enemies":"Cultist","floor":4,"turns":4},{"damage":29,"enemies":"3 Sentries","floor":6,"turns":10},{"damage":3,"enemies":"2 Louse","floor":11,"turns":3},{"damage":10,"enemies":"Red Slaver","floor":12,"turns":3},{"damage":10,"enemies":"2 Fungi Beasts","floor":13,"turns":4},{"damage":5,"enemies":"Exordium Wildlife","floor":14,"turns":4},{"damage":24,"enemies":"Hexaghost","floor":16,"turns":9}],"seed_played":"-7942680973709731323","potions_obtained":[{"floor":4,"key":"Weak Potion"},{"floor":6,"key":"Swift Potion"},{"floor":13,"key":"AttackPotion"},{"floor":14,"key":"Explosive Potion"}],"is_trial":false,"path_per_floor":["M","$","?","M","?","E","$","R","T","?","M","M","M","M","R"],"character_chosen":"THE_SILENT","items_purchased":["Choke","Terror"],"campfire_rested":1,"item_purchase_floors":[2,7],"current_hp_per_floor":[59,59,42,41,41,22,22,46,46,51,48,38,28,23,23,0],"gold":99,"neow_bonus":"ONE_RARE_RELIC","is_prod":false,"is_daily":false,"chose_seed":false,"campfire_upgraded":0,"win_rate":0,"timestamp":1539116045,"path_taken":["M","$","?","M","?","E","$","R","T","?","?","M","M","M","R","BOSS"],"build_version":"2018-10-04v2","purchased_purges":1,"victory":false,"max_hp_per_floor":[70,70,70,70,70,80,80,80,80,85,85,85,85,85,85,85],"card_choices":[{"not_picked":["Predator","Dagger Throw"],"picked":"Blur","floor":1},{"not_picked":["Prepared","Catalyst"],"picked":"Well Laid Plans","floor":4},{"not_picked":["Riddle With Holes","Dagger Throw"],"picked":"Infinite Blades","floor":6},{"not_picked":["Backflip","Calculated Gamble"],"picked":"Blade Dance","floor":11},{"not_picked":["Expertise","Bane"],"picked":"Backflip","floor":12},{"not_picked":["PiercingWail","Dodge and Roll"],"picked":"Blade Dance","floor":13},{"not_picked":["Blade Dance","Masterful Stab"],"picked":"Backstab","floor":14}],"player_experience":509739,"relics_obtained":[{"floor":6,"key":"Pear"},{"floor":9,"key":"Snake Skull"}],"event_choices":[{"event_name":"Golden Idol","player_choice":"Take Damage","floor":3,"damage_taken":0},{"event_name":"Purifier","player_choice":"One Purge","floor":5,"damage_taken":0},{"event_name":"Big Fish","player_choice":"Donut","floor":10,"damage_taken":0}],"is_beta":false,"boss_relics":[],"items_purged_floors":[2],"is_endless":false,"potions_floor_spawned":[4,6,13,14],"killed_by":"Hexaghost","ascension_level":5}