{"gold_per_floor":[99,99,114,129,144,144,159,159,209,224,125,125,140,155,155,255,255,270,370,370,400,377,377,392,242,242,242,257,182,182,197,197,297,297,312,312,136,151,166,166,196,237,237,252,252,267,267,282,282,282],"floor_reached":50,"playtime":6774,"items_purged":["Regret","Decay"],"score":561,"play_id":"970f4632-f62d-4273-803c-157ed4e8d342","local_time":"20190210004300","daily_mods":["Cursed Run","Blue Cards","DeadlyEvents"],"is_ascension_mode":false,"campfire_choices":[{"floor":6,"key":"REST"},{"floor":12,"key":"REST"},{"floor":15,"key":"REST"},{"floor":23,"key":"REST"},{"data":"Chill","floor":27,"key":"SMITH"},{"data":"Heavy Blade","floor":32,"key":"SMITH"},{"data":"Limit Break","floor":40,"key":"SMITH"},{"data":"Injury","floor":45,"key":"PURGE"},{"floor":47,"key":"DIG"},{"floor":49,"key":"REST"}],"neow_cost":"","seed_source_timestamp":0,"circlet_count":0,"master_deck":["Defend_R","Defend_R","Defend_R","Defend_R","Bash+1","Flex+1","Beam Cell","Cold Snap","Iron Wave","Cleave","Flex","Sweeping Beam","Cleave","Pommel Strike+1","Bludgeon","Chill+1","Cold Snap","Bite+1","Bite","Bite","Bite","Bite","Scrape+1","Heavy Blade+1","Darkness","Fire Breathing+1","Leap","Clumsy","Limit Break+1","Parasite","Parasite","Shrug It Off+1","Flash of Steel","Mind Blast","Deep Breath","Self Repair","Clash","Anger+1","Sweeping Beam","Melter+1","Flex","Anger","Fire Breathing+1"],"special_seed":17937,"relics":["Cursed Key","Darkstone Periapt","Du-Vu Doll","Dodecahedron","Bronze Scales","Sozu","FossilizedHelix","Paper Frog","Potion Belt","Whetstone","Pocketwatch","Red Skull","Astrolabe","Shovel","Peace Pipe","The Courier","Regal Pillow"],"potions_floor_usage":[21,50,50],"damage_taken":[{"damage":5,"enemies":"Small Slimes","floor":1,"turns":4},{"damage":6,"enemies":"Cultist","floor":3,"turns":3},{"damage":4,"enemies":"2 Louse","floor":4,"turns":2},{"damage":0,"enemies":"Large Slime","floor":5,"turns":5},{"damage":7,"enemies":"Exordium Wildlife","floor":7,"turns":4},{"damage":8,"enemies":"Looter","floor":10,"turns":1},{"damage":0,"enemies":"2 Fungi Beasts","floor":13,"turns":2},{"damage":0,"enemies":"Exordium Wildlife","floor":14,"turns":2},{"damage":16,"enemies":"Slime Boss","floor":16,"turns":8},{"damage":1,"enemies":"Chosen","floor":18,"turns":3},{"damage":8,"enemies":"Colosseum Slavers","floor":19,"turns":2},{"damage":21,"enemies":"Colosseum Nobs","floor":19,"turns":3},{"damage":13,"enemies":"Slavers","floor":21,"turns":3},{"damage":0,"enemies":"2 Thieves","floor":24,"turns":2},{"damage":18,"enemies":"Centurion and Healer","floor":28,"turns":3},{"damage":0,"enemies":"Snecko","floor":31,"turns":3},{"damage":27,"enemies":"Collector","floor":33,"turns":6},{"damage":17,"enemies":"3 Shapes","floor":35,"turns":3},{"damage":0,"enemies":"3 Darklings","floor":38,"turns":4},{"damage":17,"enemies":"Jaw Worm Horde","floor":39,"turns":3},{"damage":18,"enemies":"Giant Head","floor":41,"turns":6},{"damage":29,"enemies":"2 Orb Walkers","floor":42,"turns":4},{"damage":14,"enemies":"Spire Growth","floor":44,"turns":3},{"damage":0,"enemies":"Sphere and 2 Shapes","floor":46,"turns":3},{"damage":0,"enemies":"Maw","floor":48,"turns":4},{"damage":142,"enemies":"Time Eater","floor":50,"turns":10}],"seed_played":"-8803609640175454799","potions_obtained":[{"floor":3,"key":"SpeedPotion"},{"floor":5,"key":"EssenceOfSteel"},{"floor":10,"key":"Block Potion"},{"floor":16,"key":"Dexterity Potion"}],"is_trial":false,"path_per_floor":["M","?","M","M","M","R","M","?","T","M","$","R","M","M","R","B",null,"M","?","?","E","$","R","M","$","T","R","M","$","T","M","R","B",null,"M","?","$","M","M","R","E","?","T","M","R","M","R","M","R","B"],"character_chosen":"IRONCLAD","items_purchased":["Flex","Sweeping Beam","Heavy Blade","Whetstone","Self Repair"],"campfire_rested":5,"item_purchase_floors":[11,11,22,25,37],"current_hp_per_floor":[75,75,69,65,65,80,73,57,63,55,55,80,80,80,86,76,92,91,62,62,57,57,64,64,64,70,70,61,61,67,69,69,56,100,87,77,77,83,72,72,70,52,58,56,56,60,60,73,106,0],"gold":282,"neow_bonus":"","is_prod":false,"is_daily":true,"chose_seed":false,"campfire_upgraded":3,"win_rate":0.0,"timestamp":1549788180,"path_taken":["M","?","?","M","M","R","M","?","T","M","?","R","M","M","R","BOSS","M","?","?","?","$","R","M","$","T","R","M","?","?","M","R","BOSS","M","?","$","M","M","R","E","?","T","?","R","M","R","?","R","BOSS"],"build_version":"2019-01-23","purchased_purges":2,"victory":false,"max_hp_per_floor":[80,80,80,80,80,80,80,80,86,86,86,86,86,86,86,92,92,92,92,64,64,64,64,64,64,70,70,70,70,76,76,76,82,100,100,100,100,100,100,100,100,100,106,106,106,106,106,106,106,106],"card_choices":[{"not_picked":["Redo","Conserve Battery"],"picked":"Sword Boomerang","floor":1},{"not_picked":["Metallicize","Thunderclap"],"picked":"Flex","floor":3},{"not_picked":["Inflame","Gash"],"picked":"Beam Cell","floor":4},{"not_picked":["Steam","Bloodletting"],"picked":"Cold Snap","floor":5},{"not_picked":["Anger","Conserve Battery"],"picked":"Iron Wave","floor":7},{"not_picked":["Reprogram","Entrench"],"picked":"Cleave","floor":10},{"not_picked":["Go for the Eyes","Shrug It Off"],"picked":"Cleave","floor":13},{"not_picked":["Meteor Strike","Body Slam"],"picked":"Pommel Strike","floor":14},{"not_picked":["Creative AI","Dark Embrace"],"picked":"Bludgeon","floor":16},{"not_picked":["Hello World","Feel No Pain"],"picked":"Chill","floor":18},{"not_picked":["Lockon","Compile Driver"],"picked":"Cold Snap","floor":19},{"not_picked":["Sweeping Beam","Heatsinks"],"picked":"Scrape+1","floor":21},{"not_picked":["Turbo","Wild Strike"],"picked":"Darkness","floor":24},{"not_picked":["Barrage","Hello World"],"picked":"Fire Breathing+1","floor":28},{"not_picked":["Glacier+1","Double Energy+1"],"picked":"Leap","floor":31},{"not_picked":["Seek","Dark Embrace"],"picked":"Limit Break","floor":33},{"not_picked":["Twin Strike","Storm+1"],"picked":"Shrug It Off+1","floor":35},{"not_picked":["PanicButton","Thinking Ahead"],"picked":"Flash of Steel","floor":36},{"not_picked":["Finesse","Apotheosis"],"picked":"Mind Blast","floor":36},{"not_picked":["Forethought","Purity"],"picked":"Deep Breath","floor":36},{"not_picked":["Aggregate","Turbo"],"picked":"Clash","floor":38},{"not_picked":["Shrug It Off","Barrage"],"picked":"Anger+1","floor":39},{"not_picked":["Armaments+1","Conserve Battery+1"],"picked":"Sweeping Beam","floor":41},{"not_picked":["Aggregate","Steam+1"],"picked":"Melter+1","floor":42},{"not_picked":["Twin Strike","Intimidate+1"],"picked":"Flex","floor":44},{"not_picked":["Force Field","Fission"],"picked":"Anger","floor":46},{"not_picked":["Cold Snap","Fusion"],"picked":"Fire Breathing+1","floor":48}],"player_experience":12334,"relics_obtained":[{"floor":9,"key":"Bronze Scales"},{"floor":19,"key":"FossilizedHelix"},{"floor":19,"key":"Paper Frog"},{"floor":21,"key":"Potion Belt"},{"floor":26,"key":"Pocketwatch"},{"floor":30,"key":"Red Skull"},{"floor":41,"key":"Shovel"},{"floor":42,"key":"Peace Pipe"},{"floor":43,"key":"The Courier"},{"floor":47,"key":"Regal Pillow"}],"event_choices":[{"cards_removed":["Sword Boomerang"],"damage_healed":0,"gold_gain":0,"player_choice":"Gave Card","damage_taken":0,"relics_obtained":["Dodecahedron"],"max_hp_gain":0,"max_hp_loss":0,"event_name":"WeMeetAgain","floor":2,"gold_loss":0},{"damage_healed":0,"gold_gain":0,"player_choice":"Entered Light","damage_taken":16,"max_hp_gain":0,"max_hp_loss":0,"event_name":"Shining Light","floor":8,"gold_loss":0,"cards_upgraded":["Bash","Flex"]},{"damage_healed":0,"gold_gain":0,"player_choice":"Fight","damage_taken":0,"max_hp_gain":0,"max_hp_loss":0,"event_name":"Colosseum","floor":19,"gold_loss":0},{"damage_healed":0,"gold_gain":0,"player_choice":"Fought Nobs","damage_taken":0,"max_hp_gain":0,"max_hp_loss":0,"event_name":"Colosseum","floor":19,"gold_loss":0},{"damage_healed":0,"gold_gain":0,"player_choice":"Became a vampire","damage_taken":0,"max_hp_gain":0,"max_hp_loss":28,"event_name":"Vampires","floor":20,"gold_loss":0,"cards_obtained":["Bite","Bite","Bite","Bite","Bite"]},{"damage_healed":0,"gold_gain":0,"player_choice":"Memory 3","damage_taken":10,"max_hp_gain":0,"max_hp_loss":0,"event_name":"SensoryStone","floor":36,"gold_loss":0},{"damage_healed":0,"gold_gain":0,"player_choice":"Fight","damage_taken":0,"max_hp_gain":0,"max_hp_loss":0,"event_name":"Mysterious Sphere","floor":42,"gold_loss":0}],"is_beta":false,"boss_relics":[{"not_picked":["Coffee Dripper","Busted Crown"],"picked":"Sozu"},{"not_picked":["Fusion Hammer","Velvet Choker"],"picked":"Astrolabe"}],"items_purged_floors":[29,37],"is_endless":false,"potions_floor_spawned":[3,5,10,16,19,21,33,38,39,44,48],"killed_by":"Time Eater","ascension_level":0}