{"gold_per_floor":[109,124,136,150,167,202,221,221,221,221],"floor_reached":10,"playtime":467,"items_purged":[],"score":108,"play_id":"58db8fc1-e4df-4192-83fa-9b79dae5b997","local_time":"20181116134319","is_ascension_mode":true,"campfire_choices":[{"floor":8,"key":"REST"}],"neow_cost":"NONE","seed_source_timestamp":438723644048446,"circlet_count":0,"master_deck":["AscendersBane","Defend_G","Defend_G","Defend_G","Defend_G","Defend_G","Strike_G","Strike_G","Strike_G","Strike_G","Strike_G","Survivor","Neutralize","Sucker Punch","Deadly Poison","Poisoned Stab","Dagger Spray","Deadly Poison","Well Laid Plans","Cloak And Dagger+1","Deadly Poison+1"],"relics":["Ring of the Snake","Toxic Egg 2","Dodecahedron"],"potions_floor_usage":[7,10],"damage_taken":[{"damage":0,"enemies":"Cultist","floor":1,"turns":4},{"damage":0,"enemies":"Small Slimes","floor":2,"turns":3},{"damage":9,"enemies":"Jaw Worm","floor":3,"turns":4},{"damage":10,"enemies":"2 Fungi Beasts","floor":4,"turns":3},{"damage":4,"enemies":"3 Louse","floor":5,"turns":3},{"damage":29,"enemies":"Lagavulin","floor":6,"turns":6},{"damage":6,"enemies":"Lots of Slimes","floor":7,"turns":3},{"damage":26,"enemies":"3 Sentries","floor":10,"turns":7}],"seed_played":"1328990123677739311","potions_obtained":[{"floor":2,"key":"Ancient Potion"},{"floor":3,"key":"LiquidBronze"},{"floor":6,"key":"Poison Potion"}],"is_trial":false,"path_per_floor":["M","M","M","M","M","E","M","R","T","E"],"character_chosen":"THE_SILENT","items_purchased":[],"campfire_rested":1,"item_purchase_floors":[],"current_hp_per_floor":[63,63,54,44,40,11,5,26,26,0],"gold":221,"neow_bonus":"THREE_CARDS","is_prod":false,"is_daily":false,"chose_seed":false,"campfire_upgraded":0,"win_rate":0,"timestamp":1542400999,"path_taken":["M","M","M","?","M","E","M","R","T","E"],"build_version":"2018-11-15","purchased_purges":0,"victory":false,"max_hp_per_floor":[70,70,70,70,70,70,70,70,70,70],"card_choices":[{"not_picked":["Endless Agony","Prepared"],"picked":"Sucker Punch","floor":0},{"not_picked":["Backflip","Eviscerate"],"picked":"Deadly Poison","floor":1},{"not_picked":["Prepared","Masterful Stab"],"picked":"Poisoned Stab","floor":2},{"not_picked":["Quick Slash","Acrobatics"],"picked":"Dagger Spray","floor":3},{"not_picked":["Quick Slash","Calculated Gamble"],"picked":"Deadly Poison","floor":4},{"not_picked":["Infinite Blades","PiercingWail"],"picked":"Well Laid Plans","floor":5},{"not_picked":["Poisoned Stab","Acrobatics"],"picked":"Cloak And Dagger","floor":6},{"not_picked":["Wraith Form v2","Dagger Spray"],"picked":"Deadly Poison+1","floor":7}],"player_experience":611121,"relics_obtained":[{"floor":6,"key":"Toxic Egg 2"},{"floor":9,"key":"Dodecahedron"}],"event_choices":[],"is_beta":false,"boss_relics":[],"items_purged_floors":[],"is_endless":false,"potions_floor_spawned":[2,3,6],"killed_by":"3 Sentries","ascension_level":10}