{"gold_per_floor":[113,45,45,220,233,267,70,70,70,88,105,105,117,137,137,232,232,242,167,177,6,22,22,47,47,47,59,59,75,75,4,4,105,105,121,136,36,36,136,136,169,169,169,169,13,28,28,28,28,28],"floor_reached":51,"playtime":2495,"items_purged":["Doubt","Strike_G+1"],"score":768,"play_id":"3d7a9794-cffe-4b84-bbd3-59a25bd91d8f","local_time":"20190320135636","is_ascension_mode":false,"campfire_choices":[{"floor":12,"key":"REST"},{"data":"Neutralize","floor":15,"key":"SMITH"},{"floor":23,"key":"REST"},{"floor":25,"key":"REST"},{"data":"Footwork","floor":30,"key":"SMITH"},{"data":"Night Terror","floor":32,"key":"SMITH"},{"data":"Footwork","floor":40,"key":"SMITH"},{"data":"Noxious Fumes","floor":42,"key":"SMITH"},{"data":"Noxious Fumes","floor":44,"key":"SMITH"},{"data":"Noxious Fumes","floor":49,"key":"SMITH"}],"neow_cost":"NONE","seed_source_timestamp":648079515086737,"circlet_count":0,"master_deck":["Defend_G+1","Defend_G+1","Defend_G+1","Defend_G+1","Defend_G+1","Strike_G+1","Strike_G+1","Strike_G+1","Survivor","Neutralize+1","PiercingWail","Noxious Fumes+1","Dagger Spray","Deadly Poison","Crippling Poison","Dodge and Roll","Night Terror+1","Blur+1","Escape Plan+1","Noxious Fumes+1","Malaise+1","Infinite Blades","Caltrops","Noxious Fumes+1","Dark Shackles+1","Escape Plan+1","Malaise+1","Crippling Poison+1","Footwork+1","Footwork+1","Burst+1","Caltrops+1","Bouncing Flask+1","Madness+1","Madness+1","Envenom","Parasite","Noxious Fumes+1"],"relics":["Ring of the Snake","NeowsBlessing","Sundial","Bottled Lightning","Toxic Egg 2","Eternal Feather","Regal Pillow","Mercury Hourglass","Philosopher\u0027s Stone","Girya","Mango","Pen Nib","Snake Skull"],"potions_floor_usage":[11,24,24,41,41],"damage_taken":[{"damage":0,"enemies":"Jaw Worm","floor":1,"turns":1},{"damage":0,"enemies":"Small Slimes","floor":5,"turns":1},{"damage":0,"enemies":"Gremlin Nob","floor":6,"turns":1},{"damage":6,"enemies":"2 Louse","floor":10,"turns":3},{"damage":28,"enemies":"Gremlin Gang","floor":11,"turns":5},{"damage":0,"enemies":"Looter","floor":13,"turns":4},{"damage":0,"enemies":"2 Fungi Beasts","floor":14,"turns":4},{"damage":20,"enemies":"Hexaghost","floor":16,"turns":11},{"damage":8,"enemies":"Shell Parasite","floor":18,"turns":8},{"damage":7,"enemies":"2 Thieves","floor":19,"turns":5},{"damage":5,"enemies":"Snecko","floor":20,"turns":8},{"damage":42,"enemies":"3 Cultists","floor":22,"turns":7},{"damage":25,"enemies":"Gremlin Leader","floor":24,"turns":8},{"damage":42,"enemies":"Cultist and Chosen","floor":27,"turns":7},{"damage":15,"enemies":"Shelled Parasite and Fungi","floor":29,"turns":7},{"damage":24,"enemies":"Automaton","floor":33,"turns":11},{"damage":9,"enemies":"3 Shapes","floor":35,"turns":5},{"damage":1,"enemies":"Orb Walker","floor":36,"turns":5},{"damage":22,"enemies":"Mind Bloom Boss Battle","floor":39,"turns":8},{"damage":13,"enemies":"Reptomancer","floor":41,"turns":8},{"damage":31,"enemies":"Writhing Mass","floor":46,"turns":5},{"damage":67,"enemies":"Donu and Deca","floor":50,"turns":8}],"seed_played":"-3821418677081717626","potions_obtained":[{"floor":6,"key":"Weak Potion"},{"floor":13,"key":"Swift Potion"},{"floor":22,"key":"EssenceOfSteel"},{"floor":27,"key":"Weak Potion"},{"floor":33,"key":"SkillPotion"},{"floor":35,"key":"Poison Potion"}],"is_trial":false,"path_per_floor":["M","$","?","?","M","E","$","?","T","M","M","R","M","M","R","B",null,"M","M","M","$","M","R","E","R","T","M","?","M","R","$","R","B",null,"M","M","$","?","?","R","E","R","T","R","$","M","?","$","R","B",null],"character_chosen":"THE_SILENT","items_purchased":["Noxious Fumes","Crippling Poison","Dodge and Roll","Noxious Fumes","Dark Shackles+1","Footwork","Snake Skull"],"campfire_rested":3,"item_purchase_floors":[2,7,7,21,21,31,45],"current_hp_per_floor":[70,70,67,67,67,67,67,67,67,61,33,54,54,54,54,34,70,62,55,50,50,8,44,19,70,70,28,28,13,31,31,49,25,70,61,60,60,51,29,50,51,72,72,84,84,53,53,53,74,7],"gold":28,"neow_bonus":"THREE_ENEMY_KILL","is_prod":false,"is_daily":false,"chose_seed":false,"campfire_upgraded":7,"win_rate":0.0,"timestamp":1553104596,"path_taken":["M","$","?","?","M","E","?","?","T","M","?","R","M","M","R","BOSS","M","?","M","$","M","R","E","R","T","M","?","M","R","$","R","BOSS","M","M","$","?","?","R","E","R","T","R","?","M","?","$","R","BOSS"],"build_version":"2019-01-23","purchased_purges":2,"victory":true,"max_hp_per_floor":[70,70,70,70,70,70,70,70,70,70,70,70,70,70,70,70,70,70,70,70,70,70,70,70,70,70,70,70,70,70,70,70,70,70,70,70,70,70,70,70,84,84,84,84,84,84,84,84,84,84],"card_choices":[{"not_picked":["Slice","Deflect"],"picked":"PiercingWail","floor":1},{"not_picked":["Prepared","Deflect"],"picked":"Dagger Spray","floor":5},{"not_picked":["Underhanded Strike","Deflect"],"picked":"Deadly Poison","floor":6},{"not_picked":["Sucker Punch","Acrobatics+1"],"picked":"Blur+1","floor":10},{"not_picked":["Distraction+1","Poisoned Stab","Finisher"],"picked":"SKIP","floor":11},{"not_picked":["Slice","Finisher"],"picked":"Escape Plan+1","floor":13},{"not_picked":["Endless Agony","Eviscerate"],"picked":"Noxious Fumes","floor":14},{"not_picked":["Tools of the Trade","Doppelganger+1"],"picked":"Malaise+1","floor":16},{"not_picked":["Sucker Punch+1","Poisoned Stab","Slice+1"],"picked":"SKIP","floor":18},{"not_picked":["Slice","Blade Dance+1"],"picked":"Infinite Blades","floor":19},{"not_picked":["Finisher","Heel Hook"],"picked":"Caltrops","floor":20},{"not_picked":["Infinite Blades+1","Heel Hook"],"picked":"Escape Plan+1","floor":22},{"not_picked":["Crippling Poison+1","PiercingWail+1"],"picked":"Malaise+1","floor":24},{"not_picked":["Poisoned Stab","Prepared+1"],"picked":"Crippling Poison+1","floor":27},{"not_picked":["Dagger Spray","Deflect+1"],"picked":"Footwork","floor":29},{"not_picked":["Doppelganger+1","A Thousand Cuts"],"picked":"Burst+1","floor":33},{"not_picked":["Dagger Spray+1","Predator+1"],"picked":"Caltrops+1","floor":35},{"not_picked":["Distraction+1","Dagger Spray"],"picked":"Bouncing Flask+1","floor":36},{"not_picked":["Masterful Stab","Expertise+1"],"picked":"Envenom","floor":41},{"not_picked":["Eviscerate+1","Blade Dance+1"],"picked":"Noxious Fumes+1","floor":46}],"player_experience":3390,"relics_obtained":[{"floor":6,"key":"Bottled Lightning"},{"floor":9,"key":"Toxic Egg 2"},{"floor":24,"key":"Regal Pillow"},{"floor":26,"key":"Mercury Hourglass"},{"floor":39,"key":"Girya"},{"floor":41,"key":"Mango"},{"floor":43,"key":"Pen Nib"}],"event_choices":[{"damage_healed":0,"gold_gain":0,"player_choice":"Success","damage_taken":3,"relics_obtained":["Sundial"],"max_hp_gain":0,"max_hp_loss":0,"event_name":"Scrap Ooze","floor":3,"gold_loss":0},{"damage_healed":0,"gold_gain":175,"player_choice":"AGREE","damage_taken":0,"max_hp_gain":0,"max_hp_loss":0,"event_name":"Liars Game","floor":4,"gold_loss":0,"cards_obtained":["Doubt"]},{"damage_healed":0,"gold_gain":0,"cards_transformed":["Strike_G"],"player_choice":"Transformed","damage_taken":0,"max_hp_gain":0,"max_hp_loss":0,"event_name":"Transmorgrifier","floor":8,"gold_loss":0,"cards_obtained":["Night Terror"]},{"damage_healed":0,"gold_gain":0,"player_choice":"Simplicity","damage_taken":0,"max_hp_gain":0,"max_hp_loss":0,"event_name":"Back to Basics","floor":28,"gold_loss":0,"cards_upgraded":["Defend_G","Defend_G","Defend_G","Defend_G","Defend_G","Strike_G","Strike_G","Strike_G","Strike_G"]},{"damage_healed":0,"gold_gain":0,"player_choice":"Embrace Madness","damage_taken":9,"max_hp_gain":0,"max_hp_loss":0,"event_name":"Winding Halls","floor":38,"gold_loss":0,"cards_obtained":["Madness","Madness"]},{"damage_healed":0,"gold_gain":0,"player_choice":"Fight","damage_taken":0,"max_hp_gain":0,"max_hp_loss":0,"event_name":"MindBloom","floor":39,"gold_loss":0},{"damage_healed":0,"gold_gain":0,"player_choice":"Ignored","damage_taken":0,"max_hp_gain":0,"max_hp_loss":0,"event_name":"SecretPortal","floor":47,"gold_loss":0}],"is_beta":false,"boss_relics":[{"not_picked":["Runic Dome","Calling Bell"],"picked":"Eternal Feather"},{"not_picked":["WristBlade","HoveringKite"],"picked":"Philosopher\u0027s Stone"}],"items_purged_floors":[7,37],"is_endless":false,"potions_floor_spawned":[6,13,22,27,33,35,36],"ascension_level":0}