{"gold_per_floor":[128,152,164,195,84,84,94,269,269,269,327,327,339,43,43,43],"floor_reached":16,"playtime":428,"items_purged":["Zap"],"score":108,"play_id":"61f8c46c-4079-49f7-a9da-0680e2b26b11","local_time":"20190315202521","is_ascension_mode":true,"campfire_choices":[{"floor":6,"key":"REST"},{"floor":12,"key":"REST"},{"floor":15,"key":"REST"}],"neow_cost":"NONE","seed_source_timestamp":72086271265981,"circlet_count":0,"master_deck":["Strike_B","Strike_B","Strike_B","Strike_B","Defend_B","Defend_B","Defend_B","Defend_B","Dualcast","Steam","Leap","Chaos","Redo","Doubt","Electrodynamics","White Noise","Biased Cognition","Leap"],"relics":["Cracked Core","MawBank","Cables","Molten Egg 2","Mercury Hourglass","Membership Card"],"potions_floor_usage":[16],"damage_taken":[{"damage":0,"enemies":"Small Slimes","floor":1,"turns":3},{"damage":0,"enemies":"Cultist","floor":2,"turns":4},{"damage":18,"enemies":"Jaw Worm","floor":4,"turns":4},{"damage":19,"enemies":"Exordium Wildlife","floor":7,"turns":4},{"damage":27,"enemies":"3 Sentries","floor":11,"turns":10},{"damage":15,"enemies":"3 Louse","floor":13,"turns":3},{"damage":61,"enemies":"Hexaghost","floor":16,"turns":9}],"seed_played":"7305380409018637051","potions_obtained":[{"floor":11,"key":"FearPotion"}],"is_trial":false,"path_per_floor":["?","M","?","T","?"],"character_chosen":"DEFECT","items_purchased":["Redo","Biased Cognition","Membership Card","Leap"],"campfire_rested":3,"item_purchase_floors":[5,14,14,14],"current_hp_per_floor":[75,75,75,57,57,75,56,56,56,56,29,51,36,36,58,0],"gold":43,"neow_bonus":"RANDOM_COMMON_RELIC","is_prod":false,"is_daily":false,"chose_seed":false,"campfire_upgraded":0,"win_rate":0,"timestamp":1552677921,"path_taken":["M","M","?","M","$","R","?","?","T","?","?","R","M","$","R","BOSS"],"build_version":"2019-01-23","purchased_purges":1,"victory":false,"max_hp_per_floor":[75,75,75,75,75,75,75,75,75,75,75,75,75,75,75,75],"card_choices":[{"not_picked":["Conserve Battery","Stack"],"picked":"Steam","floor":1},{"not_picked":["Streamline","Cold Snap"],"picked":"Leap","floor":2},{"not_picked":["Hello World","Sunder"],"picked":"Chaos","floor":4},{"not_picked":["Sweeping Beam","Cold Snap","Streamline"],"picked":"SKIP","floor":7},{"not_picked":["Barrage+1","Steam"],"picked":"Electrodynamics","floor":11},{"not_picked":["Barrage+1","Conserve Battery"],"picked":"White Noise","floor":13}],"player_experience":326842,"relics_obtained":[{"floor":9,"key":"Cables"},{"floor":10,"key":"Molten Egg 2"},{"floor":11,"key":"Mercury Hourglass"}],"event_choices":[{"damage_healed":0,"gold_gain":0,"player_choice":"Bought 0 Potions","damage_taken":0,"max_hp_gain":0,"max_hp_loss":0,"event_name":"The Woman in Blue","floor":3,"gold_loss":0},{"damage_healed":0,"gold_gain":175,"player_choice":"AGREE","damage_taken":0,"max_hp_gain":0,"max_hp_loss":0,"event_name":"Liars Game","floor":8,"gold_loss":0,"cards_obtained":["Doubt"]},{"damage_healed":0,"gold_gain":0,"player_choice":"Searched \u00271\u0027 times","damage_taken":0,"max_hp_gain":0,"max_hp_loss":0,"event_name":"Dead Adventurer","floor":11,"gold_loss":0}],"is_beta":false,"boss_relics":[],"items_purged_floors":[5],"is_endless":false,"potions_floor_spawned":[11],"killed_by":"Hexaghost","ascension_level":4}