{"gold_per_floor":[362,375,375,48,62,62,79,91,91,119,137,170,170],"floor_reached":13,"playtime":753,"items_purged":["Defend_R"],"score":136,"play_id":"7945eed5-b055-4707-9bda-5423752b032b","local_time":"20190314143818","is_ascension_mode":true,"campfire_choices":[{"data":"Armaments","floor":6.0,"key":"SMITH"}],"neow_cost":"PERCENT_DAMAGE","seed_source_timestamp":2485226371155925,"circlet_count":0,"master_deck":["Strike_R","Strike_R","Strike_R+1","Strike_R","Strike_R","Defend_R","Defend_R+1","Defend_R","Bash","Armaments+1","Inflame","Perfected Strike","Offering","Twin Strike","Havoc","Twin Strike","Warcry","Whirlwind","Battle Trance","Spot Weakness"],"special_seed":0,"relics":["Burning Blood","Dodecahedron","Frozen Egg 2","Dream Catcher"],"potions_floor_usage":[10,12,13],"damage_taken":[{"damage":7.0,"enemies":"Jaw Worm","floor":1.0,"turns":5.0},{"damage":0.0,"enemies":"2 Louse","floor":2.0,"turns":5.0},{"damage":6.0,"enemies":"Cultist","floor":5.0,"turns":2.0},{"damage":13,"enemies":"Large Slime","floor":7,"turns":4},{"damage":6,"enemies":"3 Louse","floor":8,"turns":3},{"damage":16,"enemies":"3 Sentries","floor":10,"turns":5},{"damage":6,"enemies":"Looter","floor":11,"turns":2},{"damage":21,"enemies":"Lagavulin","floor":12,"turns":3},{"damage":16,"enemies":"Exordium Thugs","floor":13,"turns":2}],"seed_played":"9058896874062205364","potions_obtained":[{"floor":1.0,"key":"PowerPotion"},{"floor":7,"key":"Swift Potion"},{"floor":10,"key":"FearPotion"}],"is_trial":false,"path_per_floor":["M","M","?","$","M","R","M","M","T","E","M","E","M"],"character_chosen":"IRONCLAD","items_purchased":["Perfected Strike","Offering","Twin Strike"],"campfire_rested":0,"item_purchase_floors":[4,4,4],"current_hp_per_floor":[50,56,40,40,40,40,33,33,33,23,23,8,0],"gold":170,"neow_bonus":"TWO_FIFTY_GOLD","is_prod":false,"is_daily":false,"chose_seed":false,"campfire_upgraded":1,"win_rate":0,"timestamp":1552541898,"path_taken":["M","M","?","$","M","R","M","M","T","E","M","E","M"],"build_version":"2019-01-23","purchased_purges":1,"victory":false,"max_hp_per_floor":[80,80,80,80,80,80,80,80,80,80,80,80,80],"card_choices":[{"not_picked":["Feel No Pain","Power Through"],"picked":"Armaments","floor":1.0},{"not_picked":["Pommel Strike","Cleave"],"picked":"Inflame","floor":2.0},{"not_picked":["Corruption","Sword Boomerang"],"picked":"Havoc","floor":5.0},{"not_picked":["Cleave","Hemokinesis"],"picked":"Twin Strike","floor":7},{"not_picked":["Bloodletting","Bludgeon"],"picked":"Warcry","floor":8},{"not_picked":["Sever Soul","Pommel Strike"],"picked":"Whirlwind","floor":10},{"not_picked":["Headbutt","Infernal Blade"],"picked":"Battle Trance","floor":11},{"not_picked":["Clothesline","Burning Pact"],"picked":"Spot Weakness","floor":12}],"player_experience":358959,"relics_obtained":[{"floor":9,"key":"Dodecahedron"},{"floor":10,"key":"Frozen Egg 2"},{"floor":12,"key":"Dream Catcher"}],"event_choices":[{"damage_healed":0.0,"max_hp_gain":0.0,"max_hp_loss":0.0,"gold_gain":0.0,"event_name":"Shining Light","player_choice":"Entered Light","floor":3.0,"gold_loss":0.0,"damage_taken":16.0,"cards_upgraded":["Strike_R","Defend_R"]}],"is_beta":false,"boss_relics":[],"items_purged_floors":[4],"is_endless":false,"potions_floor_spawned":[1,7,10],"killed_by":"Exordium Thugs","ascension_level":8}