{"gold_per_floor":[112,122,122,122,69,98,98,110,133,170,182,227,274,300,312,324],"floor_reached":16,"playtime":475,"items_purged":[],"score":186,"play_id":"506d997f-41c0-4977-8d33-a14029174428","local_time":"20181009004828","is_ascension_mode":true,"campfire_choices":[{"data":"Limit Break","floor":7.0,"key":"SMITH"},{"data":"Whirlwind","floor":11.0,"key":"SMITH"},{"data":"Barricade","floor":15,"key":"SMITH"}],"neow_cost":"NONE","seed_source_timestamp":438323192901130,"circlet_count":0,"master_deck":["Strike_R","Strike_R","Strike_R","Strike_R","Strike_R","Defend_R","Defend_R","Defend_R","Defend_R","Bash","Flex+1","Pommel Strike","True Grit","Limit Break+1","Whirlwind+1","Shockwave","Wild Strike","Clothesline","Barricade+1"],"special_seed":0,"relics":["Burning Blood","Pen Nib","PreservedInsect","MawBank","Bag of Marbles","Orichalcum","Blue Candle"],"potions_floor_usage":[],"damage_taken":[{"damage":5.0,"enemies":"Small Slimes","floor":1.0,"turns":3.0},{"damage":1.0,"enemies":"Cultist","floor":2.0,"turns":3.0},{"damage":35.0,"enemies":"3 Sentries","floor":6.0,"turns":9.0},{"damage":2.0,"enemies":"Jaw Worm","floor":8.0,"turns":3.0},{"damage":16.0,"enemies":"Lagavulin","floor":10.0,"turns":4.0},{"damage":0,"enemies":"Gremlin Nob","floor":12,"turns":3},{"damage":0,"enemies":"Gremlin Nob","floor":13,"turns":2},{"damage":2,"enemies":"3 Louse","floor":14,"turns":2},{"damage":60,"enemies":"Hexaghost","floor":16,"turns":9}],"seed_played":"-3526484160756940260","potions_obtained":[{"floor":2.0,"key":"Swift Potion"},{"floor":8.0,"key":"EssenceOfSteel"},{"floor":12,"key":"Weak Potion"},{"floor":14,"key":"Fire Potion"}],"is_trial":false,"path_per_floor":["M","M","$","?","$","E","R","M","T","E","R","?","E","M","R"],"character_chosen":"IRONCLAD","items_purchased":["True Grit"],"campfire_rested":0,"item_purchase_floors":[5],"current_hp_per_floor":[73,78,78,78,78,49,49,53,53,43,43,49,55,59,59,0],"gold":324,"neow_bonus":"RANDOM_COMMON_RELIC","is_prod":false,"is_daily":false,"chose_seed":false,"campfire_upgraded":3,"win_rate":0,"timestamp":1539067708,"path_taken":["M","M","$","?","$","E","R","M","T","E","R","?","E","M","R","BOSS"],"build_version":"2018-10-04v2","purchased_purges":0,"victory":false,"max_hp_per_floor":[80,80,80,80,80,80,80,80,80,80,80,80,80,80,80,80],"card_choices":[{"not_picked":["Cleave","Ghostly Armor"],"picked":"Flex","floor":1.0},{"not_picked":["Sever Soul","Bloodletting"],"picked":"Pommel Strike","floor":2.0},{"not_picked":["Thunderclap","Flex"],"picked":"Limit Break","floor":6.0},{"not_picked":["Feel No Pain","Havoc"],"picked":"Whirlwind","floor":8.0},{"not_picked":["Havoc","Rage"],"picked":"Shockwave","floor":10.0},{"not_picked":["Clothesline","Armaments"],"picked":"Wild Strike","floor":12},{"not_picked":["Flex","Iron Wave"],"picked":"Clothesline","floor":13},{"not_picked":["True Grit","Sever Soul","Barricade"],"picked":"SKIP","floor":14},{"not_picked":["True Grit","Sever Soul"],"picked":"Barricade","floor":14}],"player_experience":505735,"relics_obtained":[{"floor":6.0,"key":"PreservedInsect"},{"floor":9.0,"key":"MawBank"},{"floor":10.0,"key":"Bag of Marbles"},{"floor":12,"key":"Orichalcum"},{"floor":13,"key":"Blue Candle"}],"event_choices":[{"event_name":"Accursed Blacksmith","player_choice":"Forge","floor":4.0,"damage_taken":0.0},{"event_name":"Dead Adventurer","player_choice":"Searched \u00273\u0027 times","floor":12,"damage_taken":0}],"is_beta":false,"boss_relics":[],"items_purged_floors":[],"is_endless":false,"potions_floor_spawned":[2,8,12,14],"killed_by":"Hexaghost","ascension_level":6}