{"gold_per_floor":[112,123,141,91,91,91,126,126,202,222,222,115,115,134,134,239,239,258,271,38,56,76,76,106,106,158,190,190,190,205,222,222,322,322,337,352,364,388,388],"floor_reached":39,"playtime":1407,"items_purged":[],"score":423,"play_id":"11ac1e08-5598-490d-bb0c-e49e86dd7b24","local_time":"20180925140902","is_ascension_mode":false,"campfire_choices":[{"data":"Neutralize","floor":6.0,"key":"SMITH"},{"data":"Calculated Gamble","floor":8.0,"key":"SMITH"},{"data":"Cloak And Dagger","floor":11.0,"key":"SMITH"},{"data":"Noxious Fumes","floor":15.0,"key":"SMITH"},{"floor":23,"key":"REST"},{"floor":25,"key":"REST"},{"data":"Tools of the Trade","floor":28,"key":"SMITH"},{"floor":32,"key":"REST"}],"neow_cost":"NONE","seed_source_timestamp":0,"circlet_count":0,"master_deck":["Defend_G","Defend_G","Defend_G","Defend_G","Strike_G","Strike_G+1","Strike_G","Strike_G","Survivor","Neutralize+1","Phantasmal Killer+1","Calculated Gamble+1","Deadly Poison","Cloak And Dagger+1","Poisoned Stab","Flying Knee+1","Noxious Fumes+1","Dash","Escape Plan","Tools of the Trade+1","Masterful Stab+1","Sucker Punch","Acrobatics","Panacea","Conserve Battery","Quick Slash+1","Regret"],"special_seed":0,"relics":["Ring of the Snake","Art of War","Tiny Chest","Busted Crown","PrismaticShard","Whetstone","Vajra","Regal Pillow","Paper Crane","Cursed Key","Strawberry"],"potions_floor_usage":[30,30,30,37],"damage_taken":[{"damage":3.0,"enemies":"Jaw Worm","floor":1.0,"turns":7.0},{"damage":0.0,"enemies":"2 Louse","floor":2.0,"turns":2.0},{"damage":2.0,"enemies":"Small Slimes","floor":3.0,"turns":3.0},{"damage":26.0,"enemies":"Gremlin Nob","floor":7.0,"turns":5.0},{"damage":0.0,"enemies":"Exordium Thugs","floor":10.0,"turns":4.0},{"damage":6.0,"enemies":"Exordium Wildlife","floor":14.0,"turns":2.0},{"damage":16.0,"enemies":"The Guardian","floor":16.0,"turns":8.0},{"damage":2,"enemies":"Shell Parasite","floor":18,"turns":5},{"damage":0,"enemies":"Chosen","floor":19,"turns":4},{"damage":19,"enemies":"Shelled Parasite and Fungi","floor":21,"turns":6},{"damage":11,"enemies":"Snecko","floor":22,"turns":5},{"damage":39,"enemies":"Slavers","floor":24,"turns":6},{"damage":22,"enemies":"Gremlin Leader","floor":27,"turns":7},{"damage":1,"enemies":"Cultist and Chosen","floor":30,"turns":4},{"damage":1,"enemies":"3 Cultists","floor":31,"turns":4},{"damage":58,"enemies":"Automaton","floor":33,"turns":11},{"damage":15,"enemies":"3 Shapes","floor":35,"turns":4},{"damage":4,"enemies":"Orb Walker","floor":36,"turns":3},{"damage":30,"enemies":"Maw","floor":37,"turns":7},{"damage":0,"enemies":"Sphere and 2 Shapes","floor":39,"turns":1}],"seed_played":"7045515715342820739","potions_obtained":[{"floor":1.0,"key":"EssenceOfSteel"},{"floor":2.0,"key":"Explosive Potion"},{"floor":14.0,"key":"Ancient Potion"},{"floor":16.0,"key":"Weak Potion"},{"floor":19,"key":"Regen Potion"},{"floor":31,"key":"Ancient Potion"},{"floor":33,"key":"Weak Potion"},{"floor":36,"key":"Swift Potion"}],"is_trial":false,"path_per_floor":["M","M","M","?","?","R","E","R","T","M","R","$","?","M","R","B",null,"M","M","$","M","M","R","E","R","T","E","R","T","M","M","R","B",null,"M","M","M","T"],"character_chosen":"THE_SILENT","items_purchased":["Noxious Fumes","Dash","PrismaticShard","Acrobatics"],"campfire_rested":3,"item_purchase_floors":[12,12,20,20],"current_hp_per_floor":[67,67,65,65,65,65,39,39,39,39,39,39,39,33,33,17,70,68,68,68,49,38,59,20,41,41,19,19,19,27,26,62,4,70,55,51,21,28,28],"gold":388,"neow_bonus":"ONE_RANDOM_RARE_CARD","is_prod":false,"is_daily":false,"chose_seed":false,"campfire_upgraded":5,"win_rate":0,"timestamp":1537906142,"path_taken":["M","M","M","?","?","R","E","R","T","?","R","?","?","M","R","BOSS","M","M","$","M","M","R","E","R","T","E","R","?","M","M","R","BOSS","M","M","?","?","M"],"build_version":"2018-09-20","purchased_purges":0,"victory":false,"max_hp_per_floor":[70,70,70,70,70,70,70,70,70,70,70,70,70,70,70,70,70,70,70,70,70,70,70,70,70,70,70,70,70,70,70,70,70,70,70,70,70,77,77],"card_choices":[{"not_picked":["Eviscerate","PiercingWail"],"picked":"Calculated Gamble","floor":1.0},{"not_picked":["Concentrate","Setup"],"picked":"Deadly Poison","floor":2.0},{"not_picked":["Footwork","Choke"],"picked":"Cloak And Dagger","floor":3.0},{"not_picked":["Predator","Endless Agony"],"picked":"Poisoned Stab","floor":7.0},{"not_picked":["Riddle With Holes","Blade Dance"],"picked":"Flying Knee","floor":10.0},{"not_picked":["Expertise","Outmaneuver"],"picked":"Escape Plan","floor":14.0},{"not_picked":["Grand Finale","Glass Knife"],"picked":"Tools of the Trade","floor":16.0},{"not_picked":[],"picked":"Masterful Stab+1","floor":18},{"not_picked":[],"picked":"Sucker Punch","floor":19},{"not_picked":["Hemokinesis"],"picked":"SKIP","floor":21},{"not_picked":["PanicButton"],"picked":"SKIP","floor":22},{"not_picked":["Reflex"],"picked":"SKIP","floor":24},{"not_picked":[],"picked":"Panacea","floor":27},{"not_picked":["Stack"],"picked":"SKIP","floor":30},{"not_picked":[],"picked":"Conserve Battery","floor":31},{"not_picked":[],"picked":"Quick Slash+1","floor":35},{"not_picked":["Barrage+1"],"picked":"SKIP","floor":36},{"not_picked":["Hemokinesis"],"picked":"SKIP","floor":37}],"player_experience":489479,"relics_obtained":[{"floor":7.0,"key":"Art of War"},{"floor":9.0,"key":"Tiny Chest"},{"floor":24,"key":"Whetstone"},{"floor":26,"key":"Vajra"},{"floor":27,"key":"Regal Pillow"},{"floor":29,"key":"Paper Crane"},{"floor":38,"key":"Strawberry"}],"event_choices":[{"event_name":"The Cleric","player_choice":"Card Removal","floor":4.0,"damage_taken":0.0},{"event_name":"Accursed Blacksmith","player_choice":"Forge","floor":5.0,"damage_taken":0.0},{"event_name":"Purifier","player_choice":"One Purge","floor":13.0,"damage_taken":0.0}],"is_beta":false,"boss_relics":[{"not_picked":["Lizard Tail","Runic Pyramid"],"picked":"Busted Crown"},{"not_picked":["Eternal Feather","Calling Bell"],"picked":"Cursed Key"}],"items_purged_floors":[],"is_endless":false,"potions_floor_spawned":[1,2,14,16,19,21,31,33,36],"killed_by":"Sphere and 2 Shapes","ascension_level":0}