{"gold_per_floor":[116,131,131,131,56,90,90,110,183,203,236,33,49,49,49,174,174,199,240,260,273,372,372,412,435,462,487,487,506,524,144,144,144],"floor_reached":33,"playtime":1922,"items_purged":["Strike_G","Accuracy"],"score":279,"play_id":"c527c0f5-7f94-493e-ad84-70bac31eb5b2","local_time":"20180707022549","is_ascension_mode":false,"campfire_choices":[{"data":"Venomology","floor":7,"key":"SMITH"},{"floor":15,"key":"REST"},{"floor":23,"key":"REST"},{"floor":28,"key":"REST"},{"floor":32,"key":"REST"}],"neow_cost":"NONE","seed_source_timestamp":459756467820701,"circlet_count":0,"master_deck":["Defend_G","Defend_G+1","Defend_G","Defend_G","Defend_G","Strike_G","Strike_G","Strike_G","Strike_G","Survivor","Neutralize","Catalyst+1","Deadly Poison","Sucker Punch","Sucker Punch","All Out Attack","Flying Knee","Venomology+1","Malaise","Bane","PiercingWail","Bane","Corpse Explosion","Backflip","Backflip","Dagger Throw","Noxious Fumes","Decay","Deadly Poison+1","Trip","Crippling Poison"],"relics":["Orrery","Potion Belt","Ornamental Fan","Mango","Strange Spoon","Golden Idol","Cursed Key","Red Mask","Girya","Blood Vial","Art of War"],"potions_floor_usage":[11,16,16,16,16,19,19,20,24,24,24,27,27,27,33,33,33,33],"damage_taken":[{"damage":0,"enemies":"Cultist","floor":1,"turns":4},{"damage":5,"enemies":"Jaw Worm","floor":2,"turns":4},{"damage":10,"enemies":"Lagavulin","floor":6,"turns":6},{"damage":0,"enemies":"2 Louse","floor":8,"turns":3},{"damage":22,"enemies":"Exordium Wildlife","floor":10,"turns":5},{"damage":15,"enemies":"Gremlin Nob","floor":11,"turns":4},{"damage":8,"enemies":"Blue Slaver","floor":13,"turns":5},{"damage":32,"enemies":"The Guardian","floor":16,"turns":14},{"damage":5,"enemies":"Chosen","floor":18,"turns":5},{"damage":43,"floor":19,"turns":4},{"damage":11,"enemies":"Spheric Guardian","floor":20,"turns":5},{"damage":27,"enemies":"Snake Plant","floor":21,"turns":7},{"damage":19,"enemies":"Gremlin Leader","floor":24,"turns":8},{"damage":25,"enemies":"Snecko","floor":25,"turns":8},{"damage":10,"enemies":"Sentry and Sphere","floor":27,"turns":4},{"damage":15,"enemies":"Snake Plant","floor":29,"turns":4},{"damage":0,"enemies":"3 Cultists","floor":30,"turns":2},{"damage":57,"enemies":"Automaton","floor":33,"turns":8}],"seed_played":"6867662308682840354","potions_obtained":[{"floor":2,"key":"SpeedPotion"},{"floor":8,"key":"Explosive Potion"},{"floor":10,"key":"FairyPotion"},{"floor":11,"key":"FearPotion"},{"floor":18,"key":"SpeedPotion"},{"floor":29,"key":"Poison Potion"}],"is_trial":false,"path_per_floor":["M","M","?","?","$","E","R","M","T","M","E","$","M","?","R","B",null,"M","?","M","M","?","R","E","M","T","M","R","M","M","$","R"],"character_chosen":"THE_SILENT","items_purchased":["Strange Spoon","Art of War","Trip","Crippling Poison"],"campfire_rested":4,"item_purchase_floors":[12,31,31,31],"current_hp_per_floor":[70,65,70,55,55,45,45,45,45,23,22,22,14,14,38,6,82,77,34,35,8,8,32,28,3,3,7,31,18,20,20,44,0],"gold":144,"neow_bonus":"BOSS_RELIC","is_prod":false,"is_daily":false,"chose_seed":false,"campfire_upgraded":1,"win_rate":0.0,"timestamp":1530951949,"path_taken":["M","M","?","?","?","E","R","M","T","M","E","$","?","?","R","BOSS","M","?","M","M","?","R","E","M","T","M","R","M","M","$","R","BOSS"],"build_version":"2018-07-05","purchased_purges":2,"victory":false,"max_hp_per_floor":[70,70,75,75,75,75,75,75,75,75,89,89,89,82,82,82,82,82,82,82,82,82,82,82,82,82,82,82,82,82,82,82,82],"card_choices":[{"not_picked":["Acrobatics","PiercingWail"],"picked":"Catalyst","floor":0},{"not_picked":["Skewer","Caltrops"],"picked":"Deadly Poison","floor":0},{"not_picked":["Prepared","Bane"],"picked":"Sucker Punch","floor":0},{"not_picked":["Bullet Time","Bane"],"picked":"Sucker Punch","floor":0},{"not_picked":["Quick Slash","Dagger Spray"],"picked":"Accuracy","floor":0},{"not_picked":["Deadly Poison","Dodge and Roll"],"picked":"All Out Attack","floor":1},{"not_picked":["Concentrate","Dagger Throw"],"picked":"Flying Knee","floor":2},{"not_picked":["Cloak And Dagger","Prepared"],"picked":"Venomology","floor":6},{"not_picked":["Dodge and Roll","Acrobatics"],"picked":"Malaise","floor":8},{"not_picked":["Underhanded Strike","Choke"],"picked":"Bane","floor":10},{"not_picked":["Caltrops","Flechettes"],"picked":"PiercingWail","floor":11},{"not_picked":["Flechettes","Cloak And Dagger"],"picked":"Bane","floor":13},{"not_picked":["Storm of Steel","Glass Knife"],"picked":"Corpse Explosion","floor":16},{"not_picked":["Dagger Spray","Dagger Throw"],"picked":"Backflip","floor":18},{"not_picked":["Skewer","Deflect"],"picked":"Backflip","floor":19},{"not_picked":["Underhanded Strike+1","Accuracy"],"picked":"Dagger Throw","floor":20},{"not_picked":["Skewer","Heel Hook"],"picked":"Noxious Fumes","floor":21},{"not_picked":["Underhanded Strike","Outmaneuver+1","Flying Knee"],"picked":"SKIP","floor":24},{"not_picked":["Backstab","Sucker Punch+1","Blade Dance"],"picked":"SKIP","floor":25},{"not_picked":["Dagger Spray","Flechettes","Acrobatics"],"picked":"SKIP","floor":27},{"not_picked":["Expertise","Calculated Gamble"],"picked":"Deadly Poison+1","floor":29},{"not_picked":["Sucker Punch","Eviscerate","Outmaneuver"],"picked":"SKIP","floor":30}],"player_experience":158032,"relics_obtained":[{"floor":6,"key":"Potion Belt"},{"floor":9,"key":"Ornamental Fan"},{"floor":11,"key":"Mango"},{"floor":19,"key":"Red Mask"},{"floor":24,"key":"Girya"},{"floor":26,"key":"Blood Vial"}],"event_choices":[{"event_name":"Big Fish","player_choice":"Donut","floor":3,"damage_taken":0},{"event_name":"Shining Light","player_choice":"Entered Light","floor":4,"damage_taken":0},{"event_name":"Golden Idol","player_choice":"Lose Max HP","floor":14,"damage_taken":0},{"event_name":"Masked Bandits","player_choice":"Fought over 199 gold","floor":19,"damage_taken":0},{"event_name":"Nest","player_choice":"Stole From Cult","floor":22,"damage_taken":0}],"boss_relics":[{"not_picked":["Calling Bell","White Beast Statue"],"picked":"Cursed Key"}],"items_purged_floors":[5,31],"is_endless":false,"potions_floor_spawned":[2,8,10,11,18,21,29,30],"killed_by":"Automaton","ascension_level":0}