{"gold_per_floor":[118,133,133,148,160,160,174,174,221,221,61,61,76,87,87,191,191,206,131,63,80,93,93,119,119,142,142,157,174,190,209,209,209],"floor_reached":33,"playtime":1305,"items_purged":["Strike_B"],"score":263,"play_id":"f03ab654-bdfd-4f0a-bf8c-a423a560104a","local_time":"20180807014924","is_ascension_mode":false,"campfire_choices":[{"data":"Go for the Eyes","floor":6,"key":"SMITH"},{"data":"Streamline","floor":10,"key":"SMITH"},{"data":"Zap","floor":15,"key":"SMITH"},{"data":"Defragment","floor":23,"key":"SMITH"},{"floor":25,"key":"REST"},{"data":"Sunder","floor":27,"key":"SMITH"},{"floor":32,"key":"REST"}],"neow_cost":"NONE","seed_source_timestamp":1991350170011814,"circlet_count":0,"master_deck":["Strike_B+1","Strike_B+1","Strike_B","Defend_B","Defend_B","Defend_B","Defend_B","Zap+1","Dualcast","Go for the Eyes+1","Hello World","Skim","Streamline+1","Self Repair","Sunder+1","Hologram","Thunder Strike","Defragment+1","Chill","Rebound","Coolheaded"],"relics":["Busted Crown"],"potions_floor_usage":[22,33],"damage_taken":[{"damage":1,"enemies":"Jaw Worm","floor":1,"turns":3},{"damage":0,"enemies":"2 Louse","floor":2,"turns":2},{"damage":0,"enemies":"Cultist","floor":4,"turns":3},{"damage":2,"enemies":"Looter","floor":5,"turns":4},{"damage":7,"enemies":"Blue Slaver","floor":7,"turns":3},{"damage":5,"enemies":"3 Louse","floor":13,"turns":3},{"damage":6,"enemies":"Exordium Thugs","floor":14,"turns":5},{"damage":31,"enemies":"Hexaghost","floor":16,"turns":9},{"damage":19,"enemies":"Spheric Guardian","floor":18,"turns":4},{"damage":16,"enemies":"Chosen","floor":21,"turns":5},{"damage":22,"enemies":"Snake Plant","floor":22,"turns":6},{"damage":24,"enemies":"Gremlin Leader","floor":24,"turns":7},{"damage":11,"enemies":"Snecko","floor":28,"turns":4},{"damage":15,"enemies":"Slaver and Parasite","floor":29,"turns":8},{"damage":0,"enemies":"Centurion and Healer","floor":30,"turns":7},{"damage":15,"enemies":"Snecko","floor":31,"turns":5},{"damage":54,"enemies":"Champ","floor":33,"turns":10}],"seed_played":"-1561088867665248913","potions_obtained":[{"floor":1,"key":"Energy Potion"},{"floor":7,"key":"SkillPotion"},{"floor":22,"key":"Ancient Potion"},{"floor":24,"key":"FocusPotion"},{"floor":29,"key":"PowerPotion"}],"is_trial":false,"path_per_floor":["M","M","?","M","M","R","M","?","T","R","$","?","M","M","R","B",null,"M","$","$","M","M","R","E","R","T","R","M","M","M","M","R"],"character_chosen":"DEFECT","items_purchased":["Self Repair","Sunder","Hologram","Defragment"],"campfire_rested":2,"item_purchase_floors":[11,11,11,20],"current_hp_per_floor":[74,74,74,74,72,72,65,50,50,50,50,50,52,53,53,29,75,63,63,63,54,39,39,22,44,44,44,40,32,39,31,53,0],"gold":209,"neow_bonus":"BOSS_RELIC","is_prod":false,"is_daily":false,"chose_seed":false,"campfire_upgraded":5,"win_rate":0,"timestamp":1533628164,"path_taken":["M","M","?","M","M","R","M","?","T","R","$","?","M","M","R","BOSS","M","?","$","M","M","R","E","R","T","R","M","M","?","M","R","BOSS"],"build_version":"2018-08-02","purchased_purges":1,"victory":false,"max_hp_per_floor":[75,75,75,75,75,75,75,75,75,75,75,75,75,75,75,75,75,75,75,75,75,75,75,75,75,75,75,75,75,75,75,75,75],"card_choices":[{"not_picked":["Recycle"],"picked":"SKIP","floor":1},{"not_picked":[],"picked":"Go for the Eyes","floor":2},{"not_picked":[],"picked":"Hello World","floor":4},{"not_picked":[],"picked":"Skim","floor":5},{"not_picked":[],"picked":"Streamline","floor":7},{"not_picked":["Lockon"],"picked":"SKIP","floor":13},{"not_picked":["Go for the Eyes"],"picked":"SKIP","floor":14},{"not_picked":[],"picked":"Thunder Strike","floor":16},{"not_picked":["Go for the Eyes"],"picked":"SKIP","floor":18},{"not_picked":["Barrage"],"picked":"SKIP","floor":21},{"not_picked":["Recycle"],"picked":"SKIP","floor":22},{"not_picked":["Gash"],"picked":"SKIP","floor":24},{"not_picked":[],"picked":"Chill","floor":28},{"not_picked":[],"picked":"Rebound","floor":29},{"not_picked":["Steam Power"],"picked":"SKIP","floor":30},{"not_picked":[],"picked":"Coolheaded","floor":31}],"player_experience":352644,"relics_obtained":[],"event_choices":[{"event_name":"Golden Idol","player_choice":"Ignored","floor":3,"damage_taken":0},{"event_name":"Shining Light","player_choice":"Entered Light","floor":8,"damage_taken":0},{"event_name":"WeMeetAgain","player_choice":"Attack","floor":12,"damage_taken":0}],"is_beta":false,"boss_relics":[{"not_picked":["White Beast Statue","Coffee Dripper","Pandora\u0027s Box"]}],"items_purged_floors":[19],"is_endless":false,"potions_floor_spawned":[1,7,22,24,29],"killed_by":"Champ","ascension_level":0}