{"gold_per_floor":[119,42,62,62,81,81,98,118,118,128,144,164,13,27,27,124,124,141,141,156,3,3,3,31,51,51,64,64],"floor_reached":28,"playtime":1177,"items_purged":["Strike_B"],"score":248,"play_id":"35841253-f69b-4a3a-a406-87d1af3a4226","local_time":"20190313145044","is_ascension_mode":true,"campfire_choices":[{"data":"Redo","floor":6,"key":"SMITH"},{"floor":15,"key":"REST"},{"floor":23,"key":"REST"}],"neow_cost":"NONE","seed_source_timestamp":109211771510120,"circlet_count":0,"master_deck":["Strike_B","Strike_B","Defend_B","Defend_B","Defend_B","Defend_B","Zap+1","Dualcast","Redo+1","Redo","Barrage","Lockon","Steam","Defragment+1","Steam","Capacitor","Electrodynamics","Leap+1","Necronomicurse","Redo+1","Sunder","Conserve Battery"],"relics":["Cracked Core","Cables","Regal Pillow","Inserter","Necronomicon","Bottled Lightning","Pantograph"],"potions_floor_usage":[16,16,24,28,28],"damage_taken":[{"damage":2,"enemies":"Small Slimes","floor":1,"turns":3},{"damage":1,"enemies":"2 Louse","floor":3,"turns":2},{"damage":0,"enemies":"Cultist","floor":5,"turns":2},{"damage":6,"enemies":"2 Fungi Beasts","floor":7,"turns":3},{"damage":13,"enemies":"Lots of Slimes","floor":8,"turns":4},{"damage":9,"enemies":"Gremlin Gang","floor":10,"turns":3},{"damage":0,"enemies":"Looter","floor":11,"turns":2},{"damage":8,"enemies":"Red Slaver","floor":12,"turns":2},{"damage":6,"enemies":"3 Louse","floor":14,"turns":3},{"damage":41,"enemies":"Hexaghost","floor":16,"turns":9},{"damage":8,"enemies":"Shell Parasite","floor":18,"turns":5},{"damage":20,"enemies":"3 Byrds","floor":20,"turns":3},{"damage":23,"enemies":"Gremlin Leader","floor":24,"turns":6},{"damage":21,"enemies":"3 Cultists","floor":25,"turns":4},{"damage":14,"enemies":"Snake Plant","floor":27,"turns":3},{"damage":10,"enemies":"Shelled Parasite and Fungi","floor":28,"turns":3}],"seed_played":"209092512632718382","potions_obtained":[{"floor":7,"key":"FocusPotion"},{"floor":10,"key":"FearPotion"},{"floor":11,"key":"GamblersBrew"},{"floor":16,"key":"Dexterity Potion"},{"floor":20,"key":"PowerPotion"},{"floor":27,"key":"EssenceOfSteel"}],"is_trial":false,"path_per_floor":["?","?","?","M"],"character_chosen":"DEFECT","items_purchased":["Redo","Barrage","Regal Pillow","Sunder"],"campfire_rested":2,"item_purchase_floors":[2,2,13,21],"current_hp_per_floor":[73,73,72,72,72,72,66,53,53,44,44,36,36,30,67,26,75,67,51,31,31,31,68,45,24,24,10,0],"gold":64,"neow_bonus":"UPGRADE_CARD","is_prod":false,"is_daily":false,"chose_seed":false,"campfire_upgraded":1,"win_rate":0,"timestamp":1552485044,"path_taken":["M","$","M","?","M","R","M","M","T","M","M","M","$","M","R","BOSS","M","?","M","$","?","R","E","M","T","M","?"],"build_version":"2019-01-23","purchased_purges":1,"victory":false,"max_hp_per_floor":[75,75,75,75,75,75,75,75,75,75,75,75,75,75,75,75,75,75,75,75,75,75,75,75,75,75,75,75],"card_choices":[{"not_picked":["Leap","Coolheaded"],"picked":"Redo","floor":1},{"not_picked":["Beam Cell","Cold Snap"],"picked":"Lockon","floor":3},{"not_picked":["Stack","Reinforced Body"],"picked":"Steam","floor":5},{"not_picked":["Hologram","Scrape","Turbo"],"picked":"SKIP","floor":7},{"not_picked":["Blizzard","Genetic Algorithm"],"picked":"Defragment","floor":8},{"not_picked":["Skim","Stack"],"picked":"Steam","floor":10},{"not_picked":["Genetic Algorithm","Coolheaded","Barrage"],"picked":"SKIP","floor":11},{"not_picked":["Darkness","Gash"],"picked":"Capacitor","floor":12},{"not_picked":["Heatsinks","Rip and Tear","Hello World"],"picked":"SKIP","floor":14},{"not_picked":["Rainbow","Echo Form"],"picked":"Electrodynamics","floor":16},{"not_picked":["Double Energy","Chaos"],"picked":"Leap+1","floor":18},{"not_picked":["Go for the Eyes","Reinforced Body"],"picked":"Redo+1","floor":20},{"not_picked":["Steam","Coolheaded+1","Go for the Eyes+1"],"picked":"SKIP","floor":24},{"not_picked":["Force Field","Sweeping Beam+1"],"picked":"Conserve Battery","floor":25},{"not_picked":["Scrape","Rip and Tear+1","Blizzard"],"picked":"SKIP","floor":27}],"player_experience":251755,"relics_obtained":[{"floor":9,"key":"Cables"},{"floor":19,"key":"Necronomicon"},{"floor":24,"key":"Bottled Lightning"},{"floor":26,"key":"Pantograph"}],"event_choices":[{"cards_removed":["Strike_B"],"damage_healed":0,"gold_gain":0,"player_choice":"Forget","damage_taken":0,"max_hp_gain":0,"max_hp_loss":0,"event_name":"Living Wall","floor":4,"gold_loss":0},{"damage_healed":0,"gold_gain":0,"player_choice":"Obtained Book","damage_taken":16,"max_hp_gain":0,"max_hp_loss":0,"event_name":"Cursed Tome","floor":19,"gold_loss":0},{"damage_healed":0,"gold_gain":0,"player_choice":"Forge","damage_taken":0,"max_hp_gain":0,"max_hp_loss":0,"event_name":"Accursed Blacksmith","floor":22,"gold_loss":0,"cards_upgraded":["Defragment"]}],"is_beta":false,"boss_relics":[{"not_picked":["Eternal Feather","Sozu"],"picked":"Inserter"}],"items_purged_floors":[21],"is_endless":false,"potions_floor_spawned":[7,10,11,16,20,27],"killed_by":"Shelled Parasite and Fungi","ascension_level":1}