{"gold_per_floor":[111,124,143,143,143,174,174,187,187,202,215,215,246,260,260,357,357,373,5,104,117,117,117,152,152,152,252,162,176,205,13,13,116,116,134,149,161,39,56,56,82,82,155,183,196,196,228,7,7,7,7,7,7,7],"floor_reached":54,"playtime":3547,"items_purged":["Strike_G","Defend_G","Flechettes+1"],"score":1250,"play_id":"441da6f8-c378-494d-ae6b-8ce6640a04ad","local_time":"20181121162623","is_ascension_mode":true,"campfire_choices":[{"data":"Adrenaline","floor":7.0,"key":"SMITH"},{"floor":12.0,"key":"REST"},{"data":"After Image","floor":15.0,"key":"SMITH"},{"data":"A Thousand Cuts","floor":23.0,"key":"SMITH"},{"floor":25.0,"key":"RECALL"},{"data":"Well Laid Plans","floor":32.0,"key":"SMITH"},{"data":"Calculated Gamble","floor":40.0,"key":"SMITH"},{"data":"Backflip","floor":42.0,"key":"SMITH"},{"data":"Blade Dance","floor":49.0,"key":"SMITH"},{"data":"Sucker Punch","floor":52,"key":"SMITH"}],"neow_cost":"NONE","seed_source_timestamp":876913120105815,"circlet_count":0,"master_deck":["AscendersBane","Defend_G","Defend_G","Defend_G+1","Survivor+1","Neutralize+1","Noxious Fumes","Backflip+1","Poisoned Stab","Forethought","Adrenaline+1","Dagger Throw","Crippling Poison","A Thousand Cuts+1","Well Laid Plans+1","Sucker Punch+1","After Image+1","Dagger Throw+1","Unload+1","Poisoned Stab+1","Noxious Fumes+1","Predator+1","Backflip+1","Bite+1","Bite+1","Bite+1","Bite+1","Bite+1","Infinite Blades+1","Sucker Punch+1","Infinite Blades+1","All Out Attack+1","Glass Knife+1","Wraith Form v2+1","Backflip+1","Calculated Gamble+1","Leg Sweep+1","Accuracy+1","Dash+1","Sucker Punch+1","Blade Dance+1"],"special_seed":0,"relics":["Ring of the Snake","Bag of Preparation","Paper Crane","The Courier","Molten Egg 2","Eternal Feather","Frozen Egg 2","Blood Vial","Peace Pipe","Ninja Scroll","MawBank","Philosopher\u0027s Stone","Vajra","Meat on the Bone","Gremlin Horn","Question Card","Bottled Flame","Nunchaku","Snake Skull"],"potions_floor_usage":[50],"damage_taken":[{"damage":3.0,"enemies":"Jaw Worm","floor":1.0,"turns":8.0},{"damage":0.0,"enemies":"Cultist","floor":2.0,"turns":4.0},{"damage":1.0,"enemies":"Small Slimes","floor":3.0,"turns":4.0},{"damage":6.0,"enemies":"Gremlin Nob","floor":6.0,"turns":3.0},{"damage":1.0,"enemies":"3 Louse","floor":8.0,"turns":3.0},{"damage":5.0,"enemies":"2 Fungi Beasts","floor":10.0,"turns":3.0},{"damage":2.0,"enemies":"Gremlin Gang","floor":11.0,"turns":5.0},{"damage":10.0,"enemies":"3 Sentries","floor":13.0,"turns":6.0},{"damage":10.0,"enemies":"Lots of Slimes","floor":14.0,"turns":3.0},{"damage":3.0,"enemies":"Hexaghost","floor":16.0,"turns":11.0},{"damage":7.0,"enemies":"Spheric Guardian","floor":18.0,"turns":5.0},{"damage":0.0,"enemies":"Chosen","floor":21.0,"turns":5.0},{"damage":36.0,"enemies":"Book of Stabbing","floor":24.0,"turns":6.0},{"damage":1.0,"enemies":"Colosseum Slavers","floor":27.0,"turns":4.0},{"damage":31.0,"enemies":"Colosseum Nobs","floor":27.0,"turns":5.0},{"damage":1.0,"enemies":"Centurion and Healer","floor":29.0,"turns":7.0},{"damage":36.0,"enemies":"Slavers","floor":30.0,"turns":7.0},{"damage":36.0,"enemies":"Automaton","floor":33.0,"turns":10.0},{"damage":1.0,"enemies":"Orb Walker","floor":35.0,"turns":4.0},{"damage":12.0,"enemies":"3 Darklings","floor":36.0,"turns":5.0},{"damage":27.0,"enemies":"Sphere and 2 Shapes","floor":37.0,"turns":5.0},{"damage":12.0,"enemies":"Jaw Worm Horde","floor":39.0,"turns":6.0},{"damage":15.0,"enemies":"Reptomancer","floor":41.0,"turns":7.0},{"damage":17.0,"enemies":"Nemesis","floor":44.0,"turns":7.0},{"damage":0.0,"enemies":"Transient","floor":45.0,"turns":5.0},{"damage":10.0,"enemies":"Reptomancer","floor":47.0,"turns":7.0},{"damage":37,"enemies":"Donu and Deca","floor":50,"turns":10},{"damage":53,"enemies":"Shield and Spear","floor":54,"turns":3}],"seed_played":"-221528537302995447","potions_obtained":[{"floor":1.0,"key":"FearPotion"},{"floor":3.0,"key":"Block Potion"},{"floor":8.0,"key":"Swift Potion"},{"floor":18.0,"key":"Explosive Potion"},{"floor":24.0,"key":"LiquidBronze"},{"floor":27.0,"key":"Poison Potion"},{"floor":29.0,"key":"Dexterity Potion"},{"floor":33.0,"key":"Weak Potion"},{"floor":35.0,"key":"EssenceOfSteel"},{"floor":37.0,"key":"Fire Potion"},{"floor":44.0,"key":"PowerPotion"}],"is_trial":false,"path_per_floor":["M","M","M","?","?","E","R","M","T","M","M","R","E","M","R","B",null,"M","$","?","M","?","R","E","R","T","?","?","M","E","$","R","B",null,"M","M","M","$","M","R","E","R","T","E","M","T","E","$","R","B",null,"R","$","E"],"character_chosen":"THE_SILENT","items_purchased":["Frozen Egg 2","Noxious Fumes+1","Predator+1","Glass Knife+1","Vajra","Snake Skull"],"campfire_rested":1,"item_purchase_floors":[19,19,19,31,38,48],"current_hp_per_floor":[60,60,59,45,45,39,39,38,38,33,31,52,42,32,32,29,60,53,53,53,53,49,49,22,40,40,24,24,46,33,33,49,37,46,49,49,31,31,36,49,46,49,49,40,49,49,49,49,49,28,44,49,49,0],"gold":7,"neow_bonus":"RANDOM_COMMON_RELIC","is_prod":false,"is_daily":false,"chose_seed":false,"campfire_upgraded":8,"win_rate":0,"timestamp":1542842783,"path_taken":["M","M","M","?","?","E","R","?","T","M","M","R","E","?","R","BOSS","M","$","?","M","?","R","E","R","T","?","?","?","E","$","R","BOSS","M","M","?","?","M","R","E","R","T","E","M","?","E","$","R","BOSS","R","$","E"],"build_version":"2018-11-15","purchased_purges":3,"victory":false,"max_hp_per_floor":[70,70,70,70,70,70,70,70,70,70,70,70,70,70,70,70,70,70,70,70,70,49,49,49,49,49,49,49,49,49,49,49,49,49,49,49,49,49,49,49,49,49,49,49,49,49,49,49,49,49,49,49,49,49],"card_choices":[{"not_picked":["Tactician","Caltrops"],"picked":"Noxious Fumes","floor":1.0},{"not_picked":["Slice","Deflect"],"picked":"Backflip","floor":2.0},{"not_picked":["Dagger Spray","Flying Knee"],"picked":"Poisoned Stab","floor":3.0},{"not_picked":["Escape Plan","Leg Sweep"],"picked":"Crippling Poison","floor":6.0},{"not_picked":["A Thousand Cuts","Outmaneuver","Slice"],"picked":"SKIP","floor":8.0},{"not_picked":["Outmaneuver","Slice"],"picked":"A Thousand Cuts","floor":8.0},{"not_picked":["Endless Agony","Outmaneuver"],"picked":"Well Laid Plans","floor":10.0},{"not_picked":["Dagger Spray","Dodge and Roll"],"picked":"Sucker Punch","floor":11.0},{"not_picked":["Slice","Finisher"],"picked":"After Image","floor":13.0},{"not_picked":["Masterful Stab+1","Backflip"],"picked":"Dagger Throw+1","floor":14.0},{"not_picked":["Bullet Time","Grand Finale+1"],"picked":"Unload+1","floor":16.0},{"not_picked":["Flying Knee+1","Blur"],"picked":"Poisoned Stab+1","floor":18.0},{"not_picked":["Choke+1","Skewer+1"],"picked":"Backflip+1","floor":21.0},{"not_picked":["Slice+1","Choke+1"],"picked":"Infinite Blades+1","floor":24.0},{"not_picked":["Infinite Blades+1","Cloak And Dagger"],"picked":"Sucker Punch+1","floor":27.0},{"not_picked":["Blade Dance","Bane+1"],"picked":"Infinite Blades+1","floor":29.0},{"not_picked":["Backflip","Slice+1"],"picked":"All Out Attack+1","floor":30.0},{"not_picked":["Storm of Steel","Die Die Die+1"],"picked":"Wraith Form v2+1","floor":33.0},{"not_picked":["Prepared","Poisoned Stab+1"],"picked":"Backflip+1","floor":35.0},{"not_picked":["Dodge and Roll","Slice+1"],"picked":"Calculated Gamble","floor":36.0},{"not_picked":["Blur","Crippling Poison"],"picked":"Leg Sweep+1","floor":37.0},{"not_picked":["Dagger Throw+1","Slice+1"],"picked":"Accuracy+1","floor":39.0},{"not_picked":["Dagger Throw+1","Poisoned Stab+1"],"picked":"Flechettes+1","floor":41.0},{"not_picked":["Catalyst","Bane+1"],"picked":"Dash+1","floor":44.0},{"not_picked":["Flying Knee+1","Deflect","PiercingWail"],"picked":"Sucker Punch+1","floor":45.0},{"not_picked":["Choke+1","Acrobatics","Flying Knee+1"],"picked":"Blade Dance","floor":47.0}],"player_experience":643256,"relics_obtained":[{"floor":6.0,"key":"Paper Crane"},{"floor":9.0,"key":"The Courier"},{"floor":13.0,"key":"Molten Egg 2"},{"floor":24.0,"key":"Blood Vial"},{"floor":27.0,"key":"Peace Pipe"},{"floor":27.0,"key":"Ninja Scroll"},{"floor":30.0,"key":"MawBank"},{"floor":41.0,"key":"Meat on the Bone"},{"floor":43.0,"key":"Gremlin Horn"},{"floor":44.0,"key":"Question Card"},{"floor":46.0,"key":"Bottled Flame"},{"floor":47.0,"key":"Nunchaku"}],"event_choices":[{"damage_healed":0.0,"max_hp_gain":0.0,"max_hp_loss":0.0,"gold_gain":0.0,"event_name":"Shining Light","player_choice":"Entered Light","floor":4.0,"gold_loss":0.0,"damage_taken":14.0,"cards_upgraded":["Defend_G","Survivor"]},{"damage_healed":0.0,"max_hp_gain":0.0,"max_hp_loss":0.0,"gold_gain":0.0,"event_name":"Match and Keep!","player_choice":"3 cards matched","floor":5.0,"gold_loss":0.0,"damage_taken":0.0,"cards_obtained":["Forethought","Adrenaline","Dagger Throw"]},{"damage_healed":0.0,"max_hp_gain":0.0,"max_hp_loss":0.0,"gold_gain":99.0,"event_name":"Nest","player_choice":"Stole From Cult","floor":20.0,"gold_loss":0.0,"damage_taken":0.0},{"damage_healed":0.0,"max_hp_gain":0.0,"max_hp_loss":21.0,"gold_gain":0.0,"event_name":"Vampires","player_choice":"Became a vampire","floor":22.0,"gold_loss":0.0,"damage_taken":0.0,"cards_obtained":["Bite","Bite","Bite","Bite","Bite"]},{"damage_healed":0.0,"max_hp_gain":0.0,"max_hp_loss":0.0,"gold_gain":0.0,"event_name":"Colosseum","player_choice":"Fight","floor":27.0,"gold_loss":0.0,"damage_taken":0.0},{"damage_healed":0.0,"max_hp_gain":0.0,"max_hp_loss":0.0,"gold_gain":0.0,"event_name":"Colosseum","player_choice":"Fought Nobs","floor":27.0,"gold_loss":0.0,"damage_taken":0.0},{"cards_removed":["Defend_G"],"damage_healed":0.0,"max_hp_gain":0.0,"max_hp_loss":0.0,"gold_gain":0.0,"event_name":"Designer","player_choice":"Upgrade and Remove","floor":28.0,"gold_loss":90.0,"damage_taken":0.0,"cards_upgraded":["Neutralize"]}],"is_beta":false,"boss_relics":[{"not_picked":["HoveringKite","Calling Bell"],"picked":"Eternal Feather"},{"not_picked":["Orrery","Velvet Choker"],"picked":"Philosopher\u0027s Stone"}],"items_purged_floors":[19,31,48],"is_endless":false,"potions_floor_spawned":[1,3,8,18,24,27,27,29,33,35,37,44,45],"killed_by":"Shield and Spear","ascension_level":12}