{"path_per_floor":["M","?","M","$","?","E","R","M","T","M","R","E","M","M","R","B",null,"M","?","M","?","$","R","M","M","T"],"character_chosen":"THE_SILENT","items_purchased":["Masterful Stab","Regen Potion","Adrenaline","Bane","Blood Vial"],"gold_per_floor":[118,118,129,45,45,76,76,93,93,113,113,140,155,171,171,271,301,311,311,325,325,11,11,21,35,81],"floor_reached":27,"campfire_rested":3,"playtime":1699,"current_hp_per_floor":[70,56,56,56,53,53,53,49,49,36,57,50,43,32,53,35,75,55,55,37,37,37,52,35,26,26],"items_purged":[],"gold":81,"play_id":"e8926b20-cfb2-4832-a5a8-fc1f2a3cf262","is_prod":false,"is_daily":false,"is_ascension_mode":false,"campfire_upgraded":1,"path_taken":["M","?","?","$","?","E","R","?","T","M","R","E","?","M","R","BOSS","M","?","M","?","$","R","M","M","T","E"],"build_version":"2018-02-01-PROD3","purchased_purges":0,"victory":false,"master_deck":["Defend_G","Defend_G","Defend_G","Defend_G+1","Defend_G","Survivor+1","Neutralize","Outmaneuver","Noxious Fumes+1","Masterful Stab","Bouncing Flask","Predator","Bullet Time","Acrobatics","Endless Agony","Die Die Die","Glass Knife","Noxious Fumes","Predator+1","Writhe","Bane+1","Bite","Bite","Bite","Bite","Bite","Adrenaline","Bane","Dagger Throw+1","Heel Hook"],"max_hp_per_floor":[70,70,70,70,70,70,70,70,70,70,70,70,70,70,70,70,75,75,75,75,52,52,52,52,52,52],"relics":["Ring of the Snake","NeowsBlessing","Smiling Mask","Paper Crane","Girya","Oddly Smooth Stone","Tiny House","Dream Catcher","Blood Vial","Juzu Bracelet"],"card_choices":[{"not_picked":["Dagger Throw","Backflip"],"picked":"Outmaneuver"},{"not_picked":["Quick Slash","Slice"],"picked":"Noxious Fumes"},{"not_picked":["Endless Agony","PiercingWail"],"picked":"Bouncing Flask"},{"not_picked":["Backflip","Dagger Throw"],"picked":"Predator"},{"not_picked":["Bane","Heel Hook"],"picked":"Bullet Time"},{"not_picked":["Dash","Footwork"],"picked":"Acrobatics"},{"not_picked":["Poisoned Stab","Flying Knee"],"picked":"Endless Agony"},{"not_picked":["Terror","Slice"],"picked":"Die Die Die"},{"not_picked":["Night Terror","Bullet Time"],"picked":"Glass Knife"},{"not_picked":["Sucker Punch","Dagger Throw"],"picked":"Noxious Fumes"},{"not_picked":["Slice","PiercingWail"],"picked":"Predator"},{"not_picked":["Flying Knee","PiercingWail"],"picked":"Bane"},{"not_picked":["Quick Slash","Poisoned Stab"],"picked":"Dagger Throw"},{"not_picked":["Slice","Distraction"],"picked":"Heel Hook"}],"player_experience":31551,"potions_floor_usage":[14,14],"damage_taken":[{"damage":0,"enemies":"Cultist","floor":1,"turns":1},{"damage":0,"enemies":"2 Louse","floor":3,"turns":1},{"damage":0,"enemies":"3 Sentries","floor":6,"turns":1},{"damage":4,"enemies":"Blue Slaver","floor":8,"turns":3},{"damage":13,"enemies":"2 Fungi Beasts","floor":10,"turns":3},{"damage":7,"enemies":"Lagavulin","floor":12,"turns":5},{"damage":7,"enemies":"Red Slaver","floor":13,"turns":2},{"damage":26,"enemies":"Exordium Thugs","floor":14,"turns":5},{"damage":18,"enemies":"Slime Boss","floor":16,"turns":9},{"damage":20,"enemies":"Chosen","floor":18,"turns":5},{"damage":18,"enemies":"3 Byrds","floor":20,"turns":4},{"damage":21,"enemies":"3 Cultists","floor":24,"turns":4},{"damage":13,"enemies":"Snake Plant","floor":25,"turns":4},{"damage":35,"enemies":"Gremlin Leader","floor":27,"turns":6}],"event_choices":[{"event_name":"Shining Light","player_choice":"Entered Light","floor":2,"damage_taken":0},{"event_name":"Scrap Ooze","player_choice":"success","floor":5,"damage_taken":3},{"event_name":"The Mausoleum","player_choice":"Yes","floor":19,"damage_taken":0},{"event_name":"Vampires","player_choice":"Became a vampire","floor":21,"damage_taken":0}],"boss_relics":[{"not_picked":["Astrolabe","Orrery"],"picked":"Tiny House"}],"potions_floor_spawned":[10,12,13,14,24],"seed_played":"-809620209011933339","killed_by":"Gremlin Leader","ascension_level":0,"is_trial":false}