{"gold_per_floor":[116,191,191,191,210,210,245,260,308,308,308,308,331,293,293,387,387,361,361,361,382,382,398,398,323,376,394,394,408,408,443,443,443],"floor_reached":33,"playtime":1358,"items_purged":[],"score":475,"play_id":"99c8a4db-c587-4741-8d50-b5c8d409a926","local_time":"20181215002153","is_ascension_mode":true,"campfire_choices":[{"floor":6.0,"key":"REST"},{"floor":10.0,"key":"REST"},{"data":"Neutralize","floor":12,"key":"SMITH"},{"data":"Footwork","floor":15,"key":"SMITH"},{"data":"Crippling Poison","floor":24,"key":"SMITH"},{"data":"Bouncing Flask","floor":28,"key":"SMITH"},{"data":"Crippling Poison","floor":32,"key":"SMITH"}],"neow_cost":"NONE","seed_source_timestamp":13590285255176,"circlet_count":0,"master_deck":["AscendersBane","Defend_G","Defend_G+1","Defend_G","Defend_G","Defend_G","Strike_G","Strike_G","Survivor+1","Neutralize+1","Slice","Deadly Poison","Backstab","Dagger Spray","Cloak And Dagger","Footwork+1","Bullet Time","Writhe","Crippling Poison+1","Bouncing Flask+1","Backstab","After Image","Crippling Poison+1"],"special_seed":0,"relics":["Ring of the Snake","Golden Idol","Bronze Scales","Paper Crane","Art of War","Oddly Smooth Stone","Snecko Eye","War Paint","Anchor","Happy Flower","Orichalcum"],"potions_floor_usage":[16,33,33],"damage_taken":[{"damage":2.0,"enemies":"Cultist","floor":1.0,"turns":4.0},{"damage":6.0,"enemies":"Jaw Worm","floor":5.0,"turns":5.0},{"damage":34.0,"enemies":"3 Sentries","floor":7.0,"turns":10.0},{"damage":0.0,"enemies":"2 Louse","floor":8.0,"turns":2.0},{"damage":0,"enemies":"Exordium Wildlife","floor":13,"turns":3},{"damage":18,"enemies":"Hexaghost","floor":16,"turns":14},{"damage":9,"enemies":"2 Thieves","floor":18,"turns":5},{"damage":0,"enemies":"Chosen","floor":21,"turns":8},{"damage":0,"enemies":"Snecko","floor":23,"turns":6},{"damage":9,"enemies":"Cultist and Chosen","floor":27,"turns":6},{"damage":0,"enemies":"Snake Plant","floor":29,"turns":4},{"damage":0,"enemies":"Book of Stabbing","floor":31,"turns":5},{"damage":52,"enemies":"Champ","floor":33,"turns":11}],"seed_played":"-2657890321424314710","potions_obtained":[{"floor":7.0,"key":"PowerPotion"},{"floor":13,"key":"Fire Potion"},{"floor":21,"key":"Poison Potion"},{"floor":23,"key":"Energy Potion"}],"is_trial":false,"path_per_floor":["M","?","?","?","M","R","E","M","T","R","?","R","M","$","R","B",null,"M","T","?","M","?","M","R","?","T","M","R","M","?","E","R","B"],"character_chosen":"THE_SILENT","items_purchased":["Footwork"],"campfire_rested":2,"item_purchase_floors":[14],"current_hp_per_floor":[68,57,38,31,25,48,14,14,14,37,37,37,37,37,37,19,63,54,54,54,54,54,54,54,54,54,45,45,45,45,45,45,0],"gold":443,"neow_bonus":"TEN_PERCENT_HP_BONUS","is_prod":false,"is_daily":false,"chose_seed":false,"campfire_upgraded":5,"win_rate":0,"timestamp":1544862113,"path_taken":["M","?","?","?","?","R","E","M","T","R","?","R","M","$","R","BOSS","M","?","?","M","?","M","R","?","T","?","R","M","?","E","R","BOSS"],"build_version":"2018-12-13","purchased_purges":0,"victory":false,"max_hp_per_floor":[77,77,77,77,77,77,77,77,77,77,77,77,77,77,77,77,77,77,77,77,77,77,77,77,77,77,77,77,77,77,77,77,77],"card_choices":[{"not_picked":["Bane","Blade Dance"],"picked":"Slice","floor":1.0},{"not_picked":["Bouncing Flask","Blade Dance"],"picked":"Deadly Poison","floor":5.0},{"not_picked":["Dagger Spray","Choke"],"picked":"Backstab","floor":7.0},{"not_picked":["Riddle With Holes","Blade Dance"],"picked":"Dagger Spray","floor":8.0},{"not_picked":["Accuracy","Bane"],"picked":"Cloak And Dagger","floor":13},{"not_picked":["Wraith Form v2","Storm of Steel"],"picked":"Bullet Time","floor":16},{"not_picked":["Outmaneuver","PiercingWail","Blade Dance"],"picked":"SKIP","floor":18},{"not_picked":["Catalyst","Concentrate"],"picked":"Crippling Poison","floor":21},{"not_picked":["Tools of the Trade","Flying Knee"],"picked":"Bouncing Flask","floor":23},{"not_picked":["Calculated Gamble","Deadly Poison","Skewer"],"picked":"SKIP","floor":27},{"not_picked":["PiercingWail","Dagger Spray"],"picked":"Backstab","floor":29},{"not_picked":["Deflect","Outmaneuver","Dagger Throw"],"picked":"SKIP","floor":31}],"player_experience":642525,"relics_obtained":[{"floor":7.0,"key":"Paper Crane"},{"floor":9.0,"key":"Art of War"},{"floor":19,"key":"War Paint"},{"floor":26,"key":"Happy Flower"},{"floor":31,"key":"Orichalcum"}],"event_choices":[{"damage_healed":0.0,"max_hp_gain":0.0,"max_hp_loss":0.0,"gold_gain":75.0,"event_name":"World of Goop","player_choice":"Gather Gold","floor":2.0,"gold_loss":0.0,"damage_taken":11.0},{"damage_healed":0.0,"max_hp_gain":0.0,"max_hp_loss":0.0,"gold_gain":0.0,"event_name":"Golden Idol","player_choice":"Take Damage","floor":3.0,"gold_loss":0.0,"damage_taken":19.0,"relics_obtained":["Golden Idol"]},{"damage_healed":0.0,"max_hp_gain":0.0,"max_hp_loss":0.0,"gold_gain":0.0,"event_name":"Scrap Ooze","player_choice":"Success","floor":4.0,"gold_loss":0.0,"damage_taken":7.0,"relics_obtained":["Bronze Scales"]},{"damage_healed":0,"gold_gain":0,"player_choice":"Gave Potion","damage_taken":0,"relics_obtained":["Oddly Smooth Stone"],"max_hp_gain":0,"max_hp_loss":0,"event_name":"WeMeetAgain","floor":11,"gold_loss":0},{"damage_healed":0,"gold_gain":0,"player_choice":"Opened","damage_taken":0,"relics_obtained":["Anchor"],"max_hp_gain":0,"max_hp_loss":0,"event_name":"The Mausoleum","floor":20,"gold_loss":0,"cards_obtained":["Writhe"]},{"damage_healed":0,"gold_gain":0,"player_choice":"Ignored","damage_taken":0,"max_hp_gain":0,"max_hp_loss":0,"event_name":"Ghosts","floor":22,"gold_loss":0},{"cards_removed":["Strike_G"],"damage_healed":0,"gold_gain":0,"player_choice":"Gave Gold","damage_taken":0,"max_hp_gain":0,"max_hp_loss":0,"event_name":"Beggar","floor":25,"gold_loss":75},{"damage_healed":0,"gold_gain":0,"cards_transformed":["Strike_G","Strike_G"],"player_choice":"Became Test Subject","damage_taken":0,"max_hp_gain":0,"max_hp_loss":0,"event_name":"Drug Dealer","floor":30,"gold_loss":0,"cards_obtained":["After Image","Crippling Poison"]}],"is_beta":false,"boss_relics":[{"not_picked":["Pandora\u0027s Box","WristBlade"],"picked":"Snecko Eye"}],"items_purged_floors":[],"is_endless":false,"potions_floor_spawned":[7,13,21,23,27,31],"killed_by":"Champ","ascension_level":13}