{"gold_per_floor":[119,136,33,46,64,64,99,99,146,171,171,171,346,8,8,129,129,142,42,65,0,0,0,36,36,36,36,80,104,122,147,147,147],"floor_reached":33,"playtime":1037,"items_purged":["Doubt","Strike_R"],"score":366,"play_id":"94eb9eda-0a16-4b37-acc9-c19eb40eb900","local_time":"20190316160348","is_ascension_mode":true,"campfire_choices":[{"data":"Pommel Strike","floor":6,"key":"SMITH"},{"data":"Spot Weakness","floor":8,"key":"SMITH"},{"floor":12,"key":"REST"},{"data":"Flex","floor":15,"key":"SMITH"},{"floor":23,"key":"REST"},{"floor":25,"key":"REST"},{"floor":27,"key":"REST"},{"floor":32,"key":"REST"}],"neow_cost":"NONE","seed_source_timestamp":142183101254132,"circlet_count":0,"master_deck":["Strike_R","Strike_R","Strike_R","Strike_R","Defend_R","Defend_R","Defend_R","Defend_R","Bash+1","Whirlwind","Headbutt","Flex+1","Pommel Strike+1","Flex","Spot Weakness+1","Pommel Strike","Flex","Heavy Blade+1","Inflame","Pommel Strike","Pummel","Armaments+1"],"relics":["Burning Blood","Mummified Hand","Art of War","Centennial Puzzle","Golden Idol","Meat on the Bone","Philosopher\u0027s Stone","Nilry\u0027s Codex","Shuriken","Paper Frog","Potion Belt"],"potions_floor_usage":[16,20,30,33],"damage_taken":[{"damage":3,"enemies":"2 Louse","floor":1,"turns":2},{"damage":7,"enemies":"Jaw Worm","floor":2,"turns":3},{"damage":0,"enemies":"Small Slimes","floor":4,"turns":2},{"damage":2,"enemies":"2 Fungi Beasts","floor":5,"turns":3},{"damage":16,"enemies":"Gremlin Nob","floor":7,"turns":3},{"damage":35,"enemies":"Lagavulin","floor":10,"turns":4},{"damage":63,"enemies":"Hexaghost","floor":16,"turns":8},{"damage":9,"enemies":"Chosen","floor":18,"turns":2},{"damage":31,"enemies":"3 Byrds","floor":20,"turns":4},{"damage":35,"enemies":"Book of Stabbing","floor":24,"turns":3},{"damage":39,"enemies":"Gremlin Leader","floor":28,"turns":5},{"damage":17,"enemies":"Cultist and Chosen","floor":29,"turns":4},{"damage":2,"enemies":"3 Cultists","floor":30,"turns":3},{"damage":19,"enemies":"Snecko","floor":31,"turns":3},{"damage":99,"enemies":"Automaton","floor":33,"turns":6}],"seed_played":"-7480568430064995801","potions_obtained":[{"floor":5,"key":"Regen Potion"},{"floor":10,"key":"SteroidPotion"},{"floor":16,"key":"PowerPotion"},{"floor":24,"key":"Explosive Potion"},{"floor":30,"key":"SneckoOil"}],"is_trial":false,"path_per_floor":["?","?","?","?"],"character_chosen":"IRONCLAD","items_purchased":["Flex","Pommel Strike","Meat on the Bone","Flex"],"campfire_rested":5,"item_purchase_floors":[3,3,14,14],"current_hp_per_floor":[80,79,79,80,80,80,70,70,70,41,41,63,63,63,63,33,64,61,61,48,48,32,54,37,59,59,74,53,54,58,45,67,0],"gold":147,"neow_bonus":"UPGRADE_CARD","is_prod":false,"is_daily":false,"chose_seed":false,"campfire_upgraded":3,"win_rate":0,"timestamp":1552748628,"path_taken":["M","M","$","M","M","R","E","R","T","E","?","R","?","$","R","BOSS","M","$","M","?","?","R","E","R","T","R","E","M","M","M","R","BOSS"],"build_version":"2019-01-23","purchased_purges":2,"victory":false,"max_hp_per_floor":[80,80,80,80,80,80,80,80,80,80,74,74,74,74,74,74,74,74,74,74,74,74,74,74,74,74,74,74,74,74,74,74,74],"card_choices":[{"not_picked":["Clothesline","Headbutt"],"picked":"Whirlwind","floor":1},{"not_picked":["Wild Strike","Havoc"],"picked":"Headbutt","floor":2},{"not_picked":["Dropkick","Rage"],"picked":"Flex","floor":4},{"not_picked":["Havoc","Shockwave","Sever Soul"],"picked":"SKIP","floor":5},{"not_picked":["Sword Boomerang","Havoc"],"picked":"Spot Weakness","floor":7},{"not_picked":["True Grit","Rupture"],"picked":"Pommel Strike","floor":10},{"not_picked":["Hemokinesis+1","Body Slam","Sentinel"],"picked":"SKIP","floor":18},{"not_picked":["Fire Breathing+1","Cleave+1"],"picked":"Heavy Blade+1","floor":20},{"not_picked":["Iron Wave","Power Through+1"],"picked":"Inflame","floor":24},{"not_picked":["Blood for Blood","Metallicize"],"picked":"Pommel Strike","floor":28},{"not_picked":["Perfected Strike","Anger"],"picked":"Pummel","floor":29},{"not_picked":["Rupture","Warcry"],"picked":"Armaments+1","floor":30},{"not_picked":["Body Slam","Perfected Strike","Carnage"],"picked":"SKIP","floor":31}],"player_experience":343871,"relics_obtained":[{"floor":7,"key":"Mummified Hand"},{"floor":9,"key":"Art of War"},{"floor":10,"key":"Centennial Puzzle"},{"floor":22,"key":"Nilry\u0027s Codex"},{"floor":24,"key":"Shuriken"},{"floor":26,"key":"Paper Frog"},{"floor":28,"key":"Potion Belt"}],"event_choices":[{"damage_healed":0,"gold_gain":0,"player_choice":"Lose Max HP","damage_taken":0,"relics_obtained":["Golden Idol"],"max_hp_gain":0,"max_hp_loss":6,"event_name":"Golden Idol","floor":11,"gold_loss":0},{"damage_healed":0,"gold_gain":175,"player_choice":"AGREE","damage_taken":0,"max_hp_gain":0,"max_hp_loss":0,"event_name":"Liars Game","floor":13,"gold_loss":0,"cards_obtained":["Doubt"]},{"damage_healed":0,"gold_gain":0,"player_choice":"Paid Fearfully","damage_taken":0,"max_hp_gain":0,"max_hp_loss":0,"event_name":"Masked Bandits","floor":21,"gold_loss":65},{"damage_healed":0,"gold_gain":0,"player_choice":"Obtained Book","damage_taken":16,"max_hp_gain":0,"max_hp_loss":0,"event_name":"Cursed Tome","floor":22,"gold_loss":0}],"is_beta":false,"boss_relics":[{"not_picked":["Lizard Tail","Tiny House"],"picked":"Philosopher\u0027s Stone"}],"items_purged_floors":[14,19],"is_endless":false,"potions_floor_spawned":[5,10,16,24,30],"killed_by":"Automaton","ascension_level":5}