{"path_per_floor":["M","M","?","M","$","R","$","?","T","R","M","?","M","?","R","B",null,"M","?","M","?","$","R","M","R","T","?","$","M","M","M","R","B",null,"M","$","M"],"character_chosen":"DEFECT","items_purchased":["Glacier","Capacitor","Ball Lightning"],"gold_per_floor":[117,135,135,149,149,149,19,19,19,19,38,38,48,48,48,150,150,116,116,132,132,3,3,18,18,18,18,18,29,48,63,63,167,167,180,80,97,97],"floor_reached":38,"campfire_rested":2,"playtime":2127,"current_hp_per_floor":[75,69,69,69,69,69,69,69,69,69,62,47,44,44,44,7,75,53,53,37,37,37,59,52,52,52,52,52,51,51,31,53,27,75,61,61,49,0],"items_purged":["Strike_B","Defend_B"],"gold":97,"score":403,"play_id":"9d5013ca-f2ad-490b-9f41-76514c167dfe","local_time":"20180509230617","is_prod":false,"is_daily":false,"chose_seed":false,"is_ascension_mode":true,"campfire_upgraded":4,"timestamp":1525925177,"path_taken":["M","?","?","?","$","R","?","?","T","R","M","?","M","?","R","BOSS","M","?","M","?","$","R","M","R","T","?","$","M","M","M","R","BOSS","M","$","M","?"],"build_version":"2018-05-08","seed_source_timestamp":83966360985043,"purchased_purges":3,"victory":false,"master_deck":["Strike_B","Strike_B","Strike_B","Defend_B","Defend_B","Defend_B+1","Zap","Dualcast","Beam Cell+1","Double Energy+1","Seek+1","Glacier+1","Capacitor+1","White Noise+1","Buffer+1","Streamline+1","Tempest","Undo+1","Ball Lightning","Melter","Consume","Capacitor","Meteor Strike","Go for the Eyes"],"max_hp_per_floor":[75,75,75,75,75,75,75,75,75,75,75,75,75,75,75,75,75,75,75,75,75,75,75,75,75,75,75,75,75,75,75,75,75,75,75,75,75,75],"relics":["Cracked Core","Ancient Tea Set","Peace Pipe","Sozu","Gambling Chip","Black Star"],"card_choices":[{"not_picked":["Skim","Hologram"],"picked":"Beam Cell","floor":1.0},{"not_picked":["Rebound","Axe Kick"],"picked":"Double Energy","floor":2.0},{"not_picked":["Coolheaded","Reprogram"],"picked":"Seek","floor":4.0},{"not_picked":["Steam","Lockon"],"picked":"White Noise","floor":11.0},{"not_picked":["Amplify","Reboot"],"picked":"Buffer","floor":16.0},{"not_picked":["Stack","Steam"],"picked":"Streamline","floor":18.0},{"not_picked":["Buffer","Gash"],"picked":"Undo","floor":20.0},{"not_picked":["Turbo","Scrape"],"picked":"Melter","floor":29.0},{"not_picked":["Conserve Battery","Cold Snap"],"picked":"Consume","floor":30.0},{"not_picked":["Stack","Streamline"],"picked":"Capacitor","floor":31.0},{"not_picked":["Seek","Fusion"],"picked":"Meteor Strike","floor":33.0},{"not_picked":["Axe Kick","Capacitor"],"picked":"Go for the Eyes","floor":35.0}],"player_experience":74570,"potions_floor_usage":[],"damage_taken":[{"damage":0.0,"enemies":"Cultist","floor":1.0,"turns":3.0},{"damage":6.0,"enemies":"2 Louse","floor":2.0,"turns":2.0},{"damage":0.0,"enemies":"Small Slimes","floor":4.0,"turns":3.0},{"damage":7.0,"enemies":"3 Louse","floor":11.0,"turns":2.0},{"damage":3.0,"enemies":"Lots of Slimes","floor":13.0,"turns":4.0},{"damage":37.0,"enemies":"Hexaghost","floor":16.0,"turns":16.0},{"damage":22.0,"enemies":"2 Thieves","floor":18.0,"turns":5.0},{"damage":16.0,"enemies":"3 Byrds","floor":20.0,"turns":5.0},{"damage":8.0,"enemies":"Centurion and Healer","floor":24.0,"turns":9.0},{"damage":27.0,"enemies":"Snake Plant","floor":29.0,"turns":3.0},{"damage":0.0,"enemies":"Cultist and Chosen","floor":30.0,"turns":8.0},{"damage":20.0,"enemies":"Slaver and Parasite","floor":31.0,"turns":5.0},{"damage":42.0,"enemies":"Collector","floor":33.0,"turns":14.0},{"damage":14.0,"enemies":"Flame Bruiser 1 Orb","floor":35.0,"turns":6.0},{"damage":12.0,"enemies":"Orb Walker","floor":37.0,"turns":3.0},{"damage":74,"enemies":"Mysterious Sphere","floor":38,"turns":5}],"event_choices":[{"event_name":"Living Wall","player_choice":"Grow","floor":3.0,"damage_taken":0.0},{"event_name":"The Cleric","player_choice":"Leave","floor":8.0,"damage_taken":0.0},{"event_name":"Shining Light","player_choice":"Entered Light","floor":12.0,"damage_taken":0.0},{"event_name":"Upgrade Shrine","player_choice":"Upgraded","floor":14.0,"damage_taken":0.0},{"event_name":"The Library","player_choice":"Read","floor":19.0,"damage_taken":0.0},{"event_name":"Drug Dealer","player_choice":"Ignored","floor":21.0,"damage_taken":0.0},{"event_name":"Cursed Tome","player_choice":"Ignored","floor":27.0,"damage_taken":0.0},{"event_name":"Mysterious Sphere","player_choice":"Fight","floor":38,"damage_taken":0}],"boss_relics":[],"potions_floor_spawned":[2,20,24,31,35],"seed_played":"-6760153095860406600","killed_by":"Mysterious Sphere","ascension_level":2,"is_trial":false}