{"gold_per_floor":[115,290,7,7,7,7,41,60,138,165,177,177,103,129,129,202,202,214,189,217,317,12,44,44,78,78,3,3,3,19,19,19,92,92,107,126,59,59,59,84,84,110,110,127,142,42,74,84,84,84],"floor_reached":51,"playtime":5060,"items_purged":["Doubt","Defend_R"],"score":1472,"play_id":"b146aab8-6483-4528-9d86-71c7f708b26a","local_time":"20190318203610","is_ascension_mode":true,"campfire_choices":[{"data":"Body Slam","floor":6.0,"key":"SMITH"},{"data":"Armaments","floor":12.0,"key":"SMITH"},{"data":"Bash","floor":15.0,"key":"SMITH"},{"floor":24.0,"key":"REST"},{"data":"Barricade","floor":32.0,"key":"SMITH"},{"data":"Evolve","floor":41,"key":"SMITH"},{"floor":49,"key":"REST"}],"neow_cost":"NONE","seed_source_timestamp":0,"circlet_count":0,"master_deck":["AscendersBane","Defend_R","Defend_R","Defend_R","Bash+1","Body Slam+1","Feel No Pain","Metallicize","Armaments+1","Second Wind+1","Reaper","Exhume+1","Fiend Fire","Shockwave+1","Entrench+1","Shrug It Off+1","Armaments+1","Body Slam","Double Tap+1","Barricade+1","Metallicize","Dark Embrace","Evolve+1","Bloodletting+1","Ghostly Armor+1","Corruption","Parasite"],"special_seed":0,"relics":["Burning Blood","NeowsBlessing","Toolbox","Thread and Needle","Toxic Egg 2","Bronze Scales","Bag of Marbles","Orrery","Red Mask","Du-Vu Doll","Matryoshka","Magic Flower","Mummified Hand","Juzu Bracelet","Bag of Preparation","Pantograph","Unceasing Top","Centennial Puzzle","Bird Faced Urn","Empty Cage","Oddly Smooth Stone","Prayer Wheel","Potion Belt","Singing Bowl","Bottled Flame"],"potions_floor_usage":[50,50,50],"damage_taken":[{"damage":0.0,"enemies":"Jaw Worm","floor":1.0,"turns":1.0},{"damage":0.0,"enemies":"Lagavulin","floor":7.0,"turns":2.0},{"damage":9.0,"enemies":"2 Louse","floor":8.0,"turns":2.0},{"damage":9.0,"enemies":"Gremlin Nob","floor":10.0,"turns":4.0},{"damage":0.0,"enemies":"Cultist","floor":11.0,"turns":4.0},{"damage":16.0,"enemies":"Lagavulin","floor":14.0,"turns":8.0},{"damage":65.0,"enemies":"Slime Boss","floor":16.0,"turns":20.0},{"damage":8.0,"enemies":"3 Byrds","floor":18.0,"turns":5.0},{"damage":27.0,"enemies":"2 Thieves","floor":19.0,"turns":5.0},{"damage":59.0,"enemies":"Masked Bandits","floor":20.0,"turns":7.0},{"damage":2.0,"enemies":"Colosseum Slavers","floor":21.0,"turns":7.0},{"damage":0.0,"enemies":"Colosseum Nobs","floor":21.0,"turns":6.0},{"damage":58.0,"enemies":"Gremlin Leader","floor":23.0,"turns":7.0},{"damage":28.0,"enemies":"Slavers","floor":25.0,"turns":4.0},{"damage":0.0,"enemies":"Centurion and Healer","floor":30.0,"turns":6.0},{"damage":6.0,"enemies":"Collector","floor":33.0,"turns":9.0},{"damage":3.0,"enemies":"3 Shapes","floor":35.0,"turns":4.0},{"damage":15.0,"enemies":"3 Darklings","floor":36.0,"turns":11.0},{"damage":25,"enemies":"Reptomancer","floor":40,"turns":7},{"damage":3,"enemies":"Nemesis","floor":42,"turns":5},{"damage":28,"enemies":"Maw","floor":44,"turns":7},{"damage":10,"enemies":"Jaw Worm Horde","floor":45,"turns":5},{"damage":86,"enemies":"Reptomancer","floor":47,"turns":6},{"damage":6,"enemies":"Writhing Mass","floor":48,"turns":6},{"damage":43,"enemies":"Awakened One","floor":50,"turns":13}],"seed_played":"1472615536790408721","potions_obtained":[{"floor":8.0,"key":"SkillPotion"},{"floor":10.0,"key":"EssenceOfSteel"},{"floor":16.0,"key":"AttackPotion"},{"floor":18.0,"key":"Regen Potion"},{"floor":25.0,"key":"SkillPotion"},{"floor":33.0,"key":"SkillPotion"},{"floor":35.0,"key":"Weak Potion"},{"floor":40,"key":"BloodPotion"},{"floor":42,"key":"PowerPotion"},{"floor":48,"key":"Energy Potion"}],"is_trial":false,"path_per_floor":["M","?","$","?","?","R","E","M","T","E","M","R","$","E","R","B",null,"M","M","?","?","$","E","R","E","T","?","?","?","M","T","R","B",null,"M","M","$","?","?","E","R","E","T","M","M","$","E","M","R","B",null],"character_chosen":"IRONCLAD","items_purchased":["Toolbox","Reaper","Magic Flower","Evolve"],"campfire_rested":2,"item_purchase_floors":[3,13,22,37],"current_hp_per_floor":[78,78,78,78,78,78,80,77,77,74,80,80,80,70,70,35,69,76,59,30,52,52,48,72,53,53,53,53,53,77,77,77,80,80,80,77,77,77,77,80,80,80,80,80,88,88,23,48,75,84],"gold":84,"neow_bonus":"THREE_ENEMY_KILL","is_prod":false,"is_daily":false,"chose_seed":false,"campfire_upgraded":5,"win_rate":0,"timestamp":1552908970,"path_taken":["M","?","$","?","?","R","E","M","T","E","M","R","$","E","R","BOSS","M","?","?","?","?","E","R","E","T","?","?","?","M","?","R","BOSS","M","M","$","?","?","E","R","E","T","M","M","$","E","M","R","BOSS"],"build_version":"2019-01-23","purchased_purges":2,"victory":true,"max_hp_per_floor":[80,80,80,80,80,80,80,80,80,80,80,80,80,80,80,80,80,80,80,80,80,80,80,80,80,80,80,80,80,80,80,80,80,80,80,80,80,80,80,80,80,80,80,84,88,88,88,92,92,92],"card_choices":[{"not_picked":["Warcry","Heavy Blade"],"picked":"Body Slam","floor":1.0},{"not_picked":["Clash","Infernal Blade"],"picked":"Armaments","floor":7.0},{"not_picked":["Rampage","Thunderclap","Perfected Strike"],"picked":"SKIP","floor":8.0},{"not_picked":["Wild Strike","Twin Strike","Thunderclap"],"picked":"SKIP","floor":10.0},{"not_picked":["Wild Strike","Burning Pact+1"],"picked":"Second Wind+1","floor":11.0},{"not_picked":["Headbutt","Twin Strike"],"picked":"Exhume+1","floor":14.0},{"not_picked":["Reaper","Limit Break+1"],"picked":"Fiend Fire","floor":16.0},{"not_picked":["Spot Weakness+1","Anger"],"picked":"Shockwave+1","floor":17.0},{"not_picked":["Sword Boomerang","Disarm+1"],"picked":"Entrench+1","floor":17.0},{"not_picked":["Headbutt","Wild Strike"],"picked":"Shrug It Off+1","floor":17.0},{"not_picked":["Clothesline+1","Pommel Strike"],"picked":"Armaments+1","floor":18.0},{"not_picked":["Iron Wave","Inflame+1","Bloodletting+1"],"picked":"SKIP","floor":19.0},{"not_picked":["Heavy Blade","Sever Soul"],"picked":"Body Slam","floor":20.0},{"not_picked":["Rupture","Sword Boomerang+1"],"picked":"Double Tap+1","floor":21.0},{"not_picked":["Iron Wave","Cleave"],"picked":"Barricade","floor":23.0},{"not_picked":["Hemokinesis","Perfected Strike"],"picked":"Metallicize","floor":25.0},{"not_picked":["Pommel Strike","Clothesline","Rage+1"],"picked":"SKIP","floor":30.0},{"not_picked":["Juggernaut","Feed"],"picked":"Dark Embrace","floor":33.0},{"not_picked":["Cleave+1","Battle Trance+1","Metallicize"],"picked":"SKIP","floor":35.0},{"not_picked":["Cleave","Wild Strike","Dropkick"],"picked":"SKIP","floor":36.0},{"not_picked":["Iron Wave","Reckless Charge+1","Dual Wield+1"],"picked":"SKIP","floor":40},{"not_picked":["Metallicize","Flex+1"],"picked":"Ghostly Armor+1","floor":42},{"not_picked":["Feel No Pain","Shockwave+1","True Grit+1"],"picked":"Singing Bowl","floor":44},{"not_picked":["Warcry+1","True Grit+1","Shockwave+1"],"picked":"Singing Bowl","floor":44},{"not_picked":["Fire Breathing","Clothesline","Reaper"],"picked":"Singing Bowl","floor":45},{"not_picked":["Rage+1","Flex+1","Armaments+1"],"picked":"Singing Bowl","floor":45},{"not_picked":["Warcry+1","Thunderclap"],"picked":"Corruption","floor":47},{"not_picked":["Bloodletting+1","Pommel Strike","Rage+1"],"picked":"Singing Bowl","floor":48},{"not_picked":["Clothesline","Clash","Flex+1"],"picked":"Singing Bowl","floor":48}],"player_experience":420979,"relics_obtained":[{"floor":7.0,"key":"Thread and Needle"},{"floor":9.0,"key":"Toxic Egg 2"},{"floor":10.0,"key":"Bronze Scales"},{"floor":14.0,"key":"Bag of Marbles"},{"floor":20.0,"key":"Red Mask"},{"floor":21.0,"key":"Du-Vu Doll"},{"floor":21.0,"key":"Matryoshka"},{"floor":23.0,"key":"Mummified Hand"},{"floor":25.0,"key":"Juzu Bracelet"},{"floor":26.0,"key":"Bag of Preparation"},{"floor":26.0,"key":"Pantograph"},{"floor":31.0,"key":"Centennial Puzzle"},{"floor":31.0,"key":"Bird Faced Urn"},{"floor":40,"key":"Prayer Wheel"},{"floor":42,"key":"Potion Belt"},{"floor":43,"key":"Singing Bowl"},{"floor":47,"key":"Bottled Flame"}],"event_choices":[{"damage_healed":0.0,"max_hp_gain":0.0,"max_hp_loss":0.0,"gold_gain":175.0,"event_name":"Liars Game","player_choice":"AGREE","floor":2.0,"gold_loss":0.0,"damage_taken":0.0,"cards_obtained":["Doubt"]},{"damage_healed":0.0,"max_hp_gain":0.0,"max_hp_loss":0.0,"gold_gain":0.0,"cards_transformed":["Strike_R"],"event_name":"Living Wall","player_choice":"Change","floor":4.0,"gold_loss":0.0,"damage_taken":0.0,"cards_obtained":["Feel No Pain"]},{"damage_healed":0.0,"max_hp_gain":0.0,"max_hp_loss":0.0,"gold_gain":0.0,"cards_transformed":["Strike_R"],"event_name":"Transmorgrifier","player_choice":"Transformed","floor":5.0,"gold_loss":0.0,"damage_taken":0.0,"cards_obtained":["Metallicize"]},{"damage_healed":0.0,"max_hp_gain":0.0,"max_hp_loss":0.0,"gold_gain":0.0,"event_name":"Masked Bandits","player_choice":"Fought Bandits","floor":20.0,"gold_loss":0.0,"damage_taken":0.0},{"damage_healed":0.0,"max_hp_gain":0.0,"max_hp_loss":0.0,"gold_gain":0.0,"event_name":"Colosseum","player_choice":"Fight","floor":21.0,"gold_loss":0.0,"damage_taken":0.0},{"damage_healed":0.0,"max_hp_gain":0.0,"max_hp_loss":0.0,"gold_gain":0.0,"event_name":"Colosseum","player_choice":"Fought Nobs","floor":21.0,"gold_loss":0.0,"damage_taken":0.0},{"cards_removed":["Strike_R"],"damage_healed":0.0,"max_hp_gain":0.0,"max_hp_loss":0.0,"gold_gain":0.0,"event_name":"Beggar","player_choice":"Gave Gold","floor":27.0,"gold_loss":75.0,"damage_taken":0.0},{"damage_healed":0.0,"max_hp_gain":0.0,"max_hp_loss":0.0,"gold_gain":0.0,"event_name":"Addict","player_choice":"Stole Relic","floor":28.0,"gold_loss":0.0,"damage_taken":0.0,"relics_obtained":["Unceasing Top"],"cards_obtained":["Shame"]},{"damage_healed":0.0,"max_hp_gain":0.0,"max_hp_loss":0.0,"gold_gain":0.0,"event_name":"Vampires","player_choice":"Ignored","floor":29.0,"gold_loss":0.0,"damage_taken":0.0},{"damage_healed":0,"gold_gain":0,"cards_transformed":["Strike_R"],"player_choice":"Transformed","damage_taken":0,"max_hp_gain":0,"max_hp_loss":0,"event_name":"Transmorgrifier","floor":38,"gold_loss":0,"cards_obtained":["Bloodletting"]},{"damage_healed":0,"gold_gain":0,"player_choice":"Gave Potion","damage_taken":0,"relics_obtained":["Oddly Smooth Stone"],"max_hp_gain":0,"max_hp_loss":0,"event_name":"WeMeetAgain","floor":39,"gold_loss":0}],"is_beta":false,"boss_relics":[{"not_picked":["Astrolabe","Lizard Tail"],"picked":"Orrery"},{"not_picked":["Mark of Pain","Cursed Key"],"picked":"Empty Cage"}],"items_purged_floors":[3,46],"is_endless":false,"potions_floor_spawned":[8,10,16,18,25,33,35,40,42,48],"ascension_level":13}