{"gold_per_floor":[112,287,287,287,307,307,317,336,405,425,59,14,47,66,66,66],"floor_reached":16,"playtime":922,"items_purged":["Strike_G"],"score":102,"play_id":"f099b5b3-5c96-4241-a0fb-effffe3558f2","local_time":"20180825192651","is_ascension_mode":false,"campfire_choices":[{"data":"Poisoned Stab","floor":6,"key":"SMITH"},{"floor":15,"key":"REST"}],"neow_cost":"NONE","seed_source_timestamp":37985005328393,"circlet_count":0,"master_deck":["Defend_G","Defend_G","Defend_G","Defend_G","Defend_G","Strike_G+1","Strike_G","Strike_G","Strike_G+1","Survivor","Neutralize","Poisoned Stab+1","Doubt","Dash+1","Quick Slash+1","Envenom","Sucker Punch+1","Sucker Punch+1","Dash+1","Backflip","Poisoned Stab+1","Blade Dance"],"relics":["Eternal Feather","Molten Egg 2","Vajra","Paper Crane","Whetstone","Girya"],"potions_floor_usage":[],"damage_taken":[{"damage":0,"enemies":"Jaw Worm","floor":1,"turns":5},{"damage":1,"enemies":"Cultist","floor":5,"turns":4},{"damage":0,"enemies":"2 Louse","floor":7,"turns":3},{"damage":11,"enemies":"Exordium Wildlife","floor":8,"turns":4},{"damage":16,"enemies":"Lots of Slimes","floor":10,"turns":5},{"damage":5,"enemies":"Lagavulin","floor":13,"turns":6},{"damage":1,"enemies":"Looter","floor":14,"turns":2},{"damage":53,"enemies":"Slime Boss","floor":16,"turns":9}],"seed_played":"-5271407622755340408","potions_obtained":[{"floor":5,"key":"Ancient Potion"},{"floor":8,"key":"Weak Potion"},{"floor":10,"key":"Dexterity Potion"},{"floor":13,"key":"Swift Potion"}],"is_trial":false,"path_per_floor":["M","?","T","?","M","R","M","M","T","M","$","?","E","M","R"],"character_chosen":"THE_SILENT","items_purchased":["Sucker Punch+1","Dash+1","Backflip","Whetstone"],"campfire_rested":1,"item_purchase_floors":[11,11,11,11],"current_hp_per_floor":[70,70,70,45,44,53,53,42,42,26,26,26,21,20,53,0],"gold":66,"neow_bonus":"BOSS_RELIC","is_prod":false,"is_daily":false,"chose_seed":false,"campfire_upgraded":1,"win_rate":0.0,"timestamp":1535239611,"path_taken":["M","?","?","?","M","R","?","?","T","M","$","?","E","M","R","BOSS"],"build_version":"2018-08-23v2","purchased_purges":1,"victory":false,"max_hp_per_floor":[70,70,70,70,70,70,70,70,70,70,70,70,70,70,70,70],"card_choices":[{"not_picked":["Prepared","Cloak And Dagger"],"picked":"Poisoned Stab","floor":1},{"not_picked":["Noxious Fumes","Flying Knee+1"],"picked":"Dash+1","floor":5},{"not_picked":["Acrobatics","Leg Sweep"],"picked":"Quick Slash+1","floor":7},{"not_picked":["Endless Agony+1","Caltrops"],"picked":"Envenom","floor":8},{"not_picked":["Outmaneuver","Underhanded Strike+1"],"picked":"Sucker Punch+1","floor":10},{"not_picked":["PiercingWail","Dagger Throw+1"],"picked":"Poisoned Stab+1","floor":13},{"not_picked":["Prepared","Flechettes+1"],"picked":"Blade Dance","floor":14}],"player_experience":37734,"relics_obtained":[{"floor":3,"key":"Molten Egg 2"},{"floor":9,"key":"Paper Crane"},{"floor":13,"key":"Girya"}],"event_choices":[{"event_name":"Liars Game","player_choice":"agreed","floor":2,"damage_taken":0},{"event_name":"Scrap Ooze","player_choice":"success","floor":4,"damage_taken":25},{"event_name":"World of Goop","player_choice":"Left","floor":12,"damage_taken":0}],"is_beta":false,"boss_relics":[],"items_purged_floors":[11],"is_endless":false,"potions_floor_spawned":[5,8,10,13,14],"killed_by":"Slime Boss","ascension_level":0}