{"gold_per_floor":[111,111,111,186,200,200,200,200,200,50,65,65,84,99,99,200,200,219,219,219,144,159,159,187,187,187,112,122,122,138,154,154,154],"floor_reached":33,"playtime":888,"items_purged":["Writhe"],"score":293,"play_id":"9c69329e-62cf-413a-862b-9af5cb45240b","local_time":"20190311150955","is_ascension_mode":true,"campfire_choices":[{"data":"Perfected Strike","floor":6.0,"key":"SMITH"},{"data":"Bash","floor":8.0,"key":"SMITH"},{"data":"Double Tap","floor":12.0,"key":"SMITH"},{"data":"Perfected Strike","floor":15.0,"key":"SMITH"},{"data":"Limit Break","floor":23.0,"key":"SMITH"},{"floor":25,"key":"REST"},{"floor":32,"key":"REST"}],"neow_cost":"NONE","seed_source_timestamp":2227812736746086,"circlet_count":0,"master_deck":["Strike_R","Strike_R","Strike_R+1","Strike_R","Strike_R","Defend_R","Defend_R","Defend_R","Defend_R+1","Bash+1","Perfected Strike+1","Perfected Strike+1","Double Tap+1","Inflame","Pommel Strike","Perfected Strike+1","Demon Form","Limit Break+1","Pommel Strike","Battle Trance","Spot Weakness","Warcry"],"special_seed":0,"relics":["Burning Blood","Bottled Lightning","Mark of Pain","Happy Flower","Nloth\u0027s Gift","Question Card","Turnip"],"potions_floor_usage":[28,30,30],"damage_taken":[{"damage":0.0,"enemies":"2 Louse","floor":1.0,"turns":1.0},{"damage":0.0,"enemies":"Small Slimes","floor":5.0,"turns":1.0},{"damage":0.0,"enemies":"Cultist","floor":11.0,"turns":1.0},{"damage":0.0,"enemies":"Large Slime","floor":13.0,"turns":3.0},{"damage":11.0,"enemies":"Exordium Thugs","floor":14.0,"turns":4.0},{"damage":52.0,"enemies":"Hexaghost","floor":16.0,"turns":5.0},{"damage":36.0,"enemies":"3 Byrds","floor":18.0,"turns":5.0},{"damage":16.0,"enemies":"Shell Parasite","floor":22.0,"turns":3.0},{"damage":39,"enemies":"Gremlin Leader","floor":24,"turns":5},{"damage":0,"enemies":"Snake Plant","floor":28,"turns":2},{"damage":0,"enemies":"Snecko","floor":30,"turns":2},{"damage":23,"enemies":"Centurion and Healer","floor":31,"turns":3},{"damage":65,"enemies":"Automaton","floor":33,"turns":6}],"seed_played":"-2945789850986490900","potions_obtained":[{"floor":1.0,"key":"SteroidPotion"},{"floor":18.0,"key":"Weak Potion"},{"floor":24,"key":"Swift Potion"},{"floor":28,"key":"Regen Potion"}],"is_trial":false,"path_per_floor":["M","?","?","?","M","R","?","R","T","$","M","R","M","M","R","B",null,"M","?","?","$","M","R","E","R","T","$","M","?","M","M","R","B"],"character_chosen":"IRONCLAD","items_purchased":["Double Tap","Battle Trance"],"campfire_rested":2,"item_purchase_floors":[10,27],"current_hp_per_floor":[80,64,64,56,62,62,54,54,54,54,60,60,66,61,61,15,80,50,50,50,50,40,40,7,31,31,31,37,37,48,31,55,0],"gold":154,"neow_bonus":"THREE_ENEMY_KILL","is_prod":false,"is_daily":false,"chose_seed":false,"campfire_upgraded":5,"win_rate":0,"timestamp":1552284595,"path_taken":["M","?","?","?","?","R","?","R","T","?","M","R","M","M","R","BOSS","M","?","?","$","?","R","E","R","T","$","M","?","M","M","R","BOSS"],"build_version":"2019-01-23","purchased_purges":1,"victory":false,"max_hp_per_floor":[80,80,80,80,80,80,80,80,80,80,80,80,80,80,80,80,80,80,80,80,80,80,80,80,80,80,80,80,80,80,80,80,80],"card_choices":[{"not_picked":["Blood for Blood","Thunderclap"],"picked":"Perfected Strike","floor":1.0},{"not_picked":["Armaments","True Grit"],"picked":"Perfected Strike","floor":5.0},{"not_picked":["Heavy Blade","Corruption"],"picked":"Inflame","floor":11.0},{"not_picked":["Twin Strike","Warcry"],"picked":"Pommel Strike","floor":13.0},{"not_picked":["Clash","Sever Soul"],"picked":"Perfected Strike","floor":14.0},{"not_picked":["Exhume","Barricade"],"picked":"Demon Form","floor":16.0},{"not_picked":["Iron Wave","Sever Soul","Clash"],"picked":"SKIP","floor":18.0},{"not_picked":["Iron Wave+1","Thunderclap"],"picked":"Limit Break","floor":22.0},{"not_picked":["Thunderclap","Cleave"],"picked":"Pommel Strike","floor":24},{"not_picked":["Immolate","Clash+1","Anger"],"picked":"Spot Weakness","floor":28},{"not_picked":["Sword Boomerang+1","Clothesline","Combust+1"],"picked":"Warcry","floor":30},{"not_picked":["Cleave","Bloodletting","Sentinel","Clothesline"],"picked":"SKIP","floor":31}],"player_experience":309448,"relics_obtained":[{"floor":9.0,"key":"Bottled Lightning"},{"floor":24,"key":"Question Card"},{"floor":26,"key":"Turnip"}],"event_choices":[{"damage_healed":0.0,"max_hp_gain":0.0,"max_hp_loss":0.0,"gold_gain":0.0,"event_name":"Shining Light","player_choice":"Entered Light","floor":2.0,"gold_loss":0.0,"damage_taken":16.0,"cards_upgraded":["Strike_R","Defend_R"]},{"damage_healed":0.0,"max_hp_gain":0.0,"max_hp_loss":0.0,"gold_gain":0.0,"event_name":"Living Wall","player_choice":"Grow","floor":3.0,"gold_loss":0.0,"damage_taken":0.0,"cards_upgraded":["Perfected Strike"]},{"damage_healed":0.0,"max_hp_gain":0.0,"max_hp_loss":0.0,"gold_gain":75.0,"event_name":"FaceTrader","player_choice":"Touch","floor":4.0,"gold_loss":0.0,"damage_taken":8.0},{"damage_healed":0.0,"max_hp_gain":0.0,"max_hp_loss":0.0,"gold_gain":0.0,"event_name":"Wheel of Change","player_choice":"Damaged","floor":7.0,"gold_loss":0.0,"damage_taken":8.0},{"damage_healed":0.0,"max_hp_gain":0.0,"max_hp_loss":0.0,"gold_gain":0.0,"event_name":"The Mausoleum","player_choice":"Opened","floor":19.0,"gold_loss":0.0,"damage_taken":0.0,"relics_obtained":["Happy Flower"],"cards_obtained":["Writhe"]},{"damage_healed":0.0,"max_hp_gain":0.0,"max_hp_loss":0.0,"gold_gain":0.0,"event_name":"N\u0027loth","player_choice":"Traded Relic","floor":20.0,"relics_lost":["NeowsBlessing"],"gold_loss":0.0,"damage_taken":0.0,"relics_obtained":["Nloth\u0027s Gift"]},{"damage_healed":0,"gold_gain":0,"player_choice":"Bought 0 Potions","damage_taken":0,"max_hp_gain":0,"max_hp_loss":0,"event_name":"The Woman in Blue","floor":29,"gold_loss":0}],"is_beta":false,"boss_relics":[{"not_picked":["Coffee Dripper","Runic Cube"],"picked":"Mark of Pain"}],"items_purged_floors":[21],"is_endless":false,"potions_floor_spawned":[1,18,24,28],"killed_by":"Automaton","ascension_level":3}