{"gold_per_floor":[116,66,66,66,66,66,83,111,111,129,141,116,116,150,150,227,227,238,250,250,250,266,266,278,296,367,379,379,405,405,425,425,499,499,509,528,528,453,470,470,496,515,515,544,560,323,355,355,355,355],"floor_reached":51,"playtime":5598,"items_purged":["Pain","Defend_G"],"score":1286,"play_id":"5be73197-37b8-43c6-a9e0-3d96f2c9876b","local_time":"20190320000658","is_ascension_mode":true,"campfire_choices":[{"data":"Survivor","floor":6.0,"key":"SMITH"},{"data":"Footwork","floor":13.0,"key":"SMITH"},{"data":"Cloak And Dagger","floor":15.0,"key":"SMITH"},{"data":"Adrenaline","floor":23.0,"key":"SMITH"},{"data":"Adrenaline","floor":30.0,"key":"SMITH"},{"data":"Sucker Punch","floor":32.0,"key":"SMITH"},{"data":"Panacea","floor":40.0,"key":"SMITH"},{"data":"Deflect","floor":49,"key":"SMITH"}],"neow_cost":"NONE","seed_source_timestamp":33950134543222,"circlet_count":0,"master_deck":["AscendersBane","Defend_G","Defend_G","Defend_G","Defend_G","Strike_G","Strike_G","Strike_G","Survivor+1","Neutralize+1","Panacea+1","Backflip","Escape Plan","Footwork+1","Die Die Die","Deflect+1","Sucker Punch+1","Cloak And Dagger+1","Adrenaline+1","Quick Slash","Acrobatics","Adrenaline+1","Poisoned Stab","Leg Sweep","Escape Plan","Slice","Escape Plan+1","After Image+1","Footwork+1","Deadly Poison","Cloak And Dagger+1","Noxious Fumes+1","Backstab","Sucker Punch+1","After Image+1","Noxious Fumes+1","Neutralize"],"special_seed":0,"relics":["Ring of the Snake","Kunai","Ninja Scroll","Meat on the Bone","Sundial","Eternal Feather","Pear","Frozen Egg 2","Runic Pyramid","WarpedTongs","Bottled Flame","Pantograph","Letter Opener","Happy Flower"],"potions_floor_usage":[50,50],"damage_taken":[{"damage":5.0,"enemies":"Small Slimes","floor":1.0,"turns":5.0},{"damage":0.0,"enemies":"2 Louse","floor":7.0,"turns":5.0},{"damage":28.0,"enemies":"3 Sentries","floor":8.0,"turns":18.0},{"damage":2.0,"enemies":"Jaw Worm","floor":10.0,"turns":6.0},{"damage":0.0,"enemies":"2 Fungi Beasts","floor":11.0,"turns":3.0},{"damage":10.0,"enemies":"Gremlin Nob","floor":14.0,"turns":7.0},{"damage":7.0,"enemies":"The Guardian","floor":16.0,"turns":21.0},{"damage":0.0,"enemies":"3 Byrds","floor":18.0,"turns":8.0},{"damage":0.0,"enemies":"Shell Parasite","floor":19.0,"turns":8.0},{"damage":0.0,"enemies":"Centurion and Healer","floor":22.0,"turns":15.0},{"damage":0.0,"enemies":"3 Cultists","floor":24.0,"turns":8.0},{"damage":4.0,"enemies":"Snake Plant","floor":25.0,"turns":7.0},{"damage":0.0,"enemies":"Sentry and Sphere","floor":27.0,"turns":14.0},{"damage":1.0,"enemies":"Book of Stabbing","floor":29.0,"turns":8.0},{"damage":0.0,"enemies":"Centurion and Healer","floor":31.0,"turns":13.0},{"damage":32.0,"enemies":"Champ","floor":33.0,"turns":51.0},{"damage":0.0,"enemies":"3 Shapes","floor":35.0,"turns":5.0},{"damage":0.0,"enemies":"Orb Walker","floor":36.0,"turns":5.0},{"damage":0.0,"enemies":"Sphere and 2 Shapes","floor":39.0,"turns":8.0},{"damage":0.0,"enemies":"Nemesis","floor":41.0,"turns":15.0},{"damage":0.0,"enemies":"4 Shapes","floor":42.0,"turns":7.0},{"damage":1.0,"enemies":"Reptomancer","floor":44.0,"turns":14.0},{"damage":0.0,"enemies":"Writhing Mass","floor":45.0,"turns":11.0},{"damage":15.0,"enemies":"Nemesis","floor":47.0,"turns":9.0},{"damage":2,"enemies":"Time Eater","floor":50,"turns":16}],"seed_played":"-3089112189554702282","potions_obtained":[{"floor":8.0,"key":"SpeedPotion"},{"floor":11.0,"key":"GhostInAJar"},{"floor":16.0,"key":"SteroidPotion"},{"floor":19.0,"key":"Weak Potion"},{"floor":25.0,"key":"Poison Potion"},{"floor":29.0,"key":"LiquidBronze"},{"floor":31.0,"key":"Energy Potion"},{"floor":45.0,"key":"Block Potion"}],"is_trial":false,"path_per_floor":["M","?","?","T","?","R","M","E","T","M","M","$","R","E","R","B",null,"M","M","?","$","M","R","M","M","T","M","?","E","R","M","R","B",null,"M","M","?","$","M","R","E","M","T","E","M","$","E","?","R","B",null],"character_chosen":"THE_SILENT","items_purchased":["Sucker Punch","Noxious Fumes+1","Backstab"],"campfire_rested":0,"item_purchase_floors":[12,46,46],"current_hp_per_floor":[54,54,54,54,47,47,47,19,19,29,41,41,41,43,43,36,59,59,59,59,59,59,66,66,62,72,72,72,71,76,76,76,44,68,68,68,68,68,68,76,76,76,76,75,75,75,60,60,76,74],"gold":355,"neow_bonus":"RANDOM_COLORLESS","is_prod":false,"is_daily":false,"chose_seed":false,"campfire_upgraded":8,"win_rate":0,"timestamp":1553065618,"path_taken":["M","?","?","?","?","R","M","E","T","M","M","?","R","E","R","BOSS","M","?","?","$","?","R","M","M","T","M","?","E","R","M","R","BOSS","M","M","?","$","M","R","E","M","T","E","?","?","E","?","R","BOSS"],"build_version":"2019-01-23","purchased_purges":2,"victory":true,"max_hp_per_floor":[66,66,66,66,66,66,66,66,66,66,66,66,66,66,66,66,66,66,66,66,66,66,66,66,66,76,76,76,76,76,76,76,76,76,76,76,76,76,76,76,76,76,76,76,76,76,76,76,76,76],"card_choices":[{"not_picked":["Dagger Spray","Tactician"],"picked":"Backflip","floor":1.0},{"not_picked":["Dodge and Roll","Backflip"],"picked":"Escape Plan","floor":7.0},{"not_picked":["Cloak And Dagger","Dagger Spray"],"picked":"Footwork","floor":8.0},{"not_picked":["Noxious Fumes","Deflect"],"picked":"Die Die Die","floor":10.0},{"not_picked":["Terror","Outmaneuver"],"picked":"Deflect","floor":11.0},{"not_picked":["Predator","Prepared"],"picked":"Cloak And Dagger","floor":14.0},{"not_picked":["Tools of the Trade","Grand Finale"],"picked":"Adrenaline","floor":16.0},{"not_picked":["Outmaneuver","Masterful Stab"],"picked":"Quick Slash","floor":18.0},{"not_picked":["Prepared","Flying Knee"],"picked":"Acrobatics","floor":19.0},{"not_picked":["Blur","Bane"],"picked":"Poisoned Stab","floor":22.0},{"not_picked":["Crippling Poison","Deflect"],"picked":"Leg Sweep","floor":24.0},{"not_picked":["Skewer","Predator"],"picked":"Escape Plan","floor":25.0},{"not_picked":["Endless Agony","Bane"],"picked":"Slice","floor":27.0},{"not_picked":["Backflip","Slice"],"picked":"Escape Plan+1","floor":29.0},{"not_picked":["Quick Slash","Dagger Throw","Concentrate"],"picked":"SKIP","floor":31.0},{"not_picked":["Wraith Form v2+1","Corpse Explosion"],"picked":"After Image+1","floor":33.0},{"not_picked":["Bane","Calculated Gamble","Predator"],"picked":"SKIP","floor":35.0},{"not_picked":["Slice","Dodge and Roll"],"picked":"Footwork+1","floor":36.0},{"not_picked":["Leg Sweep","Masterful Stab","Eviscerate+1"],"picked":"SKIP","floor":39.0},{"not_picked":["Heel Hook","Flechettes+1","Grand Finale"],"picked":"SKIP","floor":41.0},{"not_picked":["Sucker Punch","Poisoned Stab"],"picked":"Deadly Poison","floor":42.0},{"not_picked":["Outmaneuver","Predator"],"picked":"Cloak And Dagger+1","floor":44.0},{"not_picked":["Poisoned Stab","PiercingWail","Phantasmal Killer"],"picked":"SKIP","floor":45.0},{"not_picked":["Setup","Bouncing Flask"],"picked":"Sucker Punch+1","floor":47.0}],"player_experience":667102,"relics_obtained":[{"floor":4.0,"key":"Kunai"},{"floor":8.0,"key":"Ninja Scroll"},{"floor":9.0,"key":"Meat on the Bone"},{"floor":14.0,"key":"Sundial"},{"floor":26.0,"key":"Pear"},{"floor":29.0,"key":"Frozen Egg 2"},{"floor":41.0,"key":"Bottled Flame"},{"floor":43.0,"key":"Pantograph"},{"floor":44.0,"key":"Letter Opener"},{"floor":47.0,"key":"Happy Flower"}],"event_choices":[{"cards_removed":["Strike_G"],"damage_healed":0.0,"max_hp_gain":0.0,"max_hp_loss":0.0,"gold_gain":0.0,"event_name":"The Cleric","player_choice":"Card Removal","floor":2.0,"gold_loss":50.0,"damage_taken":0.0},{"damage_healed":0.0,"max_hp_gain":0.0,"max_hp_loss":0.0,"gold_gain":0.0,"event_name":"Living Wall","player_choice":"Grow","floor":3.0,"gold_loss":0.0,"damage_taken":0.0,"cards_upgraded":["Neutralize"]},{"cards_removed":["Strike_G"],"damage_healed":0.0,"max_hp_gain":0.0,"max_hp_loss":0.0,"gold_gain":0.0,"event_name":"Golden Wing","player_choice":"Card Removal","floor":5.0,"gold_loss":0.0,"damage_taken":7.0},{"damage_healed":0.0,"max_hp_gain":0.0,"max_hp_loss":0.0,"gold_gain":0.0,"event_name":"Duplicator","player_choice":"Copied","floor":20.0,"gold_loss":0.0,"damage_taken":0.0,"cards_obtained":["Adrenaline"]},{"damage_healed":0.0,"max_hp_gain":0.0,"max_hp_loss":0.0,"gold_gain":0.0,"event_name":"Vampires","player_choice":"Ignored","floor":28.0,"gold_loss":0.0,"damage_taken":0.0},{"damage_healed":0.0,"max_hp_gain":0.0,"max_hp_loss":0.0,"gold_gain":0.0,"event_name":"Accursed Blacksmith","player_choice":"Rummage","floor":37.0,"gold_loss":0.0,"damage_taken":0.0,"relics_obtained":["WarpedTongs"],"cards_obtained":["Pain"]},{"damage_healed":0,"gold_gain":0,"player_choice":"3 cards matched","damage_taken":0,"max_hp_gain":0,"max_hp_loss":0,"event_name":"Match and Keep!","floor":48,"gold_loss":0,"cards_obtained":["After Image","Noxious Fumes","Neutralize"]}],"is_beta":false,"boss_relics":[{"not_picked":["Busted Crown","Orrery"],"picked":"Eternal Feather"},{"not_picked":["HoveringKite","WristBlade"],"picked":"Runic Pyramid"}],"items_purged_floors":[38,46],"is_endless":false,"potions_floor_spawned":[8,11,16,19,25,29,31,33,35,42,45],"ascension_level":14}