{"gold_per_floor":[119,132,85,104,122,147,164,164,189,189,189,206,223,223,223,326,326,336,436,446,21,40,71,71,71,153,167,167],"floor_reached":28,"playtime":1352,"items_purged":[],"score":242,"play_id":"eb3e67b6-5b43-476b-a5c3-2fb82d630eb5","local_time":"20180701144119","is_ascension_mode":false,"campfire_choices":[{"data":"A Thousand Cuts","floor":8,"key":"SMITH"},{"data":"Blade Dance","floor":10,"key":"SMITH"},{"floor":15,"key":"REST"},{"floor":24,"key":"REST"}],"neow_cost":"NONE","seed_source_timestamp":424428992847897,"circlet_count":0,"master_deck":["Defend_G","Defend_G","Defend_G","Defend_G","Defend_G","Strike_G","Strike_G","Strike_G","Survivor","Neutralize","A Thousand Cuts+1","Sucker Punch","Blade Dance+1","Flying Knee","Cloak And Dagger","Underhanded Strike","Backstab","Backstab","Madness","Bane","Infinite Blades","Expertise","Venomology","Finisher","All Out Attack+1","Noxious Fumes","Choke","Poisoned Stab","Calculated Gamble","Finisher+1","Flying Knee"],"relics":["Ring of the Snake","Dodecahedron","Bronze Scales","Sozu","Mercury Hourglass","Juzu Bracelet","Tiny Chest"],"potions_floor_usage":[23,23,28],"damage_taken":[{"damage":3,"enemies":"Jaw Worm","floor":1,"turns":6},{"damage":1,"enemies":"Cultist","floor":2,"turns":5},{"damage":0,"enemies":"Small Slimes","floor":4,"turns":2},{"damage":7,"enemies":"2 Fungi Beasts","floor":5,"turns":4},{"damage":27,"enemies":"3 Sentries","floor":6,"turns":8},{"damage":0,"enemies":"Blue Slaver","floor":7,"turns":3},{"damage":0,"enemies":"Exordium Thugs","floor":12,"turns":4},{"damage":0,"enemies":"2 Fungi Beasts","floor":13,"turns":2},{"damage":25,"enemies":"Hexaghost","floor":16,"turns":9},{"damage":25,"enemies":"Spheric Guardian","floor":18,"turns":3},{"damage":5,"enemies":"Chosen","floor":20,"turns":4},{"damage":18,"enemies":"Centurion and Healer","floor":22,"turns":4},{"damage":21,"enemies":"Book of Stabbing","floor":23,"turns":3},{"damage":17,"enemies":"Sentry and Sphere","floor":27,"turns":4},{"damage":7,"enemies":"Snake Plant","floor":28,"turns":2}],"seed_played":"6432801881387707794","potions_obtained":[{"floor":2,"key":"SkillPotion"},{"floor":4,"key":"SkillPotion"},{"floor":6,"key":"Fire Potion"}],"is_trial":false,"path_per_floor":["M","M","$","M","M","E","M","R","T","R","?","M","M","?","R","B",null,"M","?","M","$","M","E","R","?","T","M"],"character_chosen":"THE_SILENT","items_purchased":["Flying Knee","Noxious Fumes","Choke","Poisoned Stab","Mercury Hourglass"],"campfire_rested":2,"item_purchase_floors":[3,21,21,21,21],"current_hp_per_floor":[67,66,66,66,59,32,32,32,32,32,32,32,32,32,53,28,70,45,45,40,40,22,1,22,22,22,5,0],"gold":167,"neow_bonus":"TRANSFORM_CARD","is_prod":false,"is_daily":false,"chose_seed":false,"campfire_upgraded":2,"win_rate":0.0,"timestamp":1530477679,"path_taken":["M","M","$","M","M","E","M","R","T","R","?","M","M","?","R","BOSS","M","?","M","$","M","E","R","?","T","M","M"],"build_version":"2018-06-28","purchased_purges":0,"victory":false,"max_hp_per_floor":[70,70,70,70,70,70,70,70,70,70,70,70,70,70,70,70,70,70,70,70,70,70,70,70,70,70,70,70],"card_choices":[{"not_picked":["Outmaneuver","Backstab"],"picked":"Sucker Punch","floor":1},{"not_picked":["Underhanded Strike","Blur"],"picked":"Blade Dance","floor":2},{"not_picked":["Leg Sweep","Prepared"],"picked":"Cloak And Dagger","floor":4},{"not_picked":["Dagger Spray","Reflex"],"picked":"Underhanded Strike","floor":5},{"not_picked":["Reflex","Malaise"],"picked":"Backstab","floor":6},{"not_picked":["Slice","Calculated Gamble"],"picked":"Backstab","floor":7},{"not_picked":["Underhanded Strike","Slice"],"picked":"Bane","floor":12},{"not_picked":["Underhanded Strike","Adrenaline"],"picked":"Infinite Blades","floor":13},{"not_picked":["Storm of Steel","A Thousand Cuts"],"picked":"Venomology","floor":16},{"not_picked":["Backstab","Predator"],"picked":"Finisher","floor":18},{"not_picked":["Riddle With Holes","Eviscerate"],"picked":"All Out Attack+1","floor":20},{"not_picked":["Dagger Throw","Backflip"],"picked":"Calculated Gamble","floor":22},{"not_picked":["Backflip","Underhanded Strike"],"picked":"Finisher+1","floor":23},{"not_picked":["Quick Slash","Dodge and Roll"],"picked":"Flying Knee","floor":27}],"player_experience":87976,"relics_obtained":[{"floor":6,"key":"Dodecahedron"},{"floor":9,"key":"Bronze Scales"},{"floor":23,"key":"Juzu Bracelet"},{"floor":26,"key":"Tiny Chest"}],"event_choices":[{"event_name":"Match and Keep!","player_choice":"1 cards matched","floor":11,"damage_taken":0},{"event_name":"Living Wall","player_choice":"Change","floor":14,"damage_taken":0},{"event_name":"Golden Shrine","player_choice":"Pray","floor":19,"damage_taken":0},{"event_name":"Beggar","player_choice":"Ignored","floor":25,"damage_taken":0}],"boss_relics":[{"not_picked":["White Beast Statue","Lizard Tail"],"picked":"Sozu"}],"items_purged_floors":[],"is_endless":false,"potions_floor_spawned":[2,4,6,7,18],"killed_by":"Snake Plant","ascension_level":0}