{"gold_per_floor":[362,41,216,229,243,243,260,260,260,21,21,21,296,46,46,175,175,199,50,50,26,41,76,95,135,209,233,248,262,289,302,302,421,421,437,34,0,0,333,333,352,352,352,367,380,380,380,395,395,395],"floor_reached":50,"playtime":2493,"items_purged":["Regret","Regret"],"score":807,"play_id":"510cfc1f-45cb-474f-900d-1549220b1b4d","local_time":"20190316145440","is_ascension_mode":true,"campfire_choices":[{"data":"Bash","floor":6.0,"key":"SMITH"},{"data":"Shrug It Off","floor":8.0,"key":"SMITH"},{"floor":15.0,"key":"REST"},{"floor":32.0,"key":"REST"},{"data":"Defend_R","floor":40.0,"key":"SMITH"},{"floor":42.0,"key":"REST"},{"floor":46.0,"key":"REST"},{"floor":49.0,"key":"REST"}],"neow_cost":"CURSE","seed_source_timestamp":12789341572990,"circlet_count":0,"master_deck":["AscendersBane","Strike_R+1","Strike_R","Strike_R","Strike_R","Strike_R","Defend_R+1","Defend_R+1","Defend_R","Defend_R","Bash+1","Shrug It Off+1","Doubt","Perfected Strike+1","Body Slam+1","Body Slam+1","Injury","True Grit+1","Double Tap+1","Flex+1","Headbutt+1","Perfected Strike+1","Armaments+1","Intimidate+1","Flame Barrier+1","Twin Strike+1","Twin Strike+1","Disarm+1","Twin Strike+1","Reaper+1","Twin Strike+1","Corruption","Warcry+1","Wild Strike+1"],"special_seed":0,"relics":["Burning Blood","Molten Egg 2","Darkstone Periapt","Toxic Egg 2","Oddly Smooth Stone","Snecko Eye","Bag of Marbles","Paper Frog","Self Forming Clay","Ginger","Bottled Lightning","Bronze Scales","Black Star","Magic Flower","Red Mask","Gremlin Horn"],"potions_floor_usage":[],"damage_taken":[{"damage":10.0,"enemies":"2 Louse","floor":1.0,"turns":3.0},{"damage":18.0,"enemies":"Jaw Worm","floor":4.0,"turns":5.0},{"damage":3.0,"enemies":"Small Slimes","floor":5.0,"turns":4.0},{"damage":12.0,"enemies":"2 Fungi Beasts","floor":7.0,"turns":3.0},{"damage":35.0,"enemies":"The Guardian","floor":16.0,"turns":10.0},{"damage":29.0,"enemies":"2 Thieves","floor":18.0,"turns":5.0},{"damage":0.0,"enemies":"Spheric Guardian","floor":22.0,"turns":1.0},{"damage":42.0,"enemies":"Slavers","floor":23.0,"turns":7.0},{"damage":2.0,"enemies":"3 Cultists","floor":24.0,"turns":4.0},{"damage":29.0,"enemies":"Book of Stabbing","floor":25.0,"turns":4.0},{"damage":6.0,"enemies":"Shelled Parasite and Fungi","floor":27.0,"turns":3.0},{"damage":8.0,"enemies":"Snake Plant","floor":28.0,"turns":2.0},{"damage":0.0,"enemies":"Sentry and Sphere","floor":29.0,"turns":3.0},{"damage":12.0,"enemies":"3 Cultists","floor":31.0,"turns":5.0},{"damage":9.0,"enemies":"Champ","floor":33.0,"turns":7.0},{"damage":0.0,"enemies":"Orb Walker","floor":35.0,"turns":1.0},{"damage":50.0,"enemies":"3 Darklings","floor":41.0,"turns":8.0},{"damage":43.0,"enemies":"Transient","floor":44.0,"turns":5.0},{"damage":48.0,"enemies":"Writhing Mass","floor":45.0,"turns":4.0},{"damage":23.0,"enemies":"Maw","floor":48.0,"turns":6.0},{"damage":97,"enemies":"Donu and Deca","floor":50,"turns":6}],"seed_played":"1047295853601106199","potions_obtained":[{"floor":1.0,"key":"Weak Potion"},{"floor":4.0,"key":"GamblersBrew"},{"floor":23.0,"key":"Ancient Potion"},{"floor":25.0,"key":"AttackPotion"},{"floor":29.0,"key":"SkillPotion"},{"floor":33.0,"key":"Fruit Juice"},{"floor":41.0,"key":"Block Potion"}],"is_trial":false,"path_per_floor":["M","$","?","M","M","R","M","R","T","$","?","?","?","$","R","B",null,"M","$","?","$","M","E","M","E","T","M","M","M","T","M","R","B",null,"M","$","?","?","?","R","M","R","T","M","M","R","?","M","R","B"],"character_chosen":"IRONCLAD","items_purchased":["Molten Egg 2","Corruption","Toxic Egg 2","Oddly Smooth Stone","True Grit+1","Bag of Marbles","Headbutt+1","Magic Flower"],"campfire_rested":5,"item_purchase_floors":[2,2,10,14,14,19,21,36],"current_hp_per_floor":[68,68,68,56,59,59,53,53,53,53,59,42,48,48,75,46,81,58,58,58,58,64,28,32,9,9,9,7,13,13,7,34,36,82,88,88,88,88,88,88,47,76,76,63,24,53,53,62,91,0],"gold":395,"neow_bonus":"TWO_FIFTY_GOLD","is_prod":false,"is_daily":false,"chose_seed":false,"campfire_upgraded":3,"win_rate":0,"timestamp":1552715680,"path_taken":["M","$","?","M","M","R","M","R","T","$","?","?","?","$","R","BOSS","M","$","?","$","M","E","M","E","T","M","M","M","?","M","R","BOSS","M","$","?","?","?","R","M","R","T","M","M","R","?","M","R","BOSS"],"build_version":"2019-01-23","purchased_purges":2,"victory":false,"max_hp_per_floor":[80,80,80,80,80,80,80,80,80,80,86,86,92,92,92,92,92,92,92,92,92,92,92,92,92,92,92,92,92,92,92,92,97,97,97,97,97,97,97,97,97,97,97,97,97,97,97,97,97,97],"card_choices":[{"not_picked":["Rampage","Blood for Blood"],"picked":"Shrug It Off","floor":1.0},{"not_picked":["Iron Wave+1","Warcry"],"picked":"Perfected Strike+1","floor":4.0},{"not_picked":["Metallicize","Flex"],"picked":"Body Slam+1","floor":5.0},{"not_picked":["Combust","Headbutt+1"],"picked":"Body Slam+1","floor":7.0},{"not_picked":["Dark Embrace","Feed+1"],"picked":"Double Tap+1","floor":16.0},{"not_picked":["Uppercut+1","Infernal Blade+1"],"picked":"Flex+1","floor":18.0},{"not_picked":["Wild Strike+1","Hemokinesis+1"],"picked":"Perfected Strike+1","floor":22.0},{"not_picked":["Pommel Strike+1","Immolate+1"],"picked":"Armaments+1","floor":23.0},{"not_picked":["Intimidate+1","Iron Wave+1","Dropkick+1"],"picked":"SKIP","floor":24.0},{"not_picked":["Iron Wave+1","Dropkick+1"],"picked":"Intimidate+1","floor":24.0},{"not_picked":["Dropkick+1","Burning Pact+1"],"picked":"Flame Barrier+1","floor":25.0},{"not_picked":["Thunderclap+1","Headbutt+1"],"picked":"Twin Strike+1","floor":27.0},{"not_picked":["Shrug It Off+1","Clash+1"],"picked":"Twin Strike+1","floor":28.0},{"not_picked":["Heavy Blade+1","Searing Blow+1"],"picked":"Disarm+1","floor":29.0},{"not_picked":["Hemokinesis+1","Warcry+1"],"picked":"Twin Strike+1","floor":31.0},{"not_picked":["Juggernaut","Offering+1"],"picked":"Reaper+1","floor":33.0},{"not_picked":["Sword Boomerang+1","Warcry+1"],"picked":"Twin Strike+1","floor":35.0},{"not_picked":["Cleave+1","Thunderclap+1"],"picked":"Corruption","floor":41.0},{"not_picked":["Entrench+1","Body Slam+1"],"picked":"Warcry+1","floor":44.0},{"not_picked":["Intimidate+1","Bloodletting+1","Blood for Blood+1"],"picked":"SKIP","floor":45.0},{"not_picked":["Corruption+1","True Grit+1"],"picked":"Wild Strike+1","floor":48.0}],"player_experience":393734,"relics_obtained":[{"floor":9.0,"key":"Darkstone Periapt"},{"floor":23.0,"key":"Self Forming Clay"},{"floor":25.0,"key":"Ginger"},{"floor":26.0,"key":"Bottled Lightning"},{"floor":30.0,"key":"Bronze Scales"},{"floor":43.0,"key":"Gremlin Horn"}],"event_choices":[{"damage_healed":0.0,"max_hp_gain":0.0,"max_hp_loss":0.0,"gold_gain":175.0,"event_name":"Liars Game","player_choice":"AGREE","floor":3.0,"gold_loss":0.0,"damage_taken":0.0,"cards_obtained":["Doubt"]},{"damage_healed":0.0,"max_hp_gain":0.0,"max_hp_loss":0.0,"gold_gain":0.0,"event_name":"Golden Idol","player_choice":"Take Wound","floor":11.0,"gold_loss":0.0,"damage_taken":0.0,"relics_obtained":["Golden Idol"],"cards_obtained":["Injury"]},{"damage_healed":0.0,"max_hp_gain":0.0,"max_hp_loss":0.0,"gold_gain":0.0,"event_name":"Shining Light","player_choice":"Entered Light","floor":12.0,"gold_loss":0.0,"damage_taken":17.0,"cards_upgraded":["Defend_R","Strike_R"]},{"damage_healed":0.0,"max_hp_gain":0.0,"max_hp_loss":0.0,"gold_gain":275.0,"event_name":"Golden Shrine","player_choice":"Desecrate","floor":13.0,"gold_loss":0.0,"damage_taken":0.0,"cards_obtained":["Regret"]},{"damage_healed":0.0,"max_hp_gain":0.0,"max_hp_loss":0.0,"gold_gain":0.0,"event_name":"The Mausoleum","player_choice":"Opened","floor":20.0,"gold_loss":0.0,"damage_taken":0.0,"relics_obtained":["Paper Frog"]},{"damage_healed":0.0,"max_hp_gain":0.0,"max_hp_loss":0.0,"gold_gain":0.0,"event_name":"Tomb of Lord Red Mask","player_choice":"Paid","floor":37.0,"gold_loss":34.0,"damage_taken":0.0,"relics_obtained":["Red Mask"]},{"cards_removed":["Corruption"],"damage_healed":0.0,"max_hp_gain":0.0,"max_hp_loss":0.0,"gold_gain":0.0,"event_name":"Falling","player_choice":"Removed Power","floor":38.0,"gold_loss":0.0,"damage_taken":0.0},{"damage_healed":0.0,"max_hp_gain":0.0,"max_hp_loss":0.0,"gold_gain":333.0,"event_name":"The Moai Head","player_choice":"Gave Idol","floor":39.0,"relics_lost":["Golden Idol"],"gold_loss":0.0,"damage_taken":0.0},{"damage_healed":0.0,"max_hp_gain":0.0,"max_hp_loss":0.0,"gold_gain":0.0,"event_name":"Mysterious Sphere","player_choice":"Ignored","floor":47.0,"gold_loss":0.0,"damage_taken":0.0}],"is_beta":false,"boss_relics":[{"not_picked":["Fusion Hammer","Empty Cage"],"picked":"Snecko Eye"},{"not_picked":["Pandora\u0027s Box","Velvet Choker"],"picked":"Black Star"}],"items_purged_floors":[14,36],"is_endless":false,"potions_floor_spawned":[1,4,23,25,29,31,33,41],"killed_by":"Donu and Deca","ascension_level":11}