{"gold_per_floor":[110,120,195,214,231,256,256,283,310,310,310,310,329,345,345,450,450,462,462,85,85],"floor_reached":21,"playtime":954,"items_purged":["Strike_B"],"score":217,"play_id":"ea2fde88-250f-4814-a9a6-9c9a4931cbb7","local_time":"20180720160236","is_ascension_mode":true,"campfire_choices":[{"data":"Double Energy","floor":7,"key":"SMITH"},{"data":"Zap","floor":10,"key":"SMITH"},{"data":"Recycle","floor":15,"key":"SMITH"}],"neow_cost":"NONE","seed_source_timestamp":487898451963615,"circlet_count":0,"master_deck":["Strike_B","Strike_B","Defend_B","Defend_B","Defend_B","Defend_B","Zap+1","Dualcast","Leap","Darkness","Cold Snap","Double Energy+1","Meteor Strike","Loop","Steam","Sunder","Recycle+1","Creative AI","Conserve Battery+1","Bandage Up"],"relics":["Cracked Core","Blood Vial","Gambling Chip","Juzu Bracelet","Strawberry","Question Card","Sozu","Enchiridion","ClockworkSouvenir"],"potions_floor_usage":[6,21,21,21],"damage_taken":[{"damage":2,"enemies":"2 Louse","floor":1,"turns":3},{"damage":5,"enemies":"Small Slimes","floor":2,"turns":4},{"damage":0,"enemies":"Cultist","floor":4,"turns":3},{"damage":11,"enemies":"Lots of Slimes","floor":5,"turns":4},{"damage":13,"enemies":"3 Sentries","floor":6,"turns":10},{"damage":16,"enemies":"Gremlin Nob","floor":8,"turns":3},{"damage":0,"enemies":"Exordium Wildlife","floor":13,"turns":4},{"damage":0,"enemies":"Exordium Thugs","floor":14,"turns":4},{"damage":27,"enemies":"The Guardian","floor":16,"turns":13},{"damage":26,"enemies":"3 Byrds","floor":18,"turns":5},{"damage":52,"floor":21,"turns":3}],"seed_played":"282858081315239922","potions_obtained":[{"floor":4,"key":"Swift Potion"},{"floor":6,"key":"SpeedPotion"},{"floor":14,"key":"Explosive Potion"},{"floor":16,"key":"PowerPotion"}],"is_trial":false,"path_per_floor":["M","M","?","M","M","E","R","E","T","R","?","T","M","M","R","B",null,"M","?","$"],"character_chosen":"DEFECT","items_purchased":["ClockworkSouvenir","Bandage Up"],"campfire_rested":0,"item_purchase_floors":[20,20],"current_hp_per_floor":[73,70,59,61,52,41,41,27,34,34,34,34,36,38,38,13,82,56,40,40,0],"gold":85,"neow_bonus":"RANDOM_COMMON_RELIC","is_prod":false,"is_daily":false,"chose_seed":false,"campfire_upgraded":3,"win_rate":0,"timestamp":1532124156,"path_taken":["M","M","?","M","M","E","R","E","T","R","?","?","M","M","R","BOSS","M","?","$","?"],"build_version":"2018-07-19v2","purchased_purges":1,"victory":false,"max_hp_per_floor":[75,75,75,75,75,75,75,75,82,82,82,82,82,82,82,82,82,82,82,82,82],"card_choices":[{"not_picked":["Steam","Beam Cell"],"picked":"Leap","floor":1},{"not_picked":["Beam Cell","Static Discharge"],"picked":"Darkness","floor":2},{"not_picked":["Rebound","Beam Cell"],"picked":"Cold Snap","floor":4},{"not_picked":["Hello World","Blizzard"],"picked":"Double Energy","floor":5},{"not_picked":["Barrage","Blizzard"],"picked":"Meteor Strike","floor":6},{"not_picked":["Conserve Battery","Heatsinks"],"picked":"Loop","floor":8},{"not_picked":["Genetic Algorithm","Turbo","Beam Cell"],"picked":"Sunder","floor":13},{"not_picked":["Steam","Conserve Battery","Coolheaded"],"picked":"Recycle","floor":14},{"not_picked":["Biased Cognition","Electrodynamics","Meteor Strike"],"picked":"Creative AI","floor":16},{"not_picked":["Leap+1","Cold Snap","Barrage"],"picked":"Conserve Battery+1","floor":18}],"player_experience":241928,"relics_obtained":[{"floor":6,"key":"Gambling Chip"},{"floor":8,"key":"Juzu Bracelet"},{"floor":9,"key":"Strawberry"},{"floor":12,"key":"Question Card"},{"floor":19,"key":"Enchiridion"}],"event_choices":[{"event_name":"World of Goop","player_choice":"Gather Gold","floor":3,"damage_taken":0},{"event_name":"Transmorgrifier","player_choice":"Transform","floor":11,"damage_taken":0},{"event_name":"Cursed Tome","player_choice":"Obtained Book","floor":19,"damage_taken":0},{"event_name":"Masked Bandits","player_choice":"Fought over 85 gold","floor":21,"damage_taken":0}],"is_beta":false,"boss_relics":[{"not_picked":["Lizard Tail","Eternal Feather"],"picked":"Sozu"}],"items_purged_floors":[20],"is_endless":false,"potions_floor_spawned":[4,6,14,16],"ascension_level":3}