{"gold_per_floor":[145,163,263,338,356,356,367,378,446,457,472,489,123,137,137,233,233,262,274,286,314,158,158,177,177],"floor_reached":25,"playtime":1256,"items_purged":["Strike_G","Injury"],"score":224,"play_id":"bdd3b1d3-6155-49d9-a3c3-6bd289311f24","local_time":"20181030131322","is_ascension_mode":false,"campfire_choices":[{"data":"Neutralize","floor":6,"key":"SMITH"},{"floor":15,"key":"REST"},{"data":"Envenom","floor":23,"key":"SMITH"}],"neow_cost":"NONE","seed_source_timestamp":853297696828977,"circlet_count":0,"master_deck":["Defend_G","Defend_G","Defend_G","Defend_G","Defend_G","Strike_G","Strike_G","Strike_G","Strike_G","Survivor","Neutralize+1","Cloak And Dagger","Cloak And Dagger","Flying Knee","Dagger Spray","Acrobatics","Blade Dance","Blade Dance","Prepared","Infinite Blades","Dagger Throw","Envenom+1","Parasite","Prepared","Blade Dance","Storm of Steel","Underhanded Strike"],"relics":["Ring of the Snake","Tiny Chest","Darkstone Periapt","Regal Pillow","Calling Bell","MawBank","Paper Crane","Shovel"],"potions_floor_usage":[16,16,24,24],"damage_taken":[{"damage":0,"enemies":"2 Louse","floor":1,"turns":3},{"damage":0,"enemies":"Cultist","floor":2,"turns":5},{"damage":0,"enemies":"Small Slimes","floor":5,"turns":3},{"damage":0,"enemies":"2 Fungi Beasts","floor":7,"turns":4},{"damage":10,"enemies":"Large Slime","floor":8,"turns":7},{"damage":1,"enemies":"Red Slaver","floor":10,"turns":3},{"damage":4,"enemies":"Gremlin Gang","floor":11,"turns":4},{"damage":0,"enemies":"Looter","floor":12,"turns":3},{"damage":0,"enemies":"2 Fungi Beasts","floor":14,"turns":3},{"damage":16,"enemies":"Slime Boss","floor":16,"turns":7},{"damage":23,"enemies":"Spheric Guardian","floor":18,"turns":5},{"damage":32,"enemies":"Shell Parasite","floor":21,"turns":8},{"damage":10,"enemies":"3 Cultists","floor":24,"turns":4},{"damage":0,"enemies":"Slavers","floor":25,"turns":1}],"seed_played":"-5849108097140465554","potions_obtained":[{"floor":2,"key":"LiquidBronze"},{"floor":5,"key":"LiquidBronze"},{"floor":11,"key":"Strength Potion"},{"floor":12,"key":"SteroidPotion"},{"floor":14,"key":"PowerPotion"},{"floor":18,"key":"SteroidPotion"},{"floor":24,"key":"GamblersBrew"}],"is_trial":false,"path_per_floor":["M","M","?","?","M","R","M","M","T","M","M","M","$","M","R","B",null,"M","?","?","M","$","R","M"],"character_chosen":"THE_SILENT","items_purchased":["Prepared","Infinite Blades","Regal Pillow","Storm of Steel"],"campfire_rested":1,"item_purchase_floors":[13,13,13,22],"current_hp_per_floor":[70,70,70,59,59,59,59,49,49,48,44,44,44,44,70,54,88,65,88,88,56,56,56,46,46],"gold":177,"neow_bonus":"RANDOM_COMMON_RELIC","is_prod":false,"is_daily":false,"chose_seed":false,"campfire_upgraded":2,"win_rate":0,"timestamp":1540901602,"path_taken":["M","M","?","?","M","R","M","M","T","?","?","M","$","M","R","BOSS","M","?","?","M","$","R","?","E"],"build_version":"2018-10-29v2","purchased_purges":2,"victory":false,"max_hp_per_floor":[70,70,70,70,70,70,70,70,70,70,70,70,70,70,70,70,88,88,88,88,88,88,88,88,88],"card_choices":[{"not_picked":["Deadly Poison","Eviscerate"],"picked":"Cloak And Dagger","floor":1},{"not_picked":["Quick Slash","Infinite Blades"],"picked":"Cloak And Dagger","floor":2},{"not_picked":["Choke","Cloak And Dagger"],"picked":"Flying Knee","floor":5},{"not_picked":["Deadly Poison","Terror","Outmaneuver"],"picked":"SKIP","floor":7},{"not_picked":["Infinite Blades","Quick Slash"],"picked":"Dagger Spray","floor":8},{"not_picked":["Terror","Expertise"],"picked":"Acrobatics","floor":10},{"not_picked":["Poisoned Stab","Dash"],"picked":"Blade Dance","floor":11},{"not_picked":["Endless Agony","Venomology"],"picked":"Blade Dance","floor":12},{"not_picked":["Acrobatics","Leg Sweep"],"picked":"Dagger Throw","floor":14},{"not_picked":["Die Die Die","A Thousand Cuts"],"picked":"Envenom","floor":16},{"not_picked":["Slice+1","Dagger Throw"],"picked":"Prepared","floor":18},{"not_picked":["Bane","Choke"],"picked":"Blade Dance","floor":21},{"not_picked":["Choke+1","Deflect+1"],"picked":"Underhanded Strike","floor":24}],"player_experience":29367,"relics_obtained":[{"floor":9,"key":"Darkstone Periapt"},{"floor":17,"key":"MawBank"},{"floor":17,"key":"Paper Crane"},{"floor":17,"key":"Shovel"}],"event_choices":[{"damage_healed":0,"gold_gain":100,"player_choice":"Pray","damage_taken":0,"max_hp_gain":0,"max_hp_loss":0,"event_name":"Golden Shrine","floor":3,"gold_loss":0},{"damage_healed":0,"gold_gain":75,"player_choice":"Gather Gold","damage_taken":11,"max_hp_gain":0,"max_hp_loss":0,"event_name":"World of Goop","floor":4,"gold_loss":0},{"damage_healed":29,"gold_gain":0,"player_choice":"Heal","damage_taken":0,"max_hp_gain":0,"max_hp_loss":0,"event_name":"The Library","floor":19,"gold_loss":0},{"cards_removed":["Decay"],"damage_healed":0,"gold_gain":0,"player_choice":"Elegance","damage_taken":0,"max_hp_gain":0,"max_hp_loss":0,"event_name":"Back to Basics","floor":20,"gold_loss":0}],"is_beta":true,"boss_relics":[{"not_picked":["Coffee Dripper","Orrery"],"picked":"Calling Bell"}],"items_purged_floors":[13,22],"is_endless":false,"potions_floor_spawned":[2,5,11,12,14,18,24],"killed_by":"Slavers","ascension_level":0}