{"gold_per_floor":[117,135,135,145,163,190,200,200,225,225,253,264,282,317,317,421,421,433,78,3,16,36,67,80,115,115,115,115,133,133,149,149,149],"floor_reached":33,"playtime":3540,"items_purged":[],"score":311,"play_id":"9f6a187a-1401-4669-9efb-6a2bd32e9bec","local_time":"20180627171149","is_ascension_mode":false,"campfire_choices":[{"data":"Caltrops","floor":8,"key":"SMITH"},{"data":"Burst","floor":10,"key":"SMITH"},{"floor":15,"key":"REST"},{"data":"Envenom","floor":30,"key":"SMITH"},{"floor":32,"key":"REST"}],"neow_cost":"NONE","seed_source_timestamp":85723320451721,"circlet_count":0,"master_deck":["Defend_G","Defend_G","Defend_G","Defend_G","Defend_G","Strike_G","Strike_G","Strike_G","Survivor","Neutralize","Deadly Poison","Caltrops+1","Dash","Sucker Punch","Backstab","Heel Hook","Burst+1","Malaise","PiercingWail","Bane","Envenom+1","Venomology","Dodge and Roll+1","Outmaneuver","Noxious Fumes","Dagger Spray+1","Flying Knee","Catalyst","Bane","Phantasmal Killer","Dodge and Roll+1"],"relics":["Ring of the Snake","Anchor","Vajra","Orichalcum","Potion Belt","Runic Pyramid","Mercury Hourglass","Boot","Ancient Tea Set","Smiling Mask"],"potions_floor_usage":[0,6,6,16,18,21,22,23,24,24,29,29,33,33,33,33,33],"damage_taken":[{"damage":1,"enemies":"Jaw Worm","floor":1,"turns":4},{"damage":4,"enemies":"Cultist","floor":2,"turns":4},{"damage":2,"enemies":"2 Louse","floor":4,"turns":4},{"damage":1,"enemies":"Exordium Wildlife","floor":5,"turns":5},{"damage":21,"enemies":"3 Sentries","floor":6,"turns":9},{"damage":0,"enemies":"Lots of Slimes","floor":7,"turns":3},{"damage":24,"enemies":"Lagavulin","floor":11,"turns":8},{"damage":2,"enemies":"Blue Slaver","floor":12,"turns":4},{"damage":0,"enemies":"2 Fungi Beasts","floor":13,"turns":3},{"damage":5,"enemies":"3 Sentries","floor":14,"turns":8},{"damage":3,"enemies":"The Guardian","floor":16,"turns":10},{"damage":0,"enemies":"Shell Parasite","floor":18,"turns":5},{"damage":0,"enemies":"Spheric Guardian","floor":21,"turns":4},{"damage":1,"enemies":"Snake Plant","floor":22,"turns":4},{"damage":12,"enemies":"Book of Stabbing","floor":23,"turns":5},{"damage":8,"enemies":"Cultist and Chosen","floor":24,"turns":6},{"damage":24,"enemies":"Slavers","floor":25,"turns":5},{"damage":11,"enemies":"3 Cultists","floor":29,"turns":4},{"damage":0,"enemies":"Snake Plant","floor":31,"turns":2},{"damage":51,"enemies":"Collector","floor":33,"turns":7}],"seed_played":"-8002804446475988674","potions_obtained":[{"floor":5,"key":"AttackPotion"},{"floor":6,"key":"Energy Potion"},{"floor":11,"key":"GamblersBrew"},{"floor":13,"key":"EssenceOfSteel"},{"floor":14,"key":"Ancient Potion"},{"floor":16,"key":"Weak Potion"},{"floor":18,"key":"SpeedPotion"},{"floor":25,"key":"AttackPotion"}],"is_trial":false,"path_per_floor":["M","M","?","M","M","E","M","R","T","R","E","M","M","E","R","B",null,"M","$","?","M","M","E","M","E","T","?","?","M","R","M","R"],"character_chosen":"THE_SILENT","items_purchased":["Mercury Hourglass","Outmaneuver","Noxious Fumes"],"campfire_rested":2,"item_purchase_floors":[19,19,19],"current_hp_per_floor":[74,70,70,68,67,46,46,46,46,46,22,20,20,15,37,34,75,75,75,75,75,74,62,54,30,30,30,30,19,19,19,41,0],"gold":149,"neow_bonus":"THREE_SMALL_POTIONS","is_prod":false,"is_daily":false,"chose_seed":false,"campfire_upgraded":3,"win_rate":0.0,"timestamp":1530141109,"path_taken":["M","M","?","M","M","E","M","R","T","R","E","M","M","E","R","BOSS","M","$","?","M","M","E","M","E","T","?","?","M","R","M","R","BOSS"],"build_version":"2018-06-21v2","purchased_purges":0,"victory":false,"max_hp_per_floor":[75,75,75,75,75,75,75,75,75,75,75,75,75,75,75,75,75,75,75,75,75,75,75,75,75,75,75,75,75,75,75,75,75],"card_choices":[{"not_picked":["Acrobatics","Choke"],"picked":"Deadly Poison","floor":1},{"not_picked":["Deflect","Outmaneuver"],"picked":"Caltrops","floor":2},{"not_picked":["Underhanded Strike","Slice"],"picked":"Sucker Punch","floor":4},{"not_picked":["Eviscerate","Prepared"],"picked":"Backstab","floor":5},{"not_picked":["Dagger Throw","Quick Slash"],"picked":"Heel Hook","floor":6},{"not_picked":["Backflip","Acrobatics"],"picked":"Burst","floor":7},{"not_picked":["Eviscerate","Finisher"],"picked":"Malaise","floor":11},{"not_picked":["Calculated Gamble","All Out Attack"],"picked":"PiercingWail","floor":12},{"not_picked":["Dagger Throw","Flying Knee"],"picked":"Bane","floor":13},{"not_picked":["Escape Plan","Dash"],"picked":"Envenom","floor":14},{"not_picked":["Glass Knife","Corpse Explosion"],"picked":"Venomology","floor":16},{"not_picked":["Slice","Quick Slash"],"picked":"Dodge and Roll+1","floor":18},{"not_picked":["Outmaneuver","Malaise"],"picked":"Dagger Spray+1","floor":21},{"not_picked":["Deadly Poison+1","Backflip"],"picked":"Flying Knee","floor":22},{"not_picked":["Slice","Riddle With Holes"],"picked":"Catalyst","floor":23},{"not_picked":["Deadly Poison","Bouncing Flask"],"picked":"Bane","floor":24},{"not_picked":["Dagger Throw","Expertise"],"picked":"Phantasmal Killer","floor":25},{"not_picked":["Dash","Well Laid Plans","Masterful Stab+1"],"picked":"SKIP","floor":29},{"not_picked":["PiercingWail+1","Outmaneuver+1"],"picked":"Dodge and Roll+1","floor":31}],"player_experience":25155,"relics_obtained":[{"floor":6,"key":"Anchor"},{"floor":9,"key":"Vajra"},{"floor":11,"key":"Orichalcum"},{"floor":14,"key":"Potion Belt"},{"floor":23,"key":"Boot"},{"floor":25,"key":"Ancient Tea Set"},{"floor":26,"key":"Smiling Mask"}],"event_choices":[{"event_name":"Living Wall","player_choice":"Change","floor":3,"damage_taken":0},{"event_name":"Beggar","player_choice":"Gave Gold","floor":20,"damage_taken":0},{"event_name":"Ghosts","player_choice":"Ignored","floor":27,"damage_taken":0},{"event_name":"Accursed Blacksmith","player_choice":"Ignore","floor":28,"damage_taken":0}],"boss_relics":[{"not_picked":["White Beast Statue","Lizard Tail"],"picked":"Runic Pyramid"}],"items_purged_floors":[],"is_endless":false,"potions_floor_spawned":[5,6,11,13,14,16,18,22,25],"killed_by":"Collector","ascension_level":0}