{"gold_per_floor":[119,119,44,44,61,61,76,93,120,120,138,156,35,35,35,133,133,146,159,169,200,53,53],"floor_reached":23,"playtime":1434,"items_purged":["Defend_B","Strike_B"],"score":183,"play_id":"090b155e-0410-4642-aa3e-e6609c89234d","local_time":"20190307185331","is_ascension_mode":false,"campfire_choices":[{"data":"Dualcast","floor":6,"key":"SMITH"},{"data":"Leap","floor":15,"key":"SMITH"}],"neow_cost":"NONE","seed_source_timestamp":188799789543555,"circlet_count":0,"master_deck":["Strike_B","Strike_B","Defend_B","Defend_B","Defend_B","Zap","Dualcast+1","Auto Shields","Rebound","Hologram","Self Repair","Undo","Genetic Algorithm","Beam Cell","Sweeping Beam","Leap+1","All For One","Steam","Conserve Battery","Hologram","Conserve Battery","Gash"],"relics":["Cracked Core","NeowsBlessing","Regal Pillow","Velvet Choker","Red Mask"],"potions_floor_usage":[16,21],"damage_taken":[{"damage":0,"enemies":"Small Slimes","floor":1,"turns":1},{"damage":0,"enemies":"Cultist","floor":5,"turns":1},{"damage":0,"enemies":"Jaw Worm","floor":7,"turns":1},{"damage":13,"enemies":"Lots of Slimes","floor":8,"turns":4},{"damage":1,"enemies":"2 Fungi Beasts","floor":11,"turns":3},{"damage":8,"enemies":"Blue Slaver","floor":12,"turns":4},{"damage":54,"enemies":"Hexaghost","floor":16,"turns":12},{"damage":7,"enemies":"2 Thieves","floor":18,"turns":5},{"damage":10,"enemies":"3 Byrds","floor":19,"turns":5},{"damage":12,"enemies":"Snecko","floor":20,"turns":9},{"damage":36,"enemies":"Masked Bandits","floor":21,"turns":7},{"damage":43,"enemies":"Book of Stabbing","floor":23,"turns":6}],"seed_played":"-831515498953925371","potions_obtained":[{"floor":5,"key":"Explosive Potion"},{"floor":8,"key":"Weak Potion"},{"floor":19,"key":"Energy Potion"},{"floor":20,"key":"SteroidPotion"}],"is_trial":false,"path_per_floor":["?","T","M","?","M","$","M","M","?","$"],"character_chosen":"DEFECT","items_purchased":["Beam Cell","Sweeping Beam","Leap","Gash"],"campfire_rested":0,"item_purchase_floors":[13,13,13,22],"current_hp_per_floor":[75,75,75,75,75,75,75,62,62,62,68,67,67,67,67,20,75,75,72,67,38,38,0],"gold":53,"neow_bonus":"THREE_ENEMY_KILL","is_prod":false,"is_daily":false,"chose_seed":false,"campfire_upgraded":2,"win_rate":0,"timestamp":1551981211,"path_taken":["M","?","$","?","M","R","M","?","T","?","?","M","?","$","R","BOSS","M","?","?","?","?","E"],"build_version":"2019-01-23","purchased_purges":2,"victory":false,"max_hp_per_floor":[75,75,75,75,75,75,75,75,75,75,75,75,75,75,75,75,75,75,75,75,75,75,75],"card_choices":[{"not_picked":["Turbo","Compile Driver"],"picked":"Auto Shields","floor":1},{"not_picked":["Double Energy","Barrage"],"picked":"Rebound","floor":5},{"not_picked":["Barrage","Conserve Battery"],"picked":"Hologram","floor":7},{"not_picked":["Rebound","Conserve Battery"],"picked":"Self Repair","floor":8},{"not_picked":["Coolheaded","Blizzard"],"picked":"Genetic Algorithm","floor":11},{"not_picked":["Tempest","Darkness","Rainbow"],"picked":"SKIP","floor":12},{"not_picked":["Rainbow","Seek"],"picked":"All For One","floor":16},{"not_picked":["Doom and Gloom","Storm"],"picked":"Steam","floor":18},{"not_picked":["Leap","Hologram"],"picked":"Conserve Battery","floor":19},{"not_picked":["Ball Lightning","Genetic Algorithm"],"picked":"Hologram","floor":20},{"not_picked":["Steam Power","Auto Shields"],"picked":"Conserve Battery","floor":21}],"player_experience":164032,"relics_obtained":[{"floor":9,"key":"Regal Pillow"},{"floor":21,"key":"Red Mask"}],"event_choices":[{"damage_healed":0,"gold_gain":0,"player_choice":"Ignored","damage_taken":0,"max_hp_gain":0,"max_hp_loss":0,"event_name":"NoteForYourself","floor":2,"gold_loss":0},{"damage_healed":0,"gold_gain":0,"cards_transformed":["Strike_B"],"player_choice":"Transformed","damage_taken":0,"max_hp_gain":0,"max_hp_loss":0,"event_name":"Transmorgrifier","floor":10,"gold_loss":0,"cards_obtained":["Undo"]},{"damage_healed":0,"gold_gain":0,"player_choice":"Fought Bandits","damage_taken":0,"max_hp_gain":0,"max_hp_loss":0,"event_name":"Masked Bandits","floor":21,"gold_loss":0}],"is_beta":false,"boss_relics":[{"not_picked":["FrozenCore","Black Star"],"picked":"Velvet Choker"}],"items_purged_floors":[3,22],"is_endless":false,"potions_floor_spawned":[5,8,19,20],"killed_by":"Book of Stabbing","ascension_level":0}