{"gold_per_floor":[20,33,53,53,66,98,112,112,112,122,122,149,167,177,177,177],"floor_reached":16,"playtime":712,"items_purged":[],"score":122,"play_id":"422d0775-d677-4d9c-bde4-3e4499adb4aa","local_time":"20180709151012","is_ascension_mode":true,"campfire_choices":[{"data":"Rupture","floor":8,"key":"SMITH"},{"floor":11,"key":"REST"},{"data":"Uppercut","floor":15,"key":"SMITH"}],"neow_cost":"NO_GOLD","seed_source_timestamp":679599471087564,"circlet_count":0,"master_deck":["Strike_R","Strike_R","Strike_R","Strike_R","Strike_R","Defend_R","Defend_R","Defend_R","Defend_R","Bash","Uppercut+1","Pommel Strike","Entrench","Headbutt","Rupture+1","Brutality","Flex","Blood for Blood"],"relics":["Burning Blood","Peace Pipe","Bag of Marbles","Pantograph","Orichalcum"],"potions_floor_usage":[14,16,16],"damage_taken":[{"damage":0,"enemies":"Small Slimes","floor":1,"turns":3},{"damage":5,"enemies":"Cultist","floor":2,"turns":4},{"damage":5,"enemies":"2 Louse","floor":3,"turns":3},{"damage":19,"enemies":"Lots of Slimes","floor":5,"turns":4},{"damage":40,"enemies":"Lagavulin","floor":6,"turns":8},{"damage":21,"enemies":"Exordium Thugs","floor":7,"turns":4},{"damage":16,"enemies":"Red Slaver","floor":10,"turns":4},{"damage":17,"enemies":"Gremlin Nob","floor":12,"turns":4},{"damage":1,"enemies":"Looter","floor":13,"turns":2},{"damage":12,"enemies":"Lots of Slimes","floor":14,"turns":3},{"damage":45,"enemies":"Slime Boss","floor":16,"turns":8}],"seed_played":"1309950155453666617","potions_obtained":[{"floor":1,"key":"Fire Potion"},{"floor":2,"key":"Energy Potion"},{"floor":5,"key":"EssenceOfSteel"}],"is_trial":false,"path_per_floor":["M","M","M","?","M","E","M","R","T","M","R","E","M","M","R"],"character_chosen":"IRONCLAD","items_purchased":[],"campfire_rested":1,"item_purchase_floors":[],"current_hp_per_floor":[80,80,80,80,67,33,18,18,18,8,32,21,26,20,20,0],"gold":177,"neow_bonus":"ONE_RARE_RELIC","is_prod":false,"is_daily":false,"chose_seed":false,"campfire_upgraded":2,"win_rate":0,"timestamp":1531170612,"path_taken":["M","M","M","?","M","E","M","R","T","M","R","E","M","?","R","BOSS"],"build_version":"2018-07-05","purchased_purges":0,"victory":false,"max_hp_per_floor":[80,80,80,80,80,80,80,80,80,80,80,80,80,80,80,80],"card_choices":[{"not_picked":["Wild Strike","Headbutt"],"picked":"Uppercut","floor":1},{"not_picked":["Warcry","Clothesline"],"picked":"Pommel Strike","floor":2},{"not_picked":["Sword Boomerang","Perfected Strike","Clothesline"],"picked":"SKIP","floor":3},{"not_picked":["Pommel Strike","Perfected Strike"],"picked":"Entrench","floor":5},{"not_picked":["True Grit","Shockwave"],"picked":"Headbutt","floor":6},{"not_picked":["Cleave","Reckless Charge"],"picked":"Rupture","floor":7},{"not_picked":["Searing Blow","Sword Boomerang"],"picked":"Brutality","floor":10},{"not_picked":["Twin Strike","Anger","Sentinel"],"picked":"SKIP","floor":12},{"not_picked":["Exhume","True Grit"],"picked":"Flex","floor":13},{"not_picked":["Sever Soul","Perfected Strike"],"picked":"Blood for Blood","floor":14}],"player_experience":172892,"relics_obtained":[{"floor":6,"key":"Bag of Marbles"},{"floor":9,"key":"Pantograph"},{"floor":12,"key":"Orichalcum"}],"event_choices":[{"event_name":"The Woman in Blue","player_choice":"Bought 0 Potions","floor":4,"damage_taken":0}],"boss_relics":[],"items_purged_floors":[],"is_endless":false,"potions_floor_spawned":[1,2,5,13],"killed_by":"Slime Boss","ascension_level":1}