{"gold_per_floor":[114,114,38,53,68,68,86,86,113,177,195,208,39,39,39,39],"floor_reached":16,"playtime":1092,"items_purged":[],"score":92,"play_id":"a3d049ed-c4f0-4a17-bc57-41041443ea7d","local_time":"20190210195710","is_ascension_mode":false,"campfire_choices":[{"data":"Defragment","floor":6,"key":"SMITH"},{"floor":15,"key":"REST"}],"neow_cost":"NONE","seed_source_timestamp":434588981902600,"circlet_count":0,"master_deck":["Strike_B","Strike_B","Strike_B","Strike_B","Defend_B","Defend_B","Defend_B","Defend_B","Zap+1","Dualcast","Auto Shields+1","Turbo","Conserve Battery","Defragment+1","Melter","Chaos","Fission","Coolheaded","Rip and Tear","Static Discharge","Injury","Genetic Algorithm"],"relics":["Cracked Core","Dream Catcher","Ancient Tea Set","PreservedInsect","Golden Idol"],"potions_floor_usage":[5,10],"damage_taken":[{"damage":1,"enemies":"2 Louse","floor":1,"turns":3},{"damage":1,"enemies":"Cultist","floor":4,"turns":3},{"damage":3,"enemies":"Small Slimes","floor":5,"turns":3},{"damage":0,"enemies":"Blue Slaver","floor":7,"turns":3},{"damage":33,"enemies":"Lagavulin Event","floor":10,"turns":6},{"damage":11,"enemies":"3 Louse","floor":11,"turns":3},{"damage":5,"enemies":"2 Fungi Beasts","floor":12,"turns":3},{"damage":40,"enemies":"Slime Boss","floor":16,"turns":10}],"seed_played":"-4556523927333296739","potions_obtained":[{"floor":4,"key":"Fire Potion"}],"is_trial":false,"path_per_floor":["M","?","$","M","M","R","M","?","T","?","M","M","$","?","R","B"],"character_chosen":"DEFECT","items_purchased":["Turbo","Fire Potion","Coolheaded","Rip and Tear","Static Discharge"],"campfire_rested":1,"item_purchase_floors":[3,3,13,13,13],"current_hp_per_floor":[74,74,74,73,70,70,70,67,67,34,23,18,18,18,40,0],"gold":39,"neow_bonus":"UPGRADE_CARD","is_prod":false,"is_daily":false,"chose_seed":false,"campfire_upgraded":1,"win_rate":0.0,"timestamp":1549846630,"path_taken":["M","?","?","M","M","R","?","?","T","?","M","M","?","?","R","BOSS"],"build_version":"2019-01-23","purchased_purges":0,"victory":false,"max_hp_per_floor":[75,75,75,75,75,75,75,75,75,75,75,75,75,75,75,75],"card_choices":[{"not_picked":["Sweeping Beam","Compile Driver"],"picked":"Auto Shields","floor":1},{"not_picked":["Compile Driver","Scrape"],"picked":"Conserve Battery","floor":4},{"not_picked":["Turbo","Conserve Battery"],"picked":"Defragment","floor":5},{"not_picked":["Double Energy","Chaos"],"picked":"Melter","floor":7},{"not_picked":["Loop","Hello World"],"picked":"Chaos","floor":10},{"not_picked":["Gash","Stack","Recycle"],"picked":"SKIP","floor":11},{"not_picked":["Coolheaded","Compile Driver"],"picked":"Fission","floor":12},{"not_picked":["Cold Snap","Reprogram"],"picked":"Genetic Algorithm","floor":15}],"player_experience":53901,"relics_obtained":[{"floor":9,"key":"Ancient Tea Set"},{"floor":10,"key":"PreservedInsect"}],"event_choices":[{"damage_healed":0,"gold_gain":0,"player_choice":"Forge","damage_taken":0,"max_hp_gain":0,"max_hp_loss":0,"event_name":"Accursed Blacksmith","floor":2,"gold_loss":0,"cards_upgraded":["Auto Shields"]},{"damage_healed":0,"gold_gain":0,"player_choice":"Success","damage_taken":3,"relics_obtained":["Dream Catcher"],"max_hp_gain":0,"max_hp_loss":0,"event_name":"Scrap Ooze","floor":8,"gold_loss":0},{"damage_healed":0,"gold_gain":0,"player_choice":"Searched \u00271\u0027 times","damage_taken":0,"max_hp_gain":0,"max_hp_loss":0,"event_name":"Dead Adventurer","floor":10,"gold_loss":0},{"damage_healed":0,"gold_gain":0,"player_choice":"Take Wound","damage_taken":0,"relics_obtained":["Golden Idol"],"max_hp_gain":0,"max_hp_loss":0,"event_name":"Golden Idol","floor":14,"gold_loss":0,"cards_obtained":["Injury"]}],"is_beta":false,"boss_relics":[],"items_purged_floors":[],"is_endless":false,"potions_floor_spawned":[4],"killed_by":"Slime Boss","ascension_level":0}