{"gold_per_floor":[118,46,121,139,149,183,183,183,209,209,244,258,258,272,272,376,376,393,493,508,37,55,67,67,28,28,28],"floor_reached":27,"playtime":1212,"items_purged":[],"score":223,"play_id":"7b4fed86-ece6-452b-89db-3c0e18e14be6","local_time":"20180703135543","is_ascension_mode":false,"campfire_choices":[{"data":"Storm of Steel","floor":7,"key":"SMITH"},{"floor":10,"key":"REST"},{"data":"Infinite Blades","floor":13,"key":"SMITH"},{"data":"Sucker Punch","floor":15,"key":"SMITH"}],"neow_cost":"","seed_source_timestamp":156300974240304,"circlet_count":0,"master_deck":["Defend_G+1","Defend_G","Defend_G+1","Defend_G","Defend_G","Strike_G","Strike_G+1","Strike_G","Survivor","Neutralize+1","Dash","Sucker Punch+1","Infinite Blades+1","Storm of Steel+1","Endless Agony","Escape Plan","Acrobatics","Night Terror","All Out Attack+1","Bullet Time+1","Masterful Stab+1","Flying Knee","Acrobatics+1","Panache","Prepared+1","Escape Plan","Riddle With Holes"],"relics":["Ring of the Snake","Art of War","War Paint","Shuriken","Astrolabe","Ninja Scroll","Nilry\u0027s Codex","The Courier"],"potions_floor_usage":[],"damage_taken":[{"damage":0,"enemies":"Jaw Worm","floor":1,"turns":5},{"damage":3,"enemies":"2 Louse","floor":4,"turns":3},{"damage":0,"enemies":"Small Slimes","floor":5,"turns":4},{"damage":18,"enemies":"Lagavulin","floor":6,"turns":6},{"damage":4,"enemies":"3 Sentries","floor":11,"turns":9},{"damage":0,"enemies":"Exordium Wildlife","floor":12,"turns":4},{"damage":0,"enemies":"2 Fungi Beasts","floor":14,"turns":3},{"damage":17,"enemies":"The Guardian","floor":16,"turns":10},{"damage":14,"enemies":"Spheric Guardian","floor":18,"turns":4},{"damage":1,"enemies":"Chosen","floor":20,"turns":6},{"damage":15,"enemies":"Snecko","floor":22,"turns":4},{"damage":15,"enemies":"Snake Plant","floor":23,"turns":4},{"damage":10,"enemies":"Centurion and Healer","floor":27,"turns":2}],"seed_played":"-4188608890769417947","potions_obtained":[{"floor":1,"key":"SkillPotion"},{"floor":5,"key":"PowerPotion"},{"floor":6,"key":"Poison Potion"}],"is_trial":false,"path_per_floor":["M","$","?","M","M","E","R","?","T","R","E","M","R","M","R","B",null,"M","?","M","$","M","M","?","$","T"],"character_chosen":"THE_SILENT","items_purchased":["Dash","Panache","Ninja Scroll","Riddle With Holes"],"campfire_rested":1,"item_purchase_floors":[2,21,21,25],"current_hp_per_floor":[70,70,59,56,56,38,38,24,24,45,41,41,41,41,41,24,70,56,56,55,55,40,25,9,9,9,0],"gold":28,"neow_bonus":"","is_prod":false,"is_daily":false,"chose_seed":false,"campfire_upgraded":3,"win_rate":0.0,"timestamp":1530647743,"path_taken":["M","$","?","M","M","E","R","?","T","R","E","M","R","M","R","BOSS","M","?","M","$","M","?","?","?","T","?"],"build_version":"2018-06-28","purchased_purges":0,"victory":false,"max_hp_per_floor":[70,70,70,70,70,70,70,70,70,70,70,70,70,70,70,70,70,70,70,70,70,70,70,70,70,70,70],"card_choices":[{"not_picked":["Prepared","Dagger Spray"],"picked":"Bouncing Flask","floor":1},{"not_picked":["Slice","Quick Slash"],"picked":"Sucker Punch","floor":4},{"not_picked":["Bane","Cloak And Dagger"],"picked":"Infinite Blades","floor":5},{"not_picked":["PiercingWail","Acrobatics"],"picked":"Storm of Steel","floor":6},{"not_picked":["Expertise","Riddle With Holes"],"picked":"Endless Agony","floor":11},{"not_picked":["Deflect","Caltrops"],"picked":"Escape Plan","floor":12},{"not_picked":["Crippling Poison","Escape Plan"],"picked":"Acrobatics","floor":14},{"not_picked":["A Thousand Cuts","Die Die Die"],"picked":"Night Terror","floor":16},{"not_picked":["Footwork","Bouncing Flask"],"picked":"Flying Knee","floor":18},{"not_picked":["Cloak And Dagger","Poisoned Stab"],"picked":"Acrobatics+1","floor":20},{"not_picked":["Acrobatics","Sucker Punch"],"picked":"Prepared+1","floor":22},{"not_picked":["Flying Knee","Dodge and Roll+1"],"picked":"Escape Plan","floor":23}],"player_experience":136903,"relics_obtained":[{"floor":6,"key":"Art of War"},{"floor":9,"key":"War Paint"},{"floor":11,"key":"Shuriken"},{"floor":24,"key":"Nilry\u0027s Codex"},{"floor":26,"key":"The Courier"}],"event_choices":[{"event_name":"World of Goop","player_choice":"Gather Gold","floor":3,"damage_taken":0},{"event_name":"Shining Light","player_choice":"Entered Light","floor":8,"damage_taken":0},{"event_name":"Golden Shrine","player_choice":"Pray","floor":19,"damage_taken":0},{"event_name":"Cursed Tome","player_choice":"Obtained Book","floor":24,"damage_taken":0}],"boss_relics":[{"not_picked":["Black Star","Runic Dome"],"picked":"Astrolabe"}],"items_purged_floors":[],"is_endless":false,"potions_floor_spawned":[1,5,6,14,22,23],"killed_by":"Centurion and Healer","ascension_level":0}