{"gold_per_floor":[117,134,154,174,174,174,201,201,225,225,243,261,276,287,287,382,382,399,410,335,23,23,23,42,60,115,115,115],"floor_reached":28,"playtime":2542,"items_purged":[],"score":226,"play_id":"cd045268-9872-4093-bedc-f93b33d24622","local_time":"20180629020620","is_ascension_mode":false,"campfire_choices":[{"data":"Sucker Punch","floor":6,"key":"SMITH"},{"data":"Cloak And Dagger","floor":8,"key":"SMITH"},{"data":"Choke","floor":15,"key":"SMITH"},{"floor":23,"key":"REST"},{"data":"Envenom","floor":27,"key":"SMITH"}],"neow_cost":"","seed_source_timestamp":205178723756500,"circlet_count":0,"master_deck":["Defend_G","Defend_G+1","Defend_G+1","Defend_G+1","Defend_G","Strike_G","Strike_G","Strike_G","Strike_G","Survivor","Neutralize+1","Cloak And Dagger+1","Corpse Explosion","Backflip","Sucker Punch+1","Quick Slash","Choke+1","Poisoned Stab","Storm of Steel","Poisoned Stab","Envenom+1","Prepared","PiercingWail+1","Footwork","Bane+1","Dagger Spray+1"],"relics":["Ring of the Snake","War Paint","Pantograph","Lantern","White Beast Statue","Paper Crane","Tiny Chest"],"potions_floor_usage":[7,16,16,16,19,22,28],"damage_taken":[{"damage":1,"enemies":"Cultist","floor":1,"turns":4},{"damage":3,"enemies":"Small Slimes","floor":2,"turns":4},{"damage":0,"enemies":"2 Louse","floor":3,"turns":3},{"damage":3,"enemies":"Blue Slaver","floor":4,"turns":5},{"damage":36,"enemies":"Gremlin Nob","floor":7,"turns":6},{"damage":0,"enemies":"Lots of Slimes","floor":11,"turns":5},{"damage":0,"enemies":"Exordium Wildlife","floor":12,"turns":4},{"damage":0,"enemies":"Looter","floor":13,"turns":2},{"damage":0,"enemies":"Exordium Thugs","floor":14,"turns":7},{"damage":37,"enemies":"Hexaghost","floor":16,"turns":11},{"damage":35,"enemies":"Spheric Guardian","floor":18,"turns":14},{"damage":23,"enemies":"Chosen","floor":19,"turns":5},{"damage":2,"enemies":"Snecko","floor":22,"turns":5},{"damage":6,"enemies":"Snake Plant","floor":24,"turns":6},{"damage":17,"enemies":"Centurion and Healer","floor":25,"turns":6},{"damage":17,"enemies":"Snecko","floor":28,"turns":3}],"seed_played":"6536781307156466626","potions_obtained":[{"floor":3,"key":"Regen Potion"},{"floor":4,"key":"Fruit Juice"},{"floor":11,"key":"Energy Potion"},{"floor":14,"key":"FearPotion"},{"floor":18,"key":"PowerPotion"},{"floor":19,"key":"SmokeBomb"},{"floor":24,"key":"AttackPotion"},{"floor":25,"key":"Ancient Potion"}],"is_trial":false,"path_per_floor":["M","M","M","M","T","R","E","R","T","?","M","M","M","M","R","B",null,"M","M","?","$","M","R","M","M","T","R"],"character_chosen":"THE_SILENT","items_purchased":["Paper Crane","Footwork"],"campfire_rested":1,"item_purchase_floors":[21,21],"current_hp_per_floor":[69,66,66,63,63,63,32,32,32,17,17,17,17,17,17,10,75,40,17,17,17,15,37,31,14,14,14,0],"gold":115,"neow_bonus":"","is_prod":false,"is_daily":false,"chose_seed":false,"campfire_upgraded":4,"win_rate":0.0,"timestamp":1530259580,"path_taken":["M","M","M","M","?","R","E","R","T","?","M","?","M","M","R","BOSS","M","M","?","$","M","R","M","M","T","R","M"],"build_version":"2018-06-28","purchased_purges":0,"victory":false,"max_hp_per_floor":[70,70,70,70,70,70,75,75,75,75,75,75,75,75,75,75,75,75,75,75,75,75,75,75,75,75,75,75],"card_choices":[{"not_picked":["Bane","Deadly Poison"],"picked":"Cloak And Dagger","floor":1},{"not_picked":["Dagger Throw","PiercingWail"],"picked":"Corpse Explosion","floor":2},{"not_picked":["Underhanded Strike","Deadly Poison"],"picked":"Backflip","floor":3},{"not_picked":["Skewer","Eviscerate"],"picked":"Sucker Punch","floor":4},{"not_picked":["Outmaneuver","Flechettes"],"picked":"Quick Slash","floor":7},{"not_picked":["Deadly Poison","Caltrops"],"picked":"Choke","floor":11},{"not_picked":["Acrobatics","Flechettes"],"picked":"Poisoned Stab","floor":12},{"not_picked":["Sucker Punch","Masterful Stab"],"picked":"Storm of Steel","floor":13},{"not_picked":["Riddle With Holes","Dagger Throw"],"picked":"Poisoned Stab","floor":14},{"not_picked":["Bullet Time","Storm of Steel"],"picked":"Envenom","floor":16},{"not_picked":["Quick Slash","Underhanded Strike+1"],"picked":"Prepared","floor":18},{"not_picked":["Dagger Spray+1","Quick Slash+1"],"picked":"PiercingWail+1","floor":19},{"not_picked":["Prepared","All Out Attack"],"picked":"Bane+1","floor":24},{"not_picked":["Dash","Backflip"],"picked":"Dagger Spray+1","floor":25}],"player_experience":54440,"relics_obtained":[{"floor":5,"key":"War Paint"},{"floor":7,"key":"Pantograph"},{"floor":9,"key":"Lantern"},{"floor":26,"key":"Tiny Chest"}],"event_choices":[{"event_name":"Shining Light","player_choice":"Entered Light","floor":10,"damage_taken":0},{"event_name":"Beggar","player_choice":"Gave Gold","floor":20,"damage_taken":0}],"boss_relics":[{"not_picked":["Fusion Hammer","Busted Crown"],"picked":"White Beast Statue"}],"items_purged_floors":[],"is_endless":false,"potions_floor_spawned":[3,4,11,14,18,19,22,24,25],"killed_by":"Snecko","ascension_level":0}