{"gold_per_floor":[112,123,198,53,72,72,104,104,104,116,139,178,136,85,85,190,240,255,268,268],"floor_reached":20,"playtime":809,"items_purged":["Decay"],"score":237,"play_id":"bf095e0c-6c0e-4741-b8ff-89d96e806ffb","local_time":"20181007010427","is_ascension_mode":true,"campfire_choices":[{"data":"Armaments","floor":6,"key":"SMITH"},{"data":"Inflame","floor":8,"key":"SMITH"},{"data":"Metallicize","floor":10,"key":"SMITH"},{"data":"Flex","floor":15,"key":"SMITH"}],"neow_cost":"CURSE","seed_source_timestamp":266198287393721,"circlet_count":0,"master_deck":["Strike_R","Strike_R+1","Strike_R","Strike_R","Strike_R","Defend_R","Defend_R","Defend_R","Defend_R","Bash","Reaper","Inflame+1","Shrug It Off","Armaments+1","Twin Strike","Metallicize+1","Thunderclap+1","Body Slam+1","Double Tap","Shrug It Off","Flex+1","Reaper+1","Shrug It Off","Headbutt+1","Entrench"],"relics":["Burning Blood","Molten Egg 2","MawBank","Anchor","Tiny House"],"potions_floor_usage":[16,20],"damage_taken":[{"damage":15,"enemies":"Cultist","floor":1,"turns":5},{"damage":9,"enemies":"Small Slimes","floor":2,"turns":4},{"damage":16,"enemies":"Jaw Worm","floor":5,"turns":4},{"damage":31,"enemies":"3 Sentries","floor":7,"turns":8},{"damage":21,"enemies":"Exordium Thugs","floor":11,"turns":4},{"damage":24,"enemies":"Gremlin Nob","floor":12,"turns":5},{"damage":48,"enemies":"Hexaghost","floor":16,"turns":10},{"damage":27,"enemies":"3 Byrds","floor":18,"turns":6},{"damage":19,"enemies":"Spheric Guardian","floor":19,"turns":4},{"damage":89,"enemies":"3 Cultists","floor":20,"turns":7}],"seed_played":"-3571659935658565759","potions_obtained":[{"floor":1,"key":"BloodPotion"},{"floor":17,"key":"Ancient Potion"},{"floor":18,"key":"Swift Potion"}],"is_trial":false,"path_per_floor":["M","M","?","$","M","R","E","R","T","R","M","E","$","$","R","B",null,"M","M"],"character_chosen":"IRONCLAD","items_purchased":["Armaments","Twin Strike","Shrug It Off","Flex"],"campfire_rested":0,"item_purchase_floors":[4,4,13,14],"current_hp_per_floor":[69,70,59,59,58,58,51,51,51,51,44,30,30,30,30,10,68,57,49,0],"gold":268,"neow_bonus":"THREE_RARE_CARDS","is_prod":false,"is_daily":false,"chose_seed":false,"campfire_upgraded":4,"win_rate":0,"timestamp":1538895867,"path_taken":["M","M","?","$","M","R","E","R","T","R","?","E","?","$","R","BOSS","M","M","M"],"build_version":"2018-10-04v2","purchased_purges":1,"victory":false,"max_hp_per_floor":[80,80,80,80,80,80,80,80,80,80,80,80,80,80,80,80,85,85,85,85],"card_choices":[{"not_picked":["Dark Embrace","Double Tap"],"picked":"Reaper","floor":0},{"not_picked":["Searing Blow","Metallicize"],"picked":"Inflame","floor":1},{"not_picked":["Rage","Clash"],"picked":"Shrug It Off","floor":2},{"not_picked":["Iron Wave","Corruption"],"picked":"Metallicize","floor":5},{"not_picked":["Warcry","Perfected Strike"],"picked":"Thunderclap","floor":7},{"not_picked":["Clash+1","Thunderclap+1"],"picked":"Body Slam+1","floor":11},{"not_picked":["Heavy Blade+1","Battle Trance"],"picked":"Double Tap","floor":12},{"not_picked":["Brutality","Immolate+1"],"picked":"Reaper+1","floor":16},{"not_picked":["Shockwave","Perfected Strike+1"],"picked":"Shrug It Off","floor":17},{"not_picked":["Cleave+1","Clash+1"],"picked":"Headbutt+1","floor":18},{"not_picked":["Metallicize","Wild Strike+1"],"picked":"Entrench","floor":19}],"player_experience":499361,"relics_obtained":[{"floor":7,"key":"Molten Egg 2"},{"floor":9,"key":"MawBank"},{"floor":12,"key":"Anchor"}],"event_choices":[{"event_name":"World of Goop","player_choice":"Gather Gold","floor":3,"damage_taken":0}],"is_beta":false,"boss_relics":[{"not_picked":["Mark of Pain","Coffee Dripper"],"picked":"Tiny House"}],"items_purged_floors":[4],"is_endless":false,"potions_floor_spawned":[1,18],"killed_by":"3 Cultists","ascension_level":6}