{"gold_per_floor":[115,135,65,65,65,97,111,111,183,195,215,215,233,233,233,337,337,357,207,193,221,241,241,241,241,241,260,271,271,297,311,311,416,416,429,161,383,399,412,468,479,505,505,529,529,542,557,557,557,557,557,557,63,93,93],"floor_reached":56,"playtime":6597,"items_purged":["Bite","Defend_R"],"score":1324,"play_id":"ac312f0f-b29c-451b-923d-c423f16925e2","local_time":"20190310015016","is_ascension_mode":true,"campfire_choices":[{"data":"Feed","floor":8,"key":"SMITH"},{"data":"Metallicize","floor":12,"key":"SMITH"},{"data":"Barricade","floor":15,"key":"SMITH"},{"data":"Demon Form","floor":23,"key":"SMITH"},{"data":"Impervious","floor":29,"key":"SMITH"},{"floor":32,"key":"RECALL"},{"data":"Disarm","floor":45,"key":"SMITH"},{"data":"Flame Barrier","floor":49,"key":"SMITH"},{"data":"Impervious","floor":52,"key":"SMITH"}],"neow_cost":"PERCENT_DAMAGE","seed_source_timestamp":275647145851060,"circlet_count":0,"master_deck":["Defend_R","Defend_R","Defend_R","Bandage Up","Disarm+1","Feed+1","Metallicize+1","Barricade+1","Demon Form+1","Shrug It Off","Impervious+1","Body Slam+1","Impervious+1","Bite","Bite","Bite","Bite","Shockwave+1","Flame Barrier+1","Body Slam+1","Dark Shackles","Shrug It Off"],"relics":["Burning Blood","Bag of Preparation","Shuriken","Coffee Dripper","Red Mask","Lantern","Orichalcum","Empty Cage","Strange Spoon","Tiny Chest","Dream Catcher","Bronze Scales","Dodecahedron","Oddly Smooth Stone"],"potions_floor_usage":[16,16,21,21,25,33,33,40,42,46,50,50,55,55],"damage_taken":[{"damage":1,"enemies":"Cultist","floor":1,"turns":4},{"damage":0,"enemies":"Small Slimes","floor":2,"turns":5},{"damage":61,"enemies":"Lagavulin","floor":6,"turns":10},{"damage":10,"enemies":"2 Louse","floor":7,"turns":3},{"damage":8,"enemies":"Large Slime","floor":10,"turns":5},{"damage":8,"enemies":"Looter","floor":11,"turns":4},{"damage":4,"enemies":"Exordium Wildlife","floor":13,"turns":7},{"damage":33,"enemies":"Hexaghost","floor":16,"turns":13},{"damage":3,"enemies":"Shell Parasite","floor":18,"turns":7},{"damage":28,"enemies":"2 Thieves","floor":20,"turns":4},{"damage":77,"enemies":"Masked Bandits","floor":21,"turns":7},{"damage":12,"enemies":"Snecko","floor":22,"turns":7},{"damage":0,"enemies":"Slavers","floor":25,"turns":1},{"damage":0,"enemies":"Snake Plant","floor":27,"turns":6},{"damage":10,"enemies":"Centurion and Healer","floor":28,"turns":6},{"damage":36,"enemies":"Gremlin Leader","floor":30,"turns":7},{"damage":11,"enemies":"3 Cultists","floor":31,"turns":6},{"damage":43,"enemies":"Automaton","floor":33,"turns":9},{"damage":3,"enemies":"3 Shapes","floor":35,"turns":6},{"damage":0,"enemies":"Orb Walker","floor":38,"turns":7},{"damage":8,"enemies":"Sphere and 2 Shapes","floor":39,"turns":9},{"damage":39,"enemies":"Giant Head","floor":40,"turns":12},{"damage":9,"enemies":"Writhing Mass","floor":41,"turns":8},{"damage":35,"enemies":"Reptomancer","floor":42,"turns":7},{"damage":0,"enemies":"4 Shapes","floor":46,"turns":12},{"damage":9,"enemies":"Sphere and 2 Shapes","floor":47,"turns":6},{"damage":27,"enemies":"Donu and Deca","floor":50,"turns":8},{"damage":2,"enemies":"Shield and Spear","floor":54,"turns":7},{"damage":90,"enemies":"The Heart","floor":55,"turns":10}],"seed_played":"6530876379337525037","potions_obtained":[{"floor":7,"key":"Fire Potion"},{"floor":10,"key":"PowerPotion"},{"floor":11,"key":"GamblersBrew"},{"floor":16,"key":"BloodPotion"},{"floor":20,"key":"Strength Potion"},{"floor":22,"key":"SmokeBomb"},{"floor":27,"key":"Energy Potion"},{"floor":28,"key":"GamblersBrew"},{"floor":31,"key":"PowerPotion"},{"floor":35,"key":"Regen Potion"},{"floor":38,"key":"SteroidPotion"},{"floor":40,"key":"SpeedPotion"},{"floor":42,"key":"Poison Potion"},{"floor":46,"key":"SkillPotion"},{"floor":47,"key":"Weak Potion"},{"floor":54,"key":"BloodPotion"}],"is_trial":false,"path_per_floor":["M","M","$","?","$","E","M","R","T","M","M","R","M","?","R","B",null,"M","$","M","?","M","R","?","E","T","M","M","R","E","M","R","B",null,"M","$","?","M","M","E","M","E","T","T","R","M","M","?","R","B",null,"R","$","E","B",null],"character_chosen":"IRONCLAD","items_purchased":["Feed","Impervious","Strange Spoon","Dark Shackles","Dodecahedron","Shrug It Off"],"campfire_rested":0,"item_purchase_floors":[3,19,36,53,53,53],"current_hp_per_floor":[65,75,75,75,75,24,27,27,27,33,35,35,45,38,38,19,95,95,95,81,27,29,29,29,35,35,57,69,69,69,82,82,65,90,94,94,94,94,94,65,80,80,80,80,80,96,100,99,99,86,99,99,99,99,40],"gold":93,"neow_bonus":"RANDOM_COLORLESS_2","is_prod":false,"is_daily":false,"chose_seed":false,"campfire_upgraded":8,"win_rate":0,"timestamp":1552211416,"path_taken":["M","M","$","?","$","E","M","R","T","M","?","R","M","?","R","BOSS","M","$","M","?","M","R","?","E","T","M","M","R","E","M","R","BOSS","M","$","?","M","M","E","M","E","T","?","R","M","M","?","R","BOSS","R","$","E","BOSS"],"build_version":"2019-01-23","purchased_purges":2,"victory":true,"max_hp_per_floor":[80,80,80,80,80,80,83,83,83,87,87,87,91,91,91,95,95,95,95,99,103,107,107,74,74,74,78,82,82,82,86,86,90,90,94,94,94,94,94,94,94,98,98,98,98,98,102,99,99,99,99,99,99,99,99],"card_choices":[{"not_picked":["Body Slam","Anger"],"picked":"Disarm","floor":1},{"not_picked":["Hemokinesis","Warcry","Iron Wave"],"picked":"SKIP","floor":2},{"not_picked":["Seeing Red","Dropkick","Perfected Strike"],"picked":"SKIP","floor":6},{"not_picked":["Clothesline","Wild Strike","True Grit"],"picked":"SKIP","floor":7},{"not_picked":["Perfected Strike","Body Slam"],"picked":"Heavy Blade","floor":10},{"not_picked":["Blood for Blood","Headbutt"],"picked":"Metallicize","floor":11},{"not_picked":["Flex","Battle Trance"],"picked":"Barricade","floor":13},{"not_picked":["Juggernaut","Brutality"],"picked":"Demon Form","floor":16},{"not_picked":["Heavy Blade","Warcry"],"picked":"Shrug It Off","floor":18},{"not_picked":["Havoc+1","Perfected Strike"],"picked":"Body Slam+1","floor":20},{"not_picked":["Havoc+1","Headbutt"],"picked":"Impervious","floor":21},{"not_picked":["Twin Strike","Thunderclap+1","Sword Boomerang"],"picked":"SKIP","floor":22},{"not_picked":["Anger","Feed","Headbutt"],"picked":"SKIP","floor":27},{"not_picked":["Armaments","Second Wind"],"picked":"Shockwave+1","floor":28},{"not_picked":["Flex+1","Evolve","Clothesline"],"picked":"SKIP","floor":30},{"not_picked":["Clash+1","Heavy Blade","Combust"],"picked":"SKIP","floor":31},{"not_picked":["Clash+1","Wild Strike+1","Armaments+1"],"picked":"SKIP","floor":35},{"not_picked":["Heavy Blade+1","Infernal Blade+1","True Grit"],"picked":"SKIP","floor":38},{"not_picked":["Uppercut","Perfected Strike+1"],"picked":"Flame Barrier","floor":39},{"not_picked":["Havoc+1","Clash+1","Wild Strike+1"],"picked":"SKIP","floor":40},{"not_picked":["Inflame","Rampage+1"],"picked":"Body Slam+1","floor":41},{"not_picked":["Fiend Fire","Anger+1","Perfected Strike+1"],"picked":"SKIP","floor":42},{"not_picked":["Corruption","Disarm","Spot Weakness"],"picked":"SKIP","floor":46},{"not_picked":["Heavy Blade","Perfected Strike","Sever Soul"],"picked":"SKIP","floor":47},{"not_picked":["Rampage","Burning Pact","Cleave"],"picked":"SKIP","floor":54}],"player_experience":97120,"relics_obtained":[{"floor":6,"key":"Bag of Preparation"},{"floor":9,"key":"Shuriken"},{"floor":21,"key":"Red Mask"},{"floor":26,"key":"Lantern"},{"floor":30,"key":"Orichalcum"},{"floor":40,"key":"Tiny Chest"},{"floor":42,"key":"Dream Catcher"},{"floor":44,"key":"Bronze Scales"},{"floor":54,"key":"Oddly Smooth Stone"}],"event_choices":[{"cards_removed":["Strike_R"],"damage_healed":0,"gold_gain":0,"player_choice":"Purged","damage_taken":0,"max_hp_gain":0,"max_hp_loss":0,"event_name":"Purifier","floor":4,"gold_loss":0},{"cards_removed":["Heavy Blade"],"damage_healed":0,"gold_gain":0,"player_choice":"Card Removal","damage_taken":7,"max_hp_gain":0,"max_hp_loss":0,"event_name":"Golden Wing","floor":14,"gold_loss":0},{"damage_healed":0,"gold_gain":0,"player_choice":"Fought Bandits","damage_taken":0,"max_hp_gain":0,"max_hp_loss":0,"event_name":"Masked Bandits","floor":21,"gold_loss":0},{"damage_healed":0,"gold_gain":0,"player_choice":"Became a vampire","damage_taken":0,"max_hp_gain":0,"max_hp_loss":33,"event_name":"Vampires","floor":24,"gold_loss":0,"cards_obtained":["Bite","Bite","Bite","Bite","Bite"]},{"damage_healed":0,"gold_gain":222,"player_choice":"Wore Mask","damage_taken":0,"max_hp_gain":0,"max_hp_loss":0,"event_name":"Tomb of Lord Red Mask","floor":37,"gold_loss":0},{"cards_removed":["Parasite"],"damage_healed":0,"gold_gain":0,"player_choice":"Removed Curses","damage_taken":0,"max_hp_gain":0,"max_hp_loss":0,"event_name":"Fountain of Cleansing","floor":48,"gold_loss":0}],"is_beta":false,"boss_relics":[{"not_picked":["Tiny House","Ectoplasm"],"picked":"Coffee Dripper"},{"not_picked":["Velvet Choker","Runic Pyramid"],"picked":"Empty Cage"}],"items_purged_floors":[36,53],"is_endless":false,"potions_floor_spawned":[7,10,11,16,20,22,27,28,31,35,38,40,42,46,47,54],"ascension_level":1}