{"gold_per_floor":[115,215,233,183,4,35,51,63,63,95,95,105,105,122,122,218,218,235,245,245,345,355,387,401,401,401,435,435,435,468,499,511,626,638,666,689,371,389,389,421,421,421,494,494,494,494,522,539,539,539],"floor_reached":50,"playtime":2250,"items_purged":["Strike_G"],"score":810,"play_id":"8e8b9fc2-6e04-49ab-b05b-5b44855d0be1","local_time":"20190313171621","is_ascension_mode":true,"campfire_choices":[{"floor":11,"key":"REST"},{"data":"Poisoned Stab","floor":13,"key":"SMITH"},{"data":"Deadly Poison","floor":15,"key":"SMITH"},{"floor":25,"key":"REST"},{"floor":29,"key":"REST"},{"floor":32,"key":"REST"},{"floor":41,"key":"REST"},{"data":"Neutralize","floor":46,"key":"SMITH"},{"floor":49,"key":"REST"}],"neow_cost":"NONE","seed_source_timestamp":116878950730644,"circlet_count":0,"master_deck":["Defend_G","Defend_G","Defend_G","Defend_G","Defend_G","Strike_G+1","Strike_G+1","Survivor","Neutralize+1","Skewer","PiercingWail","Footwork","Masterful Stab","Adrenaline","Poisoned Stab+1","Dash","Backstab","Deadly Poison+1","Footwork+1","Glass Knife","Deadly Poison","Footwork+1","Masterful Stab+1","Footwork+1","Poisoned Stab","Backstab","Crippling Poison","Die Die Die","Poisoned Stab","Deadly Poison","Deadly Poison","PiercingWail","Decay","Parasite","Deadly Poison","Deflect+1","Noxious Fumes+1"],"relics":["Ring of the Snake","Bag of Marbles","Regal Pillow","PreservedInsect","Frozen Egg 2","Velvet Choker","Nilry\u0027s Codex","Vajra","Question Card","Whetstone","MawBank","Cursed Key","Lantern","Blue Candle","Pantograph","Dream Catcher","Darkstone Periapt"],"potions_floor_usage":[18,22,22,23,48,50],"damage_taken":[{"damage":0,"enemies":"2 Louse","floor":1,"turns":3},{"damage":7,"enemies":"Cultist","floor":3,"turns":5},{"damage":27,"enemies":"Lagavulin","floor":6,"turns":10},{"damage":0,"enemies":"Small Slimes","floor":7,"turns":2},{"damage":0,"enemies":"Looter","floor":8,"turns":3},{"damage":0,"enemies":"Gremlin Nob","floor":10,"turns":2},{"damage":0,"enemies":"Gremlin Gang","floor":12,"turns":3},{"damage":0,"enemies":"Blue Slaver","floor":14,"turns":2},{"damage":0,"enemies":"The Guardian","floor":16,"turns":10},{"damage":0,"enemies":"2 Thieves","floor":18,"turns":3},{"damage":0,"enemies":"Shell Parasite","floor":19,"turns":4},{"damage":0,"enemies":"Snecko","floor":22,"turns":5},{"damage":1,"enemies":"Book of Stabbing","floor":23,"turns":4},{"damage":10,"enemies":"3 Cultists","floor":24,"turns":4},{"damage":16,"enemies":"Gremlin Leader","floor":27,"turns":6},{"damage":13,"enemies":"Slavers","floor":30,"turns":2},{"damage":11,"enemies":"Centurion and Healer","floor":31,"turns":4},{"damage":60,"enemies":"Champ","floor":33,"turns":12},{"damage":0,"enemies":"3 Shapes","floor":35,"turns":1},{"damage":34,"enemies":"3 Darklings","floor":36,"turns":8},{"damage":0,"enemies":"Sphere and 2 Shapes","floor":38,"turns":6},{"damage":6,"enemies":"Reptomancer","floor":40,"turns":6},{"damage":37,"enemies":"Giant Head","floor":47,"turns":7},{"damage":1,"enemies":"Jaw Worm Horde","floor":48,"turns":3},{"damage":66,"enemies":"Awakened One","floor":50,"turns":6}],"seed_played":"-3484087989309725163","potions_obtained":[{"floor":6,"key":"SkillPotion"},{"floor":8,"key":"SteroidPotion"},{"floor":12,"key":"SkillPotion"},{"floor":18,"key":"AttackPotion"},{"floor":27,"key":"SpeedPotion"},{"floor":31,"key":"Explosive Potion"},{"floor":33,"key":"Regen Potion"},{"floor":47,"key":"Block Potion"}],"is_trial":false,"path_per_floor":["?","M","?","?","?","M","?","M","?","?","?","T"],"character_chosen":"THE_SILENT","items_purchased":["Bag of Marbles","Masterful Stab","Deadly Poison","PiercingWail","Lantern"],"campfire_rested":6,"item_purchase_floors":[5,5,37,37,37],"current_hp_per_floor":[70,70,63,63,63,36,36,36,36,36,70,70,70,70,70,70,70,70,70,54,54,54,53,43,70,70,54,54,70,57,46,70,10,70,70,36,36,36,36,30,66,66,66,66,66,66,29,28,62,0],"gold":539,"neow_bonus":"TRANSFORM_CARD","is_prod":false,"is_daily":false,"chose_seed":false,"campfire_upgraded":3,"win_rate":0,"timestamp":1552493781,"path_taken":["M","?","?","?","$","E","M","M","T","E","R","M","R","M","R","BOSS","M","M","?","?","?","E","M","R","T","E","?","R","E","M","R","BOSS","M","M","$","?","?","E","R","?","T","?","?","R","E","M","R","BOSS"],"build_version":"2019-01-23","purchased_purges":1,"victory":false,"max_hp_per_floor":[70,70,70,70,70,70,70,70,70,70,70,70,70,70,70,70,70,70,70,70,70,70,70,70,70,70,70,70,70,70,70,70,70,70,70,70,70,70,70,70,70,70,70,66,66,66,66,66,66,66],"card_choices":[{"not_picked":["Dodge and Roll","Bane"],"picked":"PiercingWail","floor":1},{"not_picked":["Acrobatics","Expertise"],"picked":"Footwork","floor":3},{"not_picked":["Calculated Gamble","Flying Knee"],"picked":"Adrenaline","floor":6},{"not_picked":["Dagger Throw","Footwork"],"picked":"Poisoned Stab","floor":7},{"not_picked":["Sucker Punch","Prepared"],"picked":"Dash","floor":8},{"not_picked":["Storm of Steel","Heel Hook"],"picked":"Backstab","floor":10},{"not_picked":["Deflect","Bane"],"picked":"Deadly Poison","floor":12},{"not_picked":["Choke","Distraction"],"picked":"Footwork+1","floor":14},{"not_picked":["Wraith Form v2+1","Storm of Steel"],"picked":"Glass Knife","floor":16},{"not_picked":["Flying Knee+1","Blade Dance"],"picked":"Deadly Poison","floor":18},{"not_picked":["Flying Knee","Cloak And Dagger"],"picked":"Footwork+1","floor":19},{"not_picked":["Outmaneuver+1","Deflect"],"picked":"Masterful Stab+1","floor":22},{"not_picked":["Dodge and Roll","Concentrate+1"],"picked":"Footwork+1","floor":23},{"not_picked":["Sucker Punch","Flying Knee"],"picked":"Poisoned Stab","floor":24},{"not_picked":["Slice+1","Infinite Blades+1","Underhanded Strike","Caltrops+1"],"picked":"SKIP","floor":27},{"not_picked":["Doppelganger","Eviscerate","Grand Finale","Dagger Throw"],"picked":"SKIP","floor":30},{"not_picked":["Blade Dance","Cloak And Dagger","Deadly Poison"],"picked":"Crippling Poison","floor":31},{"not_picked":["A Thousand Cuts+1","Phantasmal Killer","Burst"],"picked":"Die Die Die","floor":33},{"not_picked":["Flying Knee+1","Bouncing Flask","Blade Dance"],"picked":"Poisoned Stab","floor":35},{"not_picked":["Underhanded Strike+1","Slice+1","PiercingWail+1"],"picked":"Deadly Poison","floor":36},{"not_picked":["Escape Plan","Cloak And Dagger","Endless Agony","Backflip"],"picked":"SKIP","floor":38},{"not_picked":["Distraction","Storm of Steel","Endless Agony","Accuracy+1"],"picked":"SKIP","floor":40},{"not_picked":["Crippling Poison+1","Blade Dance+1","Heel Hook"],"picked":"Deadly Poison","floor":47},{"not_picked":["Reflex+1","All Out Attack","Distraction+1"],"picked":"Deflect+1","floor":48},{"not_picked":["Dagger Throw","Deflect","Acrobatics+1"],"picked":"Noxious Fumes+1","floor":49}],"player_experience":257826,"relics_obtained":[{"floor":6,"key":"Regal Pillow"},{"floor":9,"key":"PreservedInsect"},{"floor":10,"key":"Frozen Egg 2"},{"floor":20,"key":"Nilry\u0027s Codex"},{"floor":23,"key":"Vajra"},{"floor":26,"key":"Question Card"},{"floor":27,"key":"Whetstone"},{"floor":30,"key":"MawBank"},{"floor":40,"key":"Blue Candle"},{"floor":43,"key":"Pantograph"},{"floor":45,"key":"Dream Catcher"},{"floor":47,"key":"Darkstone Periapt"}],"event_choices":[{"damage_healed":0,"gold_gain":100,"player_choice":"Pray","damage_taken":0,"max_hp_gain":0,"max_hp_loss":0,"event_name":"Golden Shrine","floor":2,"gold_loss":0},{"cards_removed":["Strike_G"],"damage_healed":0,"gold_gain":0,"player_choice":"Card Removal","damage_taken":0,"max_hp_gain":0,"max_hp_loss":0,"event_name":"The Cleric","floor":4,"gold_loss":50},{"damage_healed":0,"gold_gain":0,"player_choice":"Obtained Book","damage_taken":16,"max_hp_gain":0,"max_hp_loss":0,"event_name":"Cursed Tome","floor":20,"gold_loss":0},{"damage_healed":0,"gold_gain":100,"player_choice":"Pray","damage_taken":0,"max_hp_gain":0,"max_hp_loss":0,"event_name":"Golden Shrine","floor":21,"gold_loss":0},{"damage_healed":0,"gold_gain":0,"player_choice":"Copied","damage_taken":0,"max_hp_gain":0,"max_hp_loss":0,"event_name":"Duplicator","floor":28,"gold_loss":0,"cards_obtained":["Backstab"]},{"damage_healed":0,"gold_gain":0,"player_choice":"Ignored","damage_taken":0,"max_hp_gain":0,"max_hp_loss":0,"event_name":"Mysterious Sphere","floor":39,"gold_loss":0},{"damage_healed":0,"gold_gain":0,"player_choice":"Ignored","damage_taken":0,"max_hp_gain":0,"max_hp_loss":0,"event_name":"Tomb of Lord Red Mask","floor":42,"gold_loss":0},{"damage_healed":0,"gold_gain":0,"player_choice":"Max HP","damage_taken":0,"max_hp_gain":0,"max_hp_loss":4,"event_name":"Winding Halls","floor":44,"gold_loss":0}],"is_beta":false,"boss_relics":[{"not_picked":["Sozu","Eternal Feather"],"picked":"Velvet Choker"},{"not_picked":["WristBlade","Black Star"],"picked":"Cursed Key"}],"items_purged_floors":[37],"is_endless":false,"potions_floor_spawned":[6,8,12,16,18,27,31,33,38,40,47],"killed_by":"Awakened One","ascension_level":2}