{"gold_per_floor":[111,123,134,153,153,153,185,185,185,10,25,58,58,71,71,200,200,225,240,240,253,266,266,299,313,313,313,327,343,343,22,22,148,148,166,166,190,37,51,51,91,114,114,150,150,190,210,228,228,228,228,228,67,67],"floor_reached":54,"playtime":2393,"items_purged":["Strike_R"],"score":763,"play_id":"db118e4d-6e4d-4561-9444-412b2ff982ff","local_time":"20181201011427","is_ascension_mode":false,"campfire_choices":[{"data":"Armaments","floor":6.0,"key":"SMITH"},{"data":"Demon Form","floor":8,"key":"SMITH"},{"data":"Flame Barrier","floor":15,"key":"SMITH"},{"data":"Armaments","floor":23,"key":"SMITH"},{"floor":27,"key":"RECALL"},{"data":"Barricade","floor":30,"key":"SMITH"},{"data":"Shrug It Off","floor":32,"key":"SMITH"},{"data":"Flex","floor":40,"key":"SMITH"},{"data":"Sword Boomerang","floor":45,"key":"SMITH"},{"floor":49,"key":"REST"},{"data":"Bash","floor":52,"key":"SMITH"}],"neow_cost":"NONE","seed_source_timestamp":204208052123679,"circlet_count":0,"master_deck":["Strike_R","Strike_R","Strike_R","Defend_R+1","Defend_R","Defend_R","Defend_R+1","Bash+1","Forethought","Flex+1","Armaments+1","Cleave","Sword Boomerang+1","Demon Form+1","Twin Strike+1","Shrug It Off+1","Armaments+1","Flame Barrier+1","Barricade+1","Iron Wave+1","Seeing Red","Twin Strike+1","Reaper+1","True Grit+1","Ghostly Armor+1","Pommel Strike+1","Perfected Strike+1","Searing Blow+1","Armaments"],"special_seed":0,"relics":["Burning Blood","Mercury Hourglass","Molten Egg 2","PreservedInsect","Bronze Scales","Golden Idol","Busted Crown","NlothsMask","War Paint","Ice Cream","Sozu","Omamori","Ancient Tea Set","Boot","Juzu Bracelet"],"potions_floor_usage":[16,24,28,28,28,28,29,46],"damage_taken":[{"damage":4.0,"enemies":"Cultist","floor":1.0,"turns":4.0},{"damage":14.0,"enemies":"Jaw Worm","floor":2.0,"turns":4.0},{"damage":3.0,"enemies":"Small Slimes","floor":3.0,"turns":3.0},{"damage":10.0,"enemies":"Gremlin Gang","floor":4.0,"turns":4.0},{"damage":23,"enemies":"Gremlin Nob","floor":7,"turns":4},{"damage":10,"enemies":"Exordium Thugs","floor":11,"turns":4},{"damage":0,"enemies":"Lagavulin","floor":12,"turns":3},{"damage":3,"enemies":"Red Slaver","floor":14,"turns":3},{"damage":9,"enemies":"Hexaghost","floor":16,"turns":8},{"damage":17,"enemies":"Spheric Guardian","floor":18,"turns":5},{"damage":12,"enemies":"Shell Parasite","floor":19,"turns":5},{"damage":2,"enemies":"3 Cultists","floor":21,"turns":5},{"damage":0,"enemies":"Chosen and Byrds","floor":22,"turns":5},{"damage":11,"enemies":"Gremlin Leader","floor":24,"turns":6},{"damage":12,"enemies":"Shelled Parasite and Fungi","floor":25,"turns":6},{"damage":9,"enemies":"Sentry and Sphere","floor":28,"turns":3},{"damage":13,"enemies":"Centurion and Healer","floor":29,"turns":5},{"damage":3,"enemies":"Champ","floor":33,"turns":11},{"damage":34,"enemies":"3 Darklings","floor":35,"turns":4},{"damage":3,"enemies":"Orb Walker","floor":37,"turns":3},{"damage":7,"enemies":"Maw","floor":39,"turns":7},{"damage":10,"enemies":"Reptomancer","floor":41,"turns":5},{"damage":15,"enemies":"3 Darklings","floor":42,"turns":7},{"damage":59,"enemies":"Nemesis","floor":44,"turns":7},{"damage":54,"enemies":"Giant Head","floor":46,"turns":8},{"damage":0,"enemies":"4 Shapes","floor":47,"turns":5},{"damage":6,"enemies":"Transient","floor":48,"turns":5},{"damage":59,"enemies":"Donu and Deca","floor":50,"turns":10},{"damage":98,"enemies":"Shield and Spear","floor":54,"turns":6}],"seed_played":"-3108036791550477300","potions_obtained":[{"floor":3.0,"key":"SkillPotion"},{"floor":11,"key":"EssenceOfSteel"},{"floor":14,"key":"Weak Potion"},{"floor":22,"key":"SkillPotion"},{"floor":24,"key":"EntropicBrew"},{"floor":29,"key":"LiquidBronze"}],"is_trial":false,"path_per_floor":["M","M","M","M","?","R","E","R","T","$","M","E","?","M","R","B",null,"M","M","?","M","M","R","E","M","T","R","M","M","R","$","R","B",null,"M","?","M","$","M","R","E","M","T","E","R","E","M","M","R","B",null,"R","$","E"],"character_chosen":"IRONCLAD","items_purchased":["PreservedInsect","Twin Strike+1","Ice Cream","Twin Strike+1","Omamori","Searing Blow+1","Armaments"],"campfire_rested":1,"item_purchase_floors":[10,10,31,31,38,53,53],"current_hp_per_floor":[80,72,75,71,71,71,54,54,54,54,50,56,36,39,39,36,80,69,63,63,67,73,73,68,62,62,62,59,52,52,52,52,55,80,63,63,73,73,79,79,75,80,80,43,43,7,28,39,63,32,80,80,80,0],"gold":67,"neow_bonus":"RANDOM_COLORLESS","is_prod":false,"is_daily":false,"chose_seed":false,"campfire_upgraded":9,"win_rate":0,"timestamp":1543652067,"path_taken":["M","?","M","M","?","R","E","R","T","$","M","E","?","M","R","BOSS","M","M","?","M","M","R","E","M","T","R","?","M","R","$","R","BOSS","M","?","M","$","M","R","E","M","T","E","R","E","M","M","R","BOSS","R","$","E"],"build_version":"2018-11-15","purchased_purges":1,"victory":false,"max_hp_per_floor":[80,80,80,80,80,80,80,80,80,80,80,80,80,80,80,80,80,80,80,80,80,80,80,80,80,80,80,80,80,80,80,80,80,80,80,80,80,80,80,80,80,80,80,80,80,80,80,80,80,80,80,80,80,80],"card_choices":[{"not_picked":["Heavy Blade","Anger"],"picked":"Flex","floor":1.0},{"not_picked":["Corruption","Cleave"],"picked":"Armaments","floor":2.0},{"not_picked":["Body Slam","Flex"],"picked":"Cleave","floor":3.0},{"not_picked":["Cleave","Twin Strike"],"picked":"Sword Boomerang","floor":4.0},{"not_picked":["Evolve","Twin Strike"],"picked":"Demon Form","floor":7},{"not_picked":["Reckless Charge+1","Pommel Strike+1"],"picked":"Shrug It Off","floor":11},{"not_picked":["Ghostly Armor","Havoc"],"picked":"Armaments","floor":12},{"not_picked":["Sentinel","Armaments"],"picked":"Flame Barrier","floor":14},{"not_picked":["Double Tap","Exhume"],"picked":"Barricade","floor":16},{"not_picked":["Evolve"],"picked":"SKIP","floor":18},{"not_picked":["Anger+1"],"picked":"SKIP","floor":19},{"not_picked":["Perfected Strike+1"],"picked":"SKIP","floor":21},{"not_picked":[],"picked":"Iron Wave+1","floor":22},{"not_picked":["Sentinel"],"picked":"SKIP","floor":24},{"not_picked":["Reckless Charge+1"],"picked":"SKIP","floor":25},{"not_picked":["Reckless Charge+1"],"picked":"SKIP","floor":28},{"not_picked":[],"picked":"Seeing Red","floor":29},{"not_picked":[],"picked":"Reaper+1","floor":33},{"not_picked":["Carnage+1"],"picked":"SKIP","floor":35},{"not_picked":["Havoc"],"picked":"SKIP","floor":37},{"not_picked":["Second Wind+1"],"picked":"SKIP","floor":39},{"not_picked":[],"picked":"True Grit+1","floor":41},{"not_picked":[],"picked":"Ghostly Armor+1","floor":42},{"not_picked":["Hemokinesis+1"],"picked":"SKIP","floor":44},{"not_picked":[],"picked":"Pommel Strike+1","floor":46},{"not_picked":[],"picked":"Perfected Strike+1","floor":47},{"not_picked":["Reckless Charge+1"],"picked":"SKIP","floor":48}],"player_experience":652628,"relics_obtained":[{"floor":7,"key":"Mercury Hourglass"},{"floor":9,"key":"Molten Egg 2"},{"floor":12,"key":"Bronze Scales"},{"floor":24,"key":"War Paint"},{"floor":41,"key":"Ancient Tea Set"},{"floor":44,"key":"Boot"},{"floor":46,"key":"Juzu Bracelet"}],"event_choices":[{"cards_removed":["Strike_R"],"damage_healed":0.0,"max_hp_gain":0.0,"max_hp_loss":0.0,"gold_gain":0.0,"event_name":"Living Wall","player_choice":"Forget","floor":5.0,"gold_loss":0.0,"damage_taken":0.0},{"damage_healed":0,"gold_gain":0,"player_choice":"Take Damage","damage_taken":20,"relics_obtained":["Golden Idol"],"max_hp_gain":0,"max_hp_loss":0,"event_name":"Golden Idol","floor":13,"gold_loss":0},{"damage_healed":0,"gold_gain":0,"player_choice":"Trade","damage_taken":0,"relics_obtained":["NlothsMask"],"max_hp_gain":0,"max_hp_loss":0,"event_name":"FaceTrader","floor":20,"gold_loss":0},{"damage_healed":0,"gold_gain":0,"player_choice":"Ignored","damage_taken":0,"max_hp_gain":0,"max_hp_loss":0,"event_name":"Tomb of Lord Red Mask","floor":36,"gold_loss":0}],"is_beta":false,"boss_relics":[{"not_picked":["Fusion Hammer","Tiny House"],"picked":"Busted Crown"},{"not_picked":["Black Star","Runic Pyramid"],"picked":"Sozu"}],"items_purged_floors":[53],"is_endless":false,"potions_floor_spawned":[3,11,14,22,24,29,37,42,44,46],"killed_by":"Shield and Spear","ascension_level":0}