{"gold_per_floor":[11,11,27,27,27,27,46,24,50,125,141,141,155,170,170,269,269,283,283,16,31,49,49,49,49,49,49,64,77,77,93,93,93],"floor_reached":33,"playtime":1337,"items_purged":[],"score":289,"play_id":"5b9eacc3-4075-44fc-9e19-d33522495ea5","local_time":"20180804023705","is_ascension_mode":false,"campfire_choices":[{"data":"Feed","floor":6.0,"key":"SMITH"},{"data":"Clash","floor":12,"key":"SMITH"},{"data":"Flex","floor":15,"key":"SMITH"},{"data":"Magnetism","floor":23,"key":"SMITH"},{"data":"Dual Wield","floor":25,"key":"SMITH"},{"data":"Armaments","floor":27,"key":"SMITH"},{"floor":30,"key":"REST"},{"floor":32,"key":"REST"}],"neow_cost":"NO_GOLD","seed_source_timestamp":0,"circlet_count":0,"master_deck":["Strike_R","Strike_R","Strike_R","Strike_R","Strike_R","Defend_R","Defend_R","Defend_R","Defend_R","Bash","Feed+1","Twin Strike","Pommel Strike","Clash+1","Shrug It Off","Dual Wield+1","Flex+1","Immolate","Armaments+1","Thunderclap","Magnetism+1","Thunderclap","Anger","Rampage+1"],"special_seed":0,"relics":["Burning Blood"],"potions_floor_usage":[13,22,22,29,33],"damage_taken":[{"damage":14.0,"enemies":"Small Slimes","floor":1.0,"turns":6.0},{"damage":0.0,"enemies":"Cultist","floor":3.0,"turns":2.0},{"damage":2.0,"enemies":"2 Louse","floor":7.0,"turns":2.0},{"damage":16,"enemies":"Lots of Slimes","floor":11,"turns":2},{"damage":10,"enemies":"Exordium Wildlife","floor":13,"turns":2},{"damage":6,"enemies":"3 Louse","floor":14,"turns":4},{"damage":14,"enemies":"Slime Boss","floor":16,"turns":11},{"damage":17,"enemies":"Spheric Guardian","floor":18,"turns":4},{"damage":32,"enemies":"3 Byrds","floor":21,"turns":8},{"damage":29,"enemies":"Centurion and Healer","floor":22,"turns":9},{"damage":43,"enemies":"Snake Plant","floor":28,"turns":5},{"damage":21,"enemies":"Chosen and Byrds","floor":29,"turns":5},{"damage":36,"enemies":"Sentry and Sphere","floor":31,"turns":6},{"damage":83,"enemies":"Champ","floor":33,"turns":13}],"seed_played":"5697429268643048387","potions_obtained":[{"floor":1.0,"key":"Energy Potion"},{"floor":2.0,"key":"SmokeBomb"},{"floor":2.0,"key":"Strength Potion"},{"floor":3.0,"key":"Fruit Juice"},{"floor":11,"key":"FairyPotion"},{"floor":21,"key":"Energy Potion"},{"floor":22,"key":"SneckoOil"},{"floor":31,"key":"GamblersBrew"}],"is_trial":false,"path_per_floor":["M","?","M","$","?","R","M","$","T","?","M","R","M","M","R","B",null,"M","?","$","M","M","R","$","R","T","R","M","M","R","M","R"],"character_chosen":"IRONCLAD","items_purchased":["Shrug It Off","Thunderclap","Magnetism"],"campfire_rested":2,"item_purchase_floors":[8,20,20],"current_hp_per_floor":[75,75,84,89,89,89,95,95,95,84,78,78,78,82,82,78,111,100,100,100,78,59,59,59,59,59,59,22,11,47,17,53,0],"gold":93,"neow_bonus":"THREE_RARE_CARDS","is_prod":false,"is_daily":false,"chose_seed":false,"campfire_upgraded":6,"win_rate":0,"timestamp":1533371825,"path_taken":["M","?","?","$","?","R","M","$","T","?","M","R","?","M","R","BOSS","M","?","$","M","M","R","$","R","T","R","M","M","R","M","R","BOSS"],"build_version":"2018-08-02","purchased_purges":0,"victory":false,"max_hp_per_floor":[83,83,86,91,91,91,95,95,95,95,99,99,103,107,107,111,111,111,111,111,115,119,119,119,119,119,119,119,123,123,123,123,123],"card_choices":[{"not_picked":["Dark Embrace","Double Tap"],"picked":"Feed","floor":0.0},{"not_picked":["Warcry","Intimidate"],"picked":"Twin Strike","floor":1.0},{"not_picked":["Evolve","Metallicize"],"picked":"Pommel Strike","floor":3.0},{"not_picked":["Metallicize","Reckless Charge"],"picked":"Clash","floor":7.0},{"not_picked":["Havoc","Twin Strike"],"picked":"Dual Wield","floor":11},{"not_picked":["Second Wind","Havoc","Wild Strike"],"picked":"SKIP","floor":13},{"not_picked":["Anger","Iron Wave"],"picked":"Flex","floor":14},{"not_picked":["Juggernaut","Exhume"],"picked":"Immolate","floor":16},{"not_picked":["Dropkick+1","Anger","Perfected Strike"],"picked":"SKIP","floor":18},{"not_picked":["Feel No Pain+1","Iron Wave"],"picked":"Thunderclap","floor":21},{"not_picked":["True Grit","Pommel Strike","Heavy Blade"],"picked":"SKIP","floor":22},{"not_picked":["Power Through","Thunderclap","True Grit"],"picked":"SKIP","floor":28},{"not_picked":["Warcry","Iron Wave+1"],"picked":"Anger","floor":29},{"not_picked":["Pummel","Body Slam"],"picked":"Rampage+1","floor":31}],"player_experience":334187,"relics_obtained":[],"event_choices":[{"event_name":"The Lab","player_choice":"Got Potions","floor":2.0,"damage_taken":0.0},{"event_name":"Liars Game","player_choice":"disagreed","floor":5.0,"damage_taken":0.0},{"event_name":"World of Goop","player_choice":"Gather Gold","floor":10,"damage_taken":0},{"event_name":"The Library","player_choice":"Read","floor":19,"damage_taken":0}],"is_beta":false,"boss_relics":[{"not_picked":["Busted Crown","Cursed Key","Sozu"]}],"items_purged_floors":[],"is_endless":false,"potions_floor_spawned":[1,3,11,21,22,31],"killed_by":"Champ","ascension_level":0}