{"gold_per_floor":[116,127,202,214,233,36,49,69,148,148,148,148,47,74,74,170,170,181,194,194,194,214,214,214],"floor_reached":24,"playtime":680,"items_purged":["Strike_B"],"score":188,"play_id":"0d4b3497-5486-45ac-95b7-b682d515822b","local_time":"20180802015240","is_ascension_mode":false,"campfire_choices":[{"data":"Sunder","floor":10,"key":"SMITH"},{"data":"Zap","floor":15,"key":"SMITH"},{"data":"Creative AI","floor":23,"key":"SMITH"}],"neow_cost":"","seed_source_timestamp":1560228702008977,"circlet_count":0,"master_deck":["Strike_B","Strike_B","Defend_B","Defend_B","Defend_B","Defend_B","Zap+1","Dualcast","Streamline","FTL","Cold Snap","Chill","Sunder+1","Ball Lightning","Sweeping Beam","All For One","Defragment","Conserve Battery","Gash","Creative AI+1","Redo+1","Go for the Eyes","Self Repair"],"relics":["Cracked Core"],"potions_floor_usage":[14,14,16,18,24,24],"damage_taken":[{"damage":3,"enemies":"Jaw Worm","floor":1,"turns":3},{"damage":0,"enemies":"Cultist","floor":2,"turns":4},{"damage":6,"enemies":"Small Slimes","floor":4,"turns":3},{"damage":9,"enemies":"2 Fungi Beasts","floor":5,"turns":3},{"damage":0,"enemies":"3 Louse","floor":7,"turns":2},{"damage":3,"enemies":"Looter","floor":8,"turns":3},{"damage":0,"floor":14,"turns":4},{"damage":21,"enemies":"Hexaghost","floor":16,"turns":9},{"damage":12,"enemies":"Shell Parasite","floor":18,"turns":4},{"damage":16,"enemies":"Spheric Guardian","floor":19,"turns":4},{"damage":32,"enemies":"3 Cultists","floor":22,"turns":5},{"damage":16,"enemies":"Slaver and Parasite","floor":24,"turns":2}],"seed_played":"5380390873279600544","potions_obtained":[{"floor":2,"key":"Block Potion"},{"floor":5,"key":"Regen Potion"},{"floor":14,"key":"SkillPotion"},{"floor":16,"key":"Energy Potion"},{"floor":18,"key":"FearPotion"},{"floor":22,"key":"LiquidBronze"}],"is_trial":false,"path_per_floor":["M","M","?","M","M","$","M","M","T","R","?","?","$","?","R","B",null,"M","M","?","?","M","R"],"character_chosen":"DEFECT","items_purchased":["Sunder","Ball Lightning","Defragment","Conserve Battery"],"campfire_rested":0,"item_purchase_floors":[6,6,13,13],"current_hp_per_floor":[72,72,61,55,46,46,46,43,43,43,43,36,36,48,48,27,75,63,47,47,47,15,15,0],"gold":214,"neow_bonus":"","is_prod":false,"is_daily":false,"chose_seed":false,"campfire_upgraded":3,"win_rate":0,"timestamp":1533196360,"path_taken":["M","M","?","M","?","?","?","M","T","R","?","?","$","?","R","BOSS","M","M","?","?","M","R","M"],"build_version":"2018-07-26","purchased_purges":1,"victory":false,"max_hp_per_floor":[75,75,75,75,75,75,75,75,75,75,75,75,75,75,75,75,75,75,75,75,75,75,75,75],"card_choices":[{"not_picked":["Hologram","Cold Snap"],"picked":"Streamline","floor":1},{"not_picked":["Skim","Auto Shields"],"picked":"FTL","floor":2},{"not_picked":["Redo","Compile Driver"],"picked":"Cold Snap","floor":4},{"not_picked":["Lockon","Rebound"],"picked":"Chill","floor":5},{"not_picked":["Stack","Melter"],"picked":"Sweeping Beam","floor":7},{"not_picked":["Stack","Streamline"],"picked":"All For One","floor":8},{"not_picked":["Redo","Barrage"],"picked":"Gash","floor":14},{"not_picked":["Biased Cognition","Buffer"],"picked":"Creative AI","floor":16},{"not_picked":["Steam Power","Cold Snap"],"picked":"Redo+1","floor":18},{"not_picked":["Leap+1","Static Discharge"],"picked":"Go for the Eyes","floor":19},{"not_picked":["Streamline","Recycle+1"],"picked":"Self Repair","floor":22}],"player_experience":325573,"relics_obtained":[],"event_choices":[{"event_name":"World of Goop","player_choice":"Gather Gold","floor":3,"damage_taken":0},{"event_name":"Dead Adventurer","player_choice":"Searched \u00270\u0027 times","floor":11,"damage_taken":0},{"event_name":"Golden Wing","player_choice":"Card Removal","floor":12,"damage_taken":0},{"event_name":"Mushrooms","player_choice":"Fought Mushrooms","floor":14,"damage_taken":0},{"event_name":"WeMeetAgain","player_choice":"Attack","floor":20,"damage_taken":0},{"event_name":"The Mausoleum","player_choice":"No","floor":21,"damage_taken":0}],"is_beta":false,"boss_relics":[{"not_picked":["Calling Bell","Eternal Feather","Astrolabe"]}],"items_purged_floors":[6],"is_endless":false,"potions_floor_spawned":[2,5,14,16,18,22],"killed_by":"Slaver and Parasite","ascension_level":0}