{"gold_per_floor":[16,36,48,65,65,90,100,100,100,128,128,128,142,142,142,242,242,261,261,261,131,71],"floor_reached":22,"playtime":712,"items_purged":[],"score":277,"play_id":"1e0899ae-b26d-42a6-9d30-74108066dee9","local_time":"20190317111204","is_ascension_mode":true,"campfire_choices":[{"floor":8,"key":"REST"},{"floor":12,"key":"REST"},{"floor":15,"key":"REST"}],"neow_cost":"NO_GOLD","seed_source_timestamp":211402948424490,"circlet_count":0,"master_deck":["Defend_R","Defend_R","Defend_R","Bash","Demon Form","Battle Trance","Cleave","Corruption","True Grit","Havoc","Shockwave","Wild Strike","Burning Pact","Ghostly Armor","Juggernaut+1","Clash","Rage","Battle Trance","Ghostly","Ghostly","Ghostly","Ghostly","Ghostly","Feel No Pain+1","Havoc"],"relics":["Burning Blood","Red Skull","Frozen Egg 2","Pantograph","Bottled Flame","Empty Cage"],"potions_floor_usage":[16,18,18],"damage_taken":[{"damage":9,"enemies":"2 Louse","floor":1,"turns":5},{"damage":5,"enemies":"Small Slimes","floor":2,"turns":3},{"damage":12,"enemies":"Jaw Worm","floor":3,"turns":2},{"damage":2,"enemies":"2 Fungi Beasts","floor":4,"turns":4},{"damage":25,"enemies":"Lagavulin","floor":6,"turns":6},{"damage":7,"enemies":"Blue Slaver","floor":7,"turns":4},{"damage":40,"enemies":"Gremlin Nob","floor":10,"turns":5},{"damage":1,"enemies":"Looter","floor":13,"turns":3},{"damage":53,"enemies":"Slime Boss","floor":16,"turns":11},{"damage":70,"enemies":"Chosen","floor":18,"turns":9},{"damage":23,"enemies":"2 Thieves","floor":22,"turns":2}],"seed_played":"8088082649049554610","potions_obtained":[{"floor":1,"key":"Explosive Potion"},{"floor":3,"key":"SteroidPotion"},{"floor":4,"key":"Swift Potion"},{"floor":7,"key":"BloodPotion"},{"floor":16,"key":"BloodPotion"},{"floor":18,"key":"Swift Potion"}],"is_trial":false,"path_per_floor":["?","?","?","?","?"],"character_chosen":"IRONCLAD","items_purchased":["Feel No Pain+1","Havoc"],"campfire_rested":3,"item_purchase_floors":[21,21],"current_hp_per_floor":[69,70,64,68,43,24,23,47,47,13,13,37,42,42,66,33,68,20,20,20,20,0],"gold":71,"neow_bonus":"TRANSFORM_TWO_CARDS","is_prod":false,"is_daily":false,"chose_seed":false,"campfire_upgraded":0,"win_rate":0,"timestamp":1552817524,"path_taken":["M","M","M","M","?","E","M","R","T","E","?","R","M","?","R","BOSS","M","?","?","$","M"],"build_version":"2019-01-23","purchased_purges":0,"victory":false,"max_hp_per_floor":[80,80,80,80,80,80,80,80,80,80,80,80,80,80,80,80,80,80,80,40,40,40],"card_choices":[{"not_picked":["Combust","Warcry"],"picked":"Cleave","floor":1},{"not_picked":["Armaments","Heavy Blade"],"picked":"Corruption","floor":2},{"not_picked":["Entrench","Dropkick"],"picked":"True Grit","floor":3},{"not_picked":["Seeing Red","Headbutt"],"picked":"Havoc","floor":4},{"not_picked":["Cleave","Anger"],"picked":"Shockwave","floor":6},{"not_picked":["Bludgeon","Pommel Strike"],"picked":"Wild Strike","floor":7},{"not_picked":["Thunderclap","Seeing Red"],"picked":"Burning Pact","floor":10},{"not_picked":["Sword Boomerang","Havoc"],"picked":"Ghostly Armor","floor":13},{"not_picked":["Bludgeon","Double Tap"],"picked":"Juggernaut+1","floor":16},{"not_picked":["Fire Breathing+1","Body Slam"],"picked":"Clash","floor":18}],"player_experience":357772,"relics_obtained":[{"floor":6,"key":"Frozen Egg 2"},{"floor":9,"key":"Pantograph"},{"floor":10,"key":"Bottled Flame"}],"event_choices":[{"damage_healed":0,"gold_gain":0,"player_choice":"Success","damage_taken":25,"relics_obtained":["Red Skull"],"max_hp_gain":0,"max_hp_loss":0,"event_name":"Scrap Ooze","floor":5,"gold_loss":0},{"damage_healed":0,"gold_gain":0,"player_choice":"Searched \u00271\u0027 times","damage_taken":0,"max_hp_gain":0,"max_hp_loss":0,"event_name":"Dead Adventurer","floor":11,"gold_loss":0},{"damage_healed":0,"gold_gain":0,"player_choice":"Ignored","damage_taken":0,"max_hp_gain":0,"max_hp_loss":0,"event_name":"Liars Game","floor":14,"gold_loss":0},{"damage_healed":0,"gold_gain":0,"cards_transformed":["Strike_R","Defend_R"],"player_choice":"Became Test Subject","damage_taken":0,"max_hp_gain":0,"max_hp_loss":0,"event_name":"Drug Dealer","floor":19,"gold_loss":0,"cards_obtained":["Rage","Battle Trance"]},{"damage_healed":0,"gold_gain":0,"player_choice":"Became a Ghost","damage_taken":0,"max_hp_gain":0,"max_hp_loss":40,"event_name":"Ghosts","floor":20,"gold_loss":0,"cards_obtained":["Ghostly","Ghostly","Ghostly","Ghostly","Ghostly"]}],"is_beta":false,"boss_relics":[{"not_picked":["Velvet Choker","Philosopher\u0027s Stone"],"picked":"Empty Cage"}],"items_purged_floors":[],"is_endless":false,"potions_floor_spawned":[1,3,4,7,16,18],"killed_by":"2 Thieves","ascension_level":6}