{"gold_per_floor":[117,128,128,53,2,34,53,53,53,65,65,96,110,129,129,231,231,251,251,277,289,133,133,160,160,160,160,120,120,155,155,155,258,258,278,288,82,82,82,112,128,142,165,165,165,178,178,196,196,196],"floor_reached":51,"playtime":1314,"items_purged":["Strike_R"],"score":985,"play_id":"8b03b90f-6e8e-49a4-9af8-e923f8310447","local_time":"20190317113442","is_ascension_mode":true,"campfire_choices":[{"data":"Flex","floor":8,"key":"SMITH"},{"data":"Flex","floor":11,"key":"SMITH"},{"data":"Spot Weakness","floor":15,"key":"SMITH"},{"floor":23,"key":"REST"},{"floor":25,"key":"REST"},{"data":"Bash","floor":32,"key":"SMITH"},{"floor":44,"key":"REST"},{"floor":45,"key":"REST"},{"floor":49,"key":"REST"}],"neow_cost":"NONE","seed_source_timestamp":212139908633858,"circlet_count":0,"master_deck":["Strike_R+1","Strike_R+1","Strike_R+1","Defend_R+1","Defend_R+1","Defend_R+1","Bash+1","Flex+1","Flex+1","Sever Soul","Clash","Twin Strike+1","Clash+1","Spot Weakness+1","Clash+1","Pommel Strike+1","Perfected Strike+1","Cleave+1","Cleave+1","Immolate+1","Flex","Pommel Strike+1","Dramatic Entrance+1","Flex","Rage","Spot Weakness","Pommel Strike+1","Flex"],"relics":["Burning Blood","NeowsBlessing","Pear","Shuriken","Paper Frog","Molten Egg 2","Philosopher\u0027s Stone","Red Mask","Bag of Preparation","Juzu Bracelet","Ancient Tea Set","WingedGreaves","Runic Cube","HandDrill","Happy Flower","Vajra"],"potions_floor_usage":[12,30,31,50,50,50],"damage_taken":[{"damage":0,"enemies":"Small Slimes","floor":1,"turns":1},{"damage":0,"enemies":"Jaw Worm","floor":2,"turns":1},{"damage":0,"enemies":"3 Sentries","floor":6,"turns":2},{"damage":1,"enemies":"Cultist","floor":7,"turns":3},{"damage":6,"enemies":"Blue Slaver","floor":10,"turns":4},{"damage":16,"enemies":"Gremlin Nob","floor":12,"turns":3},{"damage":2,"enemies":"3 Louse","floor":13,"turns":2},{"damage":0,"enemies":"Looter","floor":14,"turns":1},{"damage":49,"enemies":"The Guardian","floor":16,"turns":7},{"damage":28,"enemies":"Spheric Guardian","floor":18,"turns":4},{"damage":5,"enemies":"Masked Bandits","floor":20,"turns":3},{"damage":12,"enemies":"3 Byrds","floor":21,"turns":4},{"damage":19,"enemies":"Slavers","floor":24,"turns":3},{"damage":16,"enemies":"Gremlin Leader","floor":30,"turns":3},{"damage":0,"enemies":"Snecko","floor":31,"turns":2},{"damage":35,"enemies":"Champ","floor":33,"turns":6},{"damage":4,"enemies":"3 Darklings","floor":35,"turns":3},{"damage":9,"enemies":"Orb Walker","floor":36,"turns":2},{"damage":44,"enemies":"Reptomancer","floor":40,"turns":4},{"damage":12,"enemies":"4 Shapes","floor":41,"turns":1},{"damage":29,"enemies":"Spire Growth","floor":42,"turns":3},{"damage":4,"enemies":"Writhing Mass","floor":46,"turns":2},{"damage":31,"enemies":"Maw","floor":48,"turns":5},{"damage":57,"enemies":"Donu and Deca","floor":50,"turns":5}],"seed_played":"-527416028253784981","potions_obtained":[{"floor":1,"key":"BloodPotion"},{"floor":2,"key":"SmokeBomb"},{"floor":7,"key":"Poison Potion"},{"floor":16,"key":"Weak Potion"},{"floor":33,"key":"Strength Potion"},{"floor":35,"key":"FearPotion"}],"is_trial":false,"path_per_floor":["?","$","M","?","?","?","?","?","?","?","?"],"character_chosen":"IRONCLAD","items_purchased":["Flex","Bag of Preparation","HandDrill"],"campfire_rested":5,"item_purchase_floors":[5,22,37],"current_hp_per_floor":[78,80,83,83,83,89,90,90,90,90,90,80,84,90,90,47,79,57,57,58,52,52,79,66,90,90,90,90,90,80,86,86,57,82,84,81,81,81,81,43,37,14,14,41,68,70,70,45,72,30],"gold":196,"neow_bonus":"THREE_ENEMY_KILL","is_prod":false,"is_daily":false,"chose_seed":false,"campfire_upgraded":4,"win_rate":0,"timestamp":1552818882,"path_taken":["M","M","?","?","$","E","M","R","T","M","R","E","M","?","R","BOSS","M","?","?","M","$","R","E","R","T","?","?","?","E","M","R","BOSS","M","M","$","?","?","E","M","M","T","R","R","M","?","M","R","BOSS"],"build_version":"2019-01-23","purchased_purges":1,"victory":true,"max_hp_per_floor":[80,80,90,90,90,90,90,90,90,90,90,90,90,90,90,90,90,90,90,90,90,90,90,90,90,90,90,90,90,90,90,90,90,90,90,90,90,90,90,90,90,90,90,90,90,90,90,90,90,90],"card_choices":[{"not_picked":["Rupture","Cleave"],"picked":"Flex","floor":1},{"not_picked":["Pommel Strike","Wild Strike","Headbutt"],"picked":"SKIP","floor":2},{"not_picked":["Sword Boomerang","Shrug It Off"],"picked":"Sever Soul","floor":6},{"not_picked":["Shrug It Off","Flex"],"picked":"Clash","floor":7},{"not_picked":["Body Slam","Brutality"],"picked":"Twin Strike","floor":10},{"not_picked":["Rampage","Metallicize"],"picked":"Clash","floor":12},{"not_picked":["Body Slam+1","Pommel Strike+1"],"picked":"Spot Weakness","floor":13},{"not_picked":["Warcry","Sentinel"],"picked":"Clash+1","floor":14},{"not_picked":["True Grit","Warcry"],"picked":"Pommel Strike+1","floor":18},{"not_picked":["Iron Wave+1","Seeing Red"],"picked":"Perfected Strike+1","floor":20},{"not_picked":["Uppercut+1","Second Wind+1"],"picked":"Cleave+1","floor":21},{"not_picked":["Hemokinesis+1","Disarm"],"picked":"Cleave+1","floor":24},{"not_picked":["Sword Boomerang+1","Combust+1","Dual Wield+1"],"picked":"SKIP","floor":30},{"not_picked":["Reaper+1","Barricade"],"picked":"Immolate+1","floor":33},{"not_picked":["Burning Pact+1","Headbutt+1"],"picked":"Flex","floor":35},{"not_picked":["Headbutt+1","Anger+1"],"picked":"Pommel Strike+1","floor":36},{"not_picked":["Enlightenment","Secret Technique"],"picked":"Dramatic Entrance+1","floor":39},{"not_picked":["Iron Wave+1","Anger+1"],"picked":"Flex","floor":40},{"not_picked":["Heavy Blade+1","Headbutt+1"],"picked":"Rage","floor":41},{"not_picked":["Power Through+1","Ghostly Armor+1"],"picked":"Spot Weakness","floor":42},{"not_picked":["Hemokinesis+1","Body Slam+1"],"picked":"Pommel Strike+1","floor":46},{"not_picked":["Immolate+1","Cleave+1"],"picked":"Flex","floor":48}],"player_experience":358484,"relics_obtained":[{"floor":6,"key":"Shuriken"},{"floor":9,"key":"Paper Frog"},{"floor":12,"key":"Molten Egg 2"},{"floor":20,"key":"Red Mask"},{"floor":24,"key":"Juzu Bracelet"},{"floor":26,"key":"Ancient Tea Set"},{"floor":30,"key":"WingedGreaves"},{"floor":40,"key":"Happy Flower"},{"floor":43,"key":"Vajra"}],"event_choices":[{"damage_healed":0,"gold_gain":0,"player_choice":"Success","damage_taken":7,"relics_obtained":["Pear"],"max_hp_gain":0,"max_hp_loss":0,"event_name":"Scrap Ooze","floor":3,"gold_loss":0},{"damage_healed":0,"gold_gain":0,"player_choice":"Simplicity","damage_taken":0,"max_hp_gain":0,"max_hp_loss":0,"event_name":"Back to Basics","floor":19,"gold_loss":0,"cards_upgraded":["Strike_R","Strike_R","Strike_R","Strike_R","Defend_R","Defend_R","Defend_R","Defend_R"]},{"damage_healed":0,"gold_gain":0,"player_choice":"Fought Bandits","damage_taken":0,"max_hp_gain":0,"max_hp_loss":0,"event_name":"Masked Bandits","floor":20,"gold_loss":0},{"damage_healed":0,"gold_gain":0,"player_choice":"Ignored","damage_taken":0,"max_hp_gain":0,"max_hp_loss":0,"event_name":"Ghosts","floor":27,"gold_loss":0},{"damage_healed":0,"gold_gain":0,"player_choice":"Upgrade","damage_taken":0,"max_hp_gain":0,"max_hp_loss":0,"event_name":"Designer","floor":28,"gold_loss":40,"cards_upgraded":["Twin Strike"]},{"cards_removed":["Strike_R"],"damage_healed":0,"gold_gain":0,"player_choice":"Offered Basic","damage_taken":0,"max_hp_gain":0,"max_hp_loss":0,"event_name":"Bonfire Elementals","floor":29,"gold_loss":0},{"cards_removed":["Defend_R"],"damage_healed":0,"gold_gain":0,"player_choice":"Removed Skill","damage_taken":0,"max_hp_gain":0,"max_hp_loss":0,"event_name":"Falling","floor":38,"gold_loss":0},{"damage_healed":0,"gold_gain":0,"player_choice":"Memory 1","damage_taken":0,"max_hp_gain":0,"max_hp_loss":0,"event_name":"SensoryStone","floor":39,"gold_loss":0},{"damage_healed":0,"gold_gain":0,"player_choice":"Ignored","damage_taken":0,"max_hp_gain":0,"max_hp_loss":0,"event_name":"Transmorgrifier","floor":47,"gold_loss":0}],"is_beta":false,"boss_relics":[{"not_picked":["Snecko Eye","Black Star"],"picked":"Philosopher\u0027s Stone"},{"not_picked":["Calling Bell","White Beast Statue"],"picked":"Runic Cube"}],"items_purged_floors":[4],"is_endless":false,"potions_floor_spawned":[1,2,7,16,20,24,33,35,40,48],"ascension_level":6}