{"gold_per_floor":[110,128,139,139,21,21,38,38,64,81,98,98,98,111,111,216,216,230,230,230,248,263,263,273,273,273,287,287],"floor_reached":28,"playtime":920,"items_purged":[],"score":214,"play_id":"62d52649-6af2-4d0a-8372-eff7d309cc3f","local_time":"20180730193555","is_ascension_mode":false,"campfire_choices":[{"data":"Catalyst","floor":6,"key":"SMITH"},{"data":"Heel Hook","floor":13,"key":"SMITH"},{"floor":15,"key":"REST"},{"data":"Catalyst","floor":23,"key":"SMITH"},{"data":"Poisoned Stab","floor":25,"key":"SMITH"}],"neow_cost":"NONE","seed_source_timestamp":1364614757430522,"circlet_count":0,"master_deck":["Defend_G","Defend_G","Defend_G","Defend_G","Defend_G","Strike_G","Strike_G","Strike_G","Strike_G","Survivor","Neutralize","Sucker Punch","Deadly Poison","Poisoned Stab+1","Catalyst+1","Poisoned Stab","Dagger Spray","Prepared","Heel Hook+1","Bane","Die Die Die","Endless Agony+1","Catalyst+1","Blur","Backflip+1","Noxious Fumes"],"relics":["Velvet Choker"],"potions_floor_usage":[16,16,22,27,27],"damage_taken":[{"damage":1,"enemies":"Cultist","floor":1,"turns":4},{"damage":0,"enemies":"Small Slimes","floor":2,"turns":3},{"damage":8,"enemies":"Jaw Worm","floor":3,"turns":2},{"damage":1,"enemies":"Gremlin Gang","floor":7,"turns":5},{"damage":0,"enemies":"2 Fungi Beasts","floor":10,"turns":3},{"damage":8,"enemies":"Large Slime","floor":11,"turns":4},{"damage":27,"enemies":"Exordium Thugs","floor":14,"turns":4},{"damage":28,"enemies":"The Guardian","floor":16,"turns":8},{"damage":15,"enemies":"Shell Parasite","floor":18,"turns":3},{"damage":17,"enemies":"Spheric Guardian","floor":21,"turns":4},{"damage":1,"enemies":"Snecko","floor":22,"turns":4},{"damage":13,"enemies":"Centurion and Healer","floor":24,"turns":6},{"damage":17,"enemies":"Cultist and Chosen","floor":27,"turns":6},{"damage":8,"enemies":"3 Cultists","floor":28,"turns":2}],"seed_played":"4487491483598834742","potions_obtained":[{"floor":1,"key":"FearPotion"},{"floor":2,"key":"PowerPotion"},{"floor":10,"key":"Swift Potion"},{"floor":11,"key":"SkillPotion"},{"floor":16,"key":"SpeedPotion"},{"floor":21,"key":"PowerPotion"},{"floor":24,"key":"Fire Potion"}],"is_trial":false,"path_per_floor":["M","M","M","?","$","R","M","?","T","M","M","?","R","M","R","B",null,"M","T","?","M","M","R","M","R","T","M"],"character_chosen":"THE_SILENT","items_purchased":["Catalyst","Poisoned Stab"],"campfire_rested":1,"item_purchase_floors":[5,5],"current_hp_per_floor":[69,69,61,61,61,61,60,60,60,60,52,52,52,25,46,18,70,55,55,55,38,37,37,24,24,24,7,0],"gold":287,"neow_bonus":"BOSS_RELIC","is_prod":false,"is_daily":false,"chose_seed":false,"campfire_upgraded":4,"win_rate":0,"timestamp":1533000955,"path_taken":["M","M","M","?","?","R","?","?","T","M","M","?","R","M","R","BOSS","M","?","?","M","M","R","M","R","T","M","M"],"build_version":"2018-07-26","purchased_purges":0,"victory":false,"max_hp_per_floor":[70,70,70,70,70,70,70,70,70,70,70,70,70,70,70,70,70,70,70,70,70,70,70,70,70,70,70,70],"card_choices":[{"not_picked":["Predator","Escape Plan"],"picked":"Sucker Punch","floor":1},{"not_picked":["Dagger Throw","Cloak And Dagger"],"picked":"Deadly Poison","floor":2},{"not_picked":["Quick Slash","Calculated Gamble"],"picked":"Poisoned Stab","floor":3},{"not_picked":["Phantasmal Killer","Well Laid Plans"],"picked":"Dagger Spray","floor":7},{"not_picked":["Deadly Poison","Dagger Throw"],"picked":"Prepared","floor":10},{"not_picked":["Masterful Stab","All Out Attack"],"picked":"Heel Hook","floor":11},{"not_picked":["Crippling Poison","Flying Knee"],"picked":"Bane","floor":14},{"not_picked":["Venomology","Bullet Time"],"picked":"Die Die Die","floor":16},{"not_picked":["Underhanded Strike","Choke"],"picked":"Endless Agony+1","floor":18},{"not_picked":["Sucker Punch","Dodge and Roll+1"],"picked":"Catalyst","floor":21},{"not_picked":["Caltrops","Distraction"],"picked":"Blur","floor":22},{"not_picked":["Flechettes","Bane"],"picked":"Backflip+1","floor":24},{"not_picked":["Predator","Flying Knee"],"picked":"Noxious Fumes","floor":27}],"player_experience":310049,"relics_obtained":[],"event_choices":[{"event_name":"WeMeetAgain","player_choice":"Attack","floor":4,"damage_taken":0},{"event_name":"Living Wall","player_choice":"Forget","floor":8,"damage_taken":0},{"event_name":"Liars Game","player_choice":"disagreed","floor":12,"damage_taken":0},{"event_name":"Ghosts","player_choice":"Ignored","floor":20,"damage_taken":0}],"is_beta":false,"boss_relics":[{"not_picked":["Sozu","Cursed Key","HoveringKite"]}],"items_purged_floors":[],"is_endless":false,"potions_floor_spawned":[1,2,10,11,16,21,24],"killed_by":"3 Cultists","ascension_level":0}