{"gold_per_floor":[118,131,131,144,294,326,326,296,296,296,311,328,347,231,231,231],"floor_reached":16,"playtime":1532,"items_purged":["Doubt"],"score":184,"play_id":"4992b59a-9f98-4b95-8481-05b51643c1ae","local_time":"20190320140057","is_ascension_mode":true,"campfire_choices":[{"data":"Bash","floor":7,"key":"SMITH"},{"data":"Shrug It Off","floor":10,"key":"SMITH"},{"floor":15,"key":"REST"}],"neow_cost":"NONE","seed_source_timestamp":440819549749608,"circlet_count":0,"master_deck":["AscendersBane","Strike_R","Strike_R","Strike_R","Strike_R","Strike_R","Defend_R","Defend_R","Defend_R","Defend_R","Bash+1","Iron Wave","Headbutt","Shrug It Off+1","Shrug It Off","Pommel Strike","Fiend Fire","Uppercut","Body Slam","Shockwave"],"relics":["Burning Blood","NeowsBlessing","Ornamental Fan","Paper Frog"],"potions_floor_usage":[6,16],"damage_taken":[{"damage":0,"enemies":"2 Louse","floor":1,"turns":1},{"damage":0,"enemies":"Cultist","floor":2,"turns":1},{"damage":0,"enemies":"Small Slimes","floor":4,"turns":1},{"damage":53,"enemies":"Lagavulin","floor":6,"turns":8},{"damage":5,"enemies":"Looter","floor":8,"turns":4},{"damage":10,"enemies":"3 Louse","floor":11,"turns":3},{"damage":6,"enemies":"Gremlin Gang","floor":12,"turns":6},{"damage":14,"enemies":"Large Slime","floor":13,"turns":7},{"damage":37,"enemies":"The Guardian","floor":16,"turns":13}],"seed_played":"1210952658478937998","potions_obtained":[{"floor":1,"key":"Fire Potion"},{"floor":3,"key":"SmokeBomb"},{"floor":12,"key":"SteroidPotion"},{"floor":13,"key":"Explosive Potion"}],"is_trial":false,"path_per_floor":["M","M","?","M","?","E","R","M","T","R","M","M","M","$","R","B"],"character_chosen":"IRONCLAD","items_purchased":["Shockwave"],"campfire_rested":1,"item_purchase_floors":[14],"current_hp_per_floor":[74,75,75,75,75,28,28,29,29,29,25,25,17,17,39,2],"gold":231,"neow_bonus":"THREE_ENEMY_KILL","is_prod":false,"is_daily":false,"chose_seed":false,"campfire_upgraded":2,"win_rate":0,"timestamp":1553058057,"path_taken":["M","M","?","?","?","E","R","M","T","R","M","M","M","$","R","BOSS"],"build_version":"2019-01-23","purchased_purges":1,"victory":false,"max_hp_per_floor":[75,75,75,75,75,75,75,75,75,75,75,75,75,75,75,75],"card_choices":[{"not_picked":["True Grit","Twin Strike"],"picked":"Iron Wave","floor":1},{"not_picked":["Clothesline","Fire Breathing"],"picked":"Headbutt","floor":2},{"not_picked":["Sword Boomerang","Bloodletting"],"picked":"Shrug It Off","floor":4},{"not_picked":["Rupture","Warcry"],"picked":"Shrug It Off","floor":6},{"not_picked":["Iron Wave","Headbutt"],"picked":"Pommel Strike","floor":8},{"not_picked":["Warcry","Havoc"],"picked":"Fiend Fire","floor":11},{"not_picked":["Blood for Blood","Thunderclap"],"picked":"Uppercut","floor":12},{"not_picked":["Cleave","Sword Boomerang"],"picked":"Body Slam","floor":13}],"player_experience":453759,"relics_obtained":[{"floor":6,"key":"Ornamental Fan"},{"floor":9,"key":"Paper Frog"}],"event_choices":[{"damage_healed":0,"gold_gain":0,"player_choice":"Got Potions","damage_taken":0,"max_hp_gain":0,"max_hp_loss":0,"event_name":"Lab","floor":3,"gold_loss":0},{"damage_healed":0,"gold_gain":150,"player_choice":"AGREE","damage_taken":0,"max_hp_gain":0,"max_hp_loss":0,"event_name":"Liars Game","floor":5,"gold_loss":0,"cards_obtained":["Doubt"]}],"is_beta":false,"boss_relics":[],"items_purged_floors":[14],"is_endless":false,"potions_floor_spawned":[1,4,12,13],"killed_by":"The Guardian","ascension_level":16}