{"gold_per_floor":[111,172,172,184,9,41,41,70,100,100,135,135,148,163,163,265,265,279,279,120,120,120,120,120],"floor_reached":24,"playtime":9787,"items_purged":["Strike_R","Strike_R"],"score":319,"play_id":"d00b2a25-19a5-424f-ae8f-b00b38ba65b8","local_time":"20190318220447","is_ascension_mode":true,"campfire_choices":[{"floor":7,"key":"REST"},{"floor":10,"key":"REST"},{"floor":12,"key":"REST"},{"data":"Armaments","floor":15,"key":"SMITH"},{"floor":23,"key":"REST"}],"neow_cost":"NONE","seed_source_timestamp":327875087731033,"circlet_count":0,"master_deck":["Strike_R","Strike_R","Strike_R","Defend_R","Defend_R","Defend_R","Defend_R","Bash+1","Sentinel","Warcry","Metallicize","Armaments+1","Shrug It Off","Feed","Demon Form","Ghostly Armor","Fiend Fire","Pommel Strike+1","Inflame","Flex","Shrug It Off","Ghostly","Ghostly","Ghostly","Ghostly","Ghostly"],"relics":["Burning Blood","Question Card","Pear","Tiny Chest","The Courier","Philosopher\u0027s Stone"],"potions_floor_usage":[18,22,22],"damage_taken":[{"damage":19,"enemies":"Small Slimes","floor":1,"turns":5},{"damage":11,"enemies":"Jaw Worm","floor":4,"turns":8},{"damage":51,"enemies":"3 Sentries","floor":6,"turns":15},{"damage":40,"enemies":"Lagavulin","floor":8,"turns":9},{"damage":27,"enemies":"Gremlin Nob","floor":11,"turns":5},{"damage":10,"enemies":"Cultist","floor":13,"turns":4},{"damage":15,"enemies":"Blue Slaver","floor":14,"turns":6},{"damage":38,"enemies":"Hexaghost","floor":16,"turns":12},{"damage":50,"enemies":"3 Byrds","floor":18,"turns":8},{"damage":2,"enemies":"Colosseum Slavers","floor":22,"turns":7},{"damage":29,"enemies":"Colosseum Nobs","floor":22,"turns":7},{"damage":45,"enemies":"Book of Stabbing","floor":24,"turns":7}],"seed_played":"4063769805455155166","potions_obtained":[{"floor":1,"key":"GamblersBrew"},{"floor":11,"key":"SmokeBomb"},{"floor":14,"key":"Regen Potion"},{"floor":18,"key":"FearPotion"}],"is_trial":false,"path_per_floor":["?","?","M","?","?","?"],"character_chosen":"IRONCLAD","items_purchased":["Metallicize","Armaments","Flex","Shrug It Off"],"campfire_rested":4,"item_purchase_floors":[5,5,20,20],"current_hp_per_floor":[59,59,80,75,75,30,54,30,30,57,36,63,59,54,54,22,76,32,32,32,32,27,41,0],"gold":120,"neow_bonus":"UPGRADE_CARD","is_prod":false,"is_daily":false,"chose_seed":false,"campfire_upgraded":1,"win_rate":0,"timestamp":1552943087,"path_taken":["M","?","?","M","$","E","R","E","T","R","E","R","?","M","R","BOSS","M","?","$","?","?","R","E"],"build_version":"2019-01-23","purchased_purges":2,"victory":false,"max_hp_per_floor":[80,80,80,80,80,80,80,90,90,90,90,90,90,94,94,94,94,94,94,94,47,47,47,47],"card_choices":[{"not_picked":["Combust","Dropkick"],"picked":"Sentinel","floor":1},{"not_picked":["Headbutt","Cleave"],"picked":"Warcry","floor":4},{"not_picked":["Rupture","Searing Blow"],"picked":"Shrug It Off","floor":6},{"not_picked":["Headbutt","Brutality","Sentinel"],"picked":"Feed","floor":8},{"not_picked":["Dropkick","Carnage","Headbutt"],"picked":"Demon Form","floor":11},{"not_picked":["Clothesline","Dropkick","Thunderclap"],"picked":"Ghostly Armor","floor":13},{"not_picked":["Fire Breathing","Dropkick","Armaments","Iron Wave"],"picked":"SKIP","floor":14},{"not_picked":["Offering","Bludgeon","Double Tap"],"picked":"Fiend Fire","floor":16},{"not_picked":["Body Slam","Uppercut","Iron Wave"],"picked":"Pommel Strike+1","floor":18}],"player_experience":392452,"relics_obtained":[{"floor":6,"key":"Question Card"},{"floor":8,"key":"Pear"},{"floor":9,"key":"Tiny Chest"},{"floor":11,"key":"The Courier"}],"event_choices":[{"damage_healed":0,"gold_gain":61,"player_choice":"Gained Gold","damage_taken":0,"max_hp_gain":0,"max_hp_loss":0,"event_name":"Golden Wing","floor":2,"gold_loss":0},{"damage_healed":21,"gold_gain":0,"player_choice":"Full Heal","damage_taken":0,"max_hp_gain":0,"max_hp_loss":0,"event_name":"Wheel of Change","floor":3,"gold_loss":0},{"damage_healed":0,"gold_gain":0,"player_choice":"Read","damage_taken":0,"max_hp_gain":0,"max_hp_loss":0,"event_name":"The Library","floor":19,"gold_loss":0,"cards_obtained":["Inflame"]},{"damage_healed":0,"gold_gain":0,"player_choice":"Became a Ghost","damage_taken":0,"max_hp_gain":0,"max_hp_loss":47,"event_name":"Ghosts","floor":21,"gold_loss":0,"cards_obtained":["Ghostly","Ghostly","Ghostly","Ghostly","Ghostly"]},{"damage_healed":0,"gold_gain":0,"player_choice":"Fight","damage_taken":0,"max_hp_gain":0,"max_hp_loss":0,"event_name":"Colosseum","floor":22,"gold_loss":0},{"damage_healed":0,"gold_gain":0,"player_choice":"Fought Nobs","damage_taken":0,"max_hp_gain":0,"max_hp_loss":0,"event_name":"Colosseum","floor":22,"gold_loss":0}],"is_beta":false,"boss_relics":[{"not_picked":["Sozu","Black Star"],"picked":"Philosopher\u0027s Stone"}],"items_purged_floors":[5,20],"is_endless":false,"potions_floor_spawned":[1,11,14,16,18,22],"killed_by":"Book of Stabbing","ascension_level":8}