{"gold_per_floor":[114,39,0,19,19,19,19,50,50,70,98,98,98,111,111,213,213],"floor_reached":17,"playtime":699,"items_purged":["Strike_R"],"score":204,"play_id":"4df8f563-0182-4004-b8e8-13721ebdde6d","local_time":"20190209021959","is_ascension_mode":true,"campfire_choices":[{"data":"Reaper","floor":6,"key":"SMITH"},{"floor":12,"key":"REST"},{"floor":15,"key":"REST"}],"neow_cost":"NONE","seed_source_timestamp":124663148299111,"circlet_count":0,"master_deck":["Strike_R","Strike_R","Strike_R","Strike_R","Defend_R","Defend_R","Defend_R","Defend_R","Bash","Reaper+1","Heavy Blade","Parasite","Heavy Blade","Heavy Blade","Fiend Fire"],"relics":["Burning Blood","Ornamental Fan","Torii","Charon\u0027s Ashes","Potion Belt"],"potions_floor_usage":[16,16],"damage_taken":[{"damage":9,"enemies":"Jaw Worm","floor":1,"turns":5},{"damage":2,"enemies":"Small Slimes","floor":4,"turns":4},{"damage":39,"enemies":"Gremlin Nob","floor":8,"turns":5},{"damage":1,"enemies":"Cultist","floor":10,"turns":4},{"damage":24,"enemies":"3 Sentries","floor":11,"turns":8},{"damage":23,"enemies":"Large Slime","floor":14,"turns":6},{"damage":62,"enemies":"Slime Boss","floor":16,"turns":15}],"seed_played":"-600636136199093373","potions_obtained":[{"floor":1,"key":"SkillPotion"},{"floor":4,"key":"AttackPotion"},{"floor":14,"key":"EssenceOfSteel"}],"is_trial":false,"path_per_floor":["?","?","?","$"],"character_chosen":"IRONCLAD","items_purchased":[],"campfire_rested":2,"item_purchase_floors":[],"current_hp_per_floor":[77,77,77,80,73,73,80,47,47,57,54,78,78,61,80,31,31],"gold":213,"neow_bonus":"ONE_RANDOM_RARE_CARD","is_prod":false,"is_daily":false,"chose_seed":false,"campfire_upgraded":1,"win_rate":0,"timestamp":1549675199,"path_taken":["M","$","?","M","?","R","?","E","T","M","E","R","?","M","R","BOSS"],"build_version":"2019-01-23","purchased_purges":1,"victory":false,"max_hp_per_floor":[80,80,80,80,80,80,80,80,80,80,80,80,80,80,80,80,80],"card_choices":[{"not_picked":["Carnage","Havoc","Sword Boomerang"],"picked":"SKIP","floor":1},{"not_picked":["Pommel Strike","Intimidate"],"picked":"Heavy Blade","floor":4},{"not_picked":["Pommel Strike","Impervious"],"picked":"Heavy Blade","floor":8},{"not_picked":["Wild Strike","Blood for Blood","Perfected Strike"],"picked":"SKIP","floor":10},{"not_picked":["Entrench","Exhume"],"picked":"Heavy Blade","floor":11},{"not_picked":["Hemokinesis","Pommel Strike","Anger"],"picked":"SKIP","floor":14},{"not_picked":["Juggernaut","Dark Embrace"],"picked":"Fiend Fire","floor":16}],"player_experience":135608,"relics_obtained":[{"floor":8,"key":"Torii"},{"floor":9,"key":"Charon\u0027s Ashes"},{"floor":11,"key":"Potion Belt"}],"event_choices":[{"damage_healed":0,"gold_gain":0,"player_choice":"Left Gold","damage_taken":0,"max_hp_gain":0,"max_hp_loss":0,"event_name":"World of Goop","floor":3,"gold_loss":39},{"damage_healed":0,"gold_gain":0,"player_choice":"Success","damage_taken":7,"relics_obtained":["Ornamental Fan"],"max_hp_gain":0,"max_hp_loss":0,"event_name":"Scrap Ooze","floor":5,"gold_loss":0},{"damage_healed":20,"gold_gain":0,"player_choice":"Healed and dodged fight","damage_taken":0,"max_hp_gain":0,"max_hp_loss":0,"event_name":"Mushrooms","floor":7,"gold_loss":0,"cards_obtained":["Parasite"]}],"is_beta":false,"boss_relics":[],"items_purged_floors":[2],"is_endless":false,"potions_floor_spawned":[1,4,14],"ascension_level":5}