{"gold_per_floor":[119,119,144,164,164,195,145,64,142,142,155,155,330,10,10,138,138,161,197,322,222,235,259,174,174,226,226,50,70,70,70,70,189,189,204,204,426,551,566,566,566],"floor_reached":41,"playtime":1624,"items_purged":["Doubt","Strike_G","Defend_G"],"score":410,"play_id":"7d162c2c-e358-4478-8a8a-9ce800e39641","local_time":"20190308143123","is_ascension_mode":false,"campfire_choices":[{"data":"Infinite Blades","floor":10,"key":"SMITH"},{"floor":12,"key":"REST"},{"data":"Blade Dance","floor":15,"key":"SMITH"},{"data":"Cloak And Dagger","floor":25,"key":"SMITH"},{"data":"Finisher","floor":27,"key":"SMITH"},{"floor":30,"key":"REST"},{"floor":32,"key":"REST"},{"data":"Storm of Steel","floor":40,"key":"SMITH"}],"neow_cost":"NONE","seed_source_timestamp":259298211808888,"circlet_count":0,"master_deck":["Defend_G","Defend_G","Strike_G","Strike_G","Survivor+1","Neutralize+1","Flying Knee+1","Blade Dance+1","Infinite Blades","Finisher+1","Infinite Blades+1","Phantasmal Killer","Tools of the Trade+1","Dagger Spray+1","Crippling Poison+1","Cloak And Dagger+1","Infinite Blades","Cloak And Dagger","Cloak And Dagger","Necronomicurse","Storm of Steel+1"],"relics":["Ring of the Snake","Golden Idol","Pen Nib","Mummified Hand","Ninja Scroll","Astrolabe","Red Mask","WingedGreaves","Pantograph","Centennial Puzzle","Necronomicon","WristBlade","Dead Branch"],"potions_floor_usage":[20,20,20,41],"damage_taken":[{"damage":0,"enemies":"Small Slimes","floor":1,"turns":3},{"damage":0,"enemies":"2 Louse","floor":3,"turns":2},{"damage":3,"enemies":"Jaw Worm","floor":4,"turns":4},{"damage":4,"enemies":"3 Sentries","floor":6,"turns":8},{"damage":3,"enemies":"2 Fungi Beasts","floor":11,"turns":3},{"damage":10,"enemies":"The Guardian","floor":16,"turns":8},{"damage":0,"enemies":"Spheric Guardian","floor":18,"turns":1},{"damage":12,"enemies":"Masked Bandits","floor":19,"turns":3},{"damage":3,"enemies":"Colosseum Slavers","floor":20,"turns":2},{"damage":0,"enemies":"Colosseum Nobs","floor":20,"turns":3},{"damage":0,"enemies":"3 Byrds","floor":22,"turns":3},{"damage":6,"enemies":"Snecko","floor":23,"turns":3},{"damage":1,"enemies":"Centurion and Healer","floor":29,"turns":2},{"damage":20,"enemies":"Champ","floor":33,"turns":8},{"damage":0,"enemies":"3 Shapes","floor":35,"turns":2},{"damage":8,"enemies":"Mind Bloom Boss Battle","floor":38,"turns":4},{"damage":0,"enemies":"Orb Walker","floor":39,"turns":2},{"damage":57,"enemies":"Reptomancer","floor":41,"turns":2}],"seed_played":"-6529644016149112548","potions_obtained":[{"floor":1,"key":"Energy Potion"},{"floor":6,"key":"Poison Potion"},{"floor":16,"key":"Block Potion"},{"floor":20,"key":"Ancient Potion"},{"floor":22,"key":"Weak Potion"}],"is_trial":false,"path_per_floor":["?","?","?","$","?","?","?","?","$","M","?","?","?","?"],"character_chosen":"THE_SILENT","items_purchased":["Infinite Blades","Ninja Scroll","Cloak And Dagger"],"campfire_rested":3,"item_purchase_floors":[8,14,28],"current_hp_per_floor":[70,65,65,62,49,45,45,45,45,45,42,61,61,61,61,51,65,65,53,50,50,50,44,44,44,44,44,44,43,62,46,65,45,65,65,62,62,54,54,54,0],"gold":566,"neow_bonus":"UPGRADE_CARD","is_prod":false,"is_daily":false,"chose_seed":false,"campfire_upgraded":5,"win_rate":0,"timestamp":1552051883,"path_taken":["M","?","M","M","?","E","?","?","T","R","M","R","?","$","R","BOSS","M","?","?","$","M","M","?","R","T","R","?","?","R","?","R","BOSS","M","?","?","?","M","R","E"],"build_version":"2019-01-23","purchased_purges":3,"victory":false,"max_hp_per_floor":[70,65,65,65,65,65,65,65,65,65,65,65,65,65,65,65,65,65,65,65,65,65,65,65,65,65,65,65,65,65,65,65,65,65,65,62,62,62,62,62,62],"card_choices":[{"not_picked":["Eviscerate","Sucker Punch"],"picked":"Flying Knee","floor":1},{"not_picked":["All Out Attack","Dagger Spray"],"picked":"Blade Dance","floor":3},{"not_picked":["Poisoned Stab","Masterful Stab"],"picked":"Infinite Blades","floor":4},{"not_picked":["Noxious Fumes","Endless Agony"],"picked":"Finisher","floor":6},{"not_picked":["Backflip","Slice","Deadly Poison"],"picked":"SKIP","floor":11},{"not_picked":["Die Die Die","Glass Knife"],"picked":"Phantasmal Killer","floor":16},{"not_picked":["Backflip","Slice","Outmaneuver"],"picked":"SKIP","floor":18},{"not_picked":["Sucker Punch+1","PiercingWail"],"picked":"Cloak And Dagger","floor":19},{"not_picked":["Acrobatics","Slice"],"picked":"Infinite Blades","floor":22},{"not_picked":["Choke","Masterful Stab","Glass Knife"],"picked":"SKIP","floor":23},{"not_picked":["Deflect+1","Deadly Poison"],"picked":"Cloak And Dagger","floor":29},{"not_picked":["After Image","Unload"],"picked":"Storm of Steel","floor":33},{"not_picked":["Quick Slash+1","Sucker Punch","Poisoned Stab"],"picked":"SKIP","floor":35},{"not_picked":["Poisoned Stab+1","Prepared","Dagger Spray"],"picked":"SKIP","floor":39}],"player_experience":174752,"relics_obtained":[{"floor":6,"key":"Pen Nib"},{"floor":9,"key":"Mummified Hand"},{"floor":19,"key":"Red Mask"},{"floor":20,"key":"WingedGreaves"},{"floor":20,"key":"Pantograph"},{"floor":31,"key":"Necronomicon"},{"floor":38,"key":"Dead Branch"}],"event_choices":[{"damage_healed":0,"gold_gain":0,"player_choice":"Lose Max HP","damage_taken":0,"relics_obtained":["Golden Idol"],"max_hp_gain":0,"max_hp_loss":5,"event_name":"Golden Idol","floor":2,"gold_loss":0},{"damage_healed":0,"gold_gain":0,"player_choice":"Entered Light","damage_taken":13,"max_hp_gain":0,"max_hp_loss":0,"event_name":"Shining Light","floor":5,"gold_loss":0,"cards_upgraded":["Flying Knee","Survivor"]},{"cards_removed":["Strike_G"],"damage_healed":0,"gold_gain":0,"player_choice":"Card Removal","damage_taken":0,"max_hp_gain":0,"max_hp_loss":0,"event_name":"The Cleric","floor":7,"gold_loss":50},{"damage_healed":0,"gold_gain":175,"player_choice":"AGREE","damage_taken":0,"max_hp_gain":0,"max_hp_loss":0,"event_name":"Liars Game","floor":13,"gold_loss":0,"cards_obtained":["Doubt"]},{"damage_healed":0,"gold_gain":0,"player_choice":"Fought Bandits","damage_taken":0,"max_hp_gain":0,"max_hp_loss":0,"event_name":"Masked Bandits","floor":19,"gold_loss":0},{"damage_healed":0,"gold_gain":0,"player_choice":"Fight","damage_taken":0,"max_hp_gain":0,"max_hp_loss":0,"event_name":"Colosseum","floor":20,"gold_loss":0},{"damage_healed":0,"gold_gain":0,"player_choice":"Fought Nobs","damage_taken":0,"max_hp_gain":0,"max_hp_loss":0,"event_name":"Colosseum","floor":20,"gold_loss":0},{"damage_healed":0,"gold_gain":0,"player_choice":"Obtained Relic","damage_taken":0,"relics_obtained":["Centennial Puzzle"],"max_hp_gain":0,"max_hp_loss":0,"event_name":"Addict","floor":24,"gold_loss":85},{"damage_healed":0,"gold_gain":0,"player_choice":"Obtained Book","damage_taken":16,"max_hp_gain":0,"max_hp_loss":0,"event_name":"Cursed Tome","floor":31,"gold_loss":0},{"damage_healed":0,"gold_gain":0,"player_choice":"Max HP","damage_taken":0,"max_hp_gain":0,"max_hp_loss":3,"event_name":"Winding Halls","floor":36,"gold_loss":0},{"damage_healed":0,"gold_gain":222,"player_choice":"Wore Mask","damage_taken":0,"max_hp_gain":0,"max_hp_loss":0,"event_name":"Tomb of Lord Red Mask","floor":37,"gold_loss":0},{"damage_healed":0,"gold_gain":0,"player_choice":"Fight","damage_taken":0,"max_hp_gain":0,"max_hp_loss":0,"event_name":"MindBloom","floor":38,"gold_loss":0}],"is_beta":false,"boss_relics":[{"not_picked":["Cursed Key","Runic Dome"],"picked":"Astrolabe"},{"not_picked":["Lizard Tail","White Beast Statue"],"picked":"WristBlade"}],"items_purged_floors":[14,21,28],"is_endless":false,"potions_floor_spawned":[1,6,16,18,20,22],"killed_by":"Reptomancer","ascension_level":0}