{"gold_per_floor":[111,111,121,133,147,147,180,180,210,210,221,239,271,44,44,143,143,154,168,184,197,197],"floor_reached":22,"playtime":957,"items_purged":["Strike_G"],"score":300,"play_id":"a3dabb83-5d24-4b72-bacd-18c9e8907b56","local_time":"20181113125954","is_ascension_mode":true,"campfire_choices":[{"data":"Predator","floor":6.0,"key":"SMITH"},{"data":"All Out Attack","floor":8.0,"key":"SMITH"},{"data":"Quick Slash","floor":10.0,"key":"SMITH"},{"floor":15,"key":"REST"}],"neow_cost":"NONE","seed_source_timestamp":176443213351221,"circlet_count":0,"master_deck":["AscendersBane","Defend_G","Defend_G","Defend_G","Defend_G","Defend_G","Strike_G","Strike_G","Survivor","Neutralize","Predator+1","Quick Slash+1","Flying Knee","All Out Attack+1","Dash","After Image","Skewer+1","Acrobatics","Dash","Wraith Form v2"],"special_seed":0,"relics":["Velvet Choker","Lantern","Tiny Chest","Sundial","Bag of Marbles","Empty Cage"],"potions_floor_usage":[16,20,21,21],"damage_taken":[{"damage":2.0,"enemies":"Jaw Worm","floor":1.0,"turns":4.0},{"damage":0.0,"enemies":"Cultist","floor":3.0,"turns":3.0},{"damage":0.0,"enemies":"2 Louse","floor":4.0,"turns":2.0},{"damage":0.0,"enemies":"Gremlin Gang","floor":5.0,"turns":2.0},{"damage":6.0,"enemies":"3 Sentries","floor":7.0,"turns":7.0},{"damage":11.0,"enemies":"Exordium Thugs","floor":11.0,"turns":4.0},{"damage":0,"enemies":"Looter","floor":12,"turns":1},{"damage":16,"enemies":"Gremlin Nob","floor":13,"turns":3},{"damage":42,"enemies":"The Guardian","floor":16,"turns":14},{"damage":11,"enemies":"Spheric Guardian","floor":18,"turns":4},{"damage":0,"enemies":"Shell Parasite","floor":19,"turns":4},{"damage":26,"enemies":"Cultist and Chosen","floor":20,"turns":7},{"damage":15,"enemies":"Snecko","floor":21,"turns":7},{"damage":2,"enemies":"Snake Plant","floor":22,"turns":1}],"seed_played":"-3542111310347749359","potions_obtained":[{"floor":3.0,"key":"Ancient Potion"},{"floor":4.0,"key":"PowerPotion"},{"floor":7.0,"key":"LiquidBronze"},{"floor":13,"key":"Swift Potion"},{"floor":19,"key":"Weak Potion"},{"floor":20,"key":"Block Potion"}],"is_trial":false,"path_per_floor":["M","?","M","M","M","R","E","R","T","R","M","M","E","$","R","B",null,"M","M","M","M","M"],"character_chosen":"THE_SILENT","items_purchased":["Bag of Marbles"],"campfire_rested":1,"item_purchase_floors":[14],"current_hp_per_floor":[61,61,61,61,61,61,55,55,55,55,44,44,28,28,49,7,54,43,43,17,2,0],"gold":197,"neow_bonus":"BOSS_RELIC","is_prod":false,"is_daily":false,"chose_seed":false,"campfire_upgraded":3,"win_rate":0,"timestamp":1542139194,"path_taken":["M","?","M","M","M","R","E","R","T","R","M","?","E","?","R","BOSS","M","M","M","M","M"],"build_version":"2018-11-08","purchased_purges":1,"victory":false,"max_hp_per_floor":[70,70,70,70,70,70,70,70,70,70,70,70,70,70,70,70,70,70,70,70,70,70],"card_choices":[{"not_picked":["Deflect","Deadly Poison"],"picked":"Predator","floor":1.0},{"not_picked":["Flechettes","PiercingWail"],"picked":"Flying Knee","floor":3.0},{"not_picked":["Backflip","Blade Dance"],"picked":"All Out Attack","floor":4.0},{"not_picked":["Deadly Poison","Heel Hook","Prepared"],"picked":"SKIP","floor":5.0},{"not_picked":["A Thousand Cuts","Finisher","Bane"],"picked":"SKIP","floor":7.0},{"not_picked":["Outmaneuver","Blade Dance","Eviscerate"],"picked":"SKIP","floor":11.0},{"not_picked":["Slice","Infinite Blades"],"picked":"Dash","floor":12},{"not_picked":["Prepared","Cloak And Dagger","Deadly Poison"],"picked":"SKIP","floor":13},{"not_picked":["Doppelganger","Storm of Steel"],"picked":"After Image","floor":16},{"not_picked":["Bane+1","Outmaneuver"],"picked":"Skewer+1","floor":18},{"not_picked":["Bane+1","PiercingWail+1"],"picked":"Acrobatics","floor":19},{"not_picked":["Catalyst+1","Noxious Fumes"],"picked":"Dash","floor":20},{"not_picked":["Dodge and Roll","Heel Hook"],"picked":"Wraith Form v2","floor":21}],"player_experience":603563,"relics_obtained":[{"floor":7.0,"key":"Lantern"},{"floor":9.0,"key":"Tiny Chest"},{"floor":13,"key":"Sundial"}],"event_choices":[{"damage_healed":0.0,"max_hp_gain":0.0,"max_hp_loss":0.0,"gold_gain":0.0,"event_name":"Match and Keep!","player_choice":"1 cards matched","floor":2.0,"gold_loss":0.0,"damage_taken":0.0,"cards_obtained":["Quick Slash"]}],"is_beta":false,"boss_relics":[{"not_picked":["Runic Pyramid","HoveringKite"],"picked":"Empty Cage"}],"items_purged_floors":[14],"is_endless":false,"potions_floor_spawned":[3,4,7,13,19,20],"killed_by":"Snake Plant","ascension_level":10}