{"gold_per_floor":[117,117,135,135,152,179,194,227,280,308,308,327,355,370,370,472,472,492,417,429,74,90,117,117,127,127,143,143,177,196,221,233,346,358,385,416,51,51,63,63],"floor_reached":40,"playtime":2100,"items_purged":[],"score":707,"play_id":"e10310e8-be2e-4aa9-8a97-6507be487da1","local_time":"20181009140019","is_ascension_mode":true,"campfire_choices":[{"data":"Barricade","floor":11,"key":"SMITH"},{"data":"Entrench","floor":15,"key":"SMITH"},{"data":"Juggernaut","floor":24,"key":"SMITH"},{"data":"Metallicize","floor":32,"key":"SMITH"}],"neow_cost":"NONE","seed_source_timestamp":484218785550693,"circlet_count":0,"master_deck":["Defend_R","Defend_R","Defend_R","Defend_R","Bash","Armaments+1","Battle Trance","Reaper","Metallicize+1","Flex","Rage","Barricade+1","Pommel Strike","Juggernaut+1","Entrench+1","Reaper","Body Slam","Thunderclap","Shrug It Off","Dual Wield+1","True Grit","Inflame+1","Bite","Bite","Bite","Bite","Bite","Armaments+1","Double Tap+1","Burning Pact+1","Body Slam","Second Wind+1"],"special_seed":0,"relics":["Burning Blood","Pear","Mummified Hand","Oddly Smooth Stone","Regal Pillow","Bottled Lightning","Busted Crown","Meat on the Bone","Toxic Egg 2","Lantern","MawBank","Coffee Dripper","Sundial"],"potions_floor_usage":[8,10,14,22,27,31,40,40],"damage_taken":[{"damage":4,"enemies":"2 Louse","floor":1,"turns":4},{"damage":0,"enemies":"Small Slimes","floor":3,"turns":3},{"damage":1,"enemies":"Cultist","floor":5,"turns":3},{"damage":31,"enemies":"3 Sentries","floor":6,"turns":9},{"damage":1,"enemies":"Exordium Wildlife","floor":7,"turns":6},{"damage":29,"enemies":"Lagavulin","floor":8,"turns":6},{"damage":23,"enemies":"Gremlin Nob","floor":10,"turns":5},{"damage":2,"enemies":"Looter","floor":12,"turns":3},{"damage":3,"enemies":"Lagavulin","floor":13,"turns":8},{"damage":2,"enemies":"2 Fungi Beasts","floor":14,"turns":4},{"damage":29,"enemies":"Slime Boss","floor":16,"turns":9},{"damage":0,"enemies":"Chosen","floor":18,"turns":5},{"damage":13,"enemies":"2 Thieves","floor":20,"turns":3},{"damage":22,"enemies":"3 Cultists","floor":22,"turns":5},{"damage":88,"enemies":"Book of Stabbing","floor":23,"turns":9},{"damage":7,"enemies":"Shelled Parasite and Fungi","floor":25,"turns":5},{"damage":24,"enemies":"Snecko","floor":27,"turns":5},{"damage":0,"enemies":"Gremlin Leader","floor":29,"turns":5},{"damage":13,"enemies":"Chosen and Byrds","floor":30,"turns":5},{"damage":42,"enemies":"Slavers","floor":31,"turns":6},{"damage":42,"enemies":"Automaton","floor":33,"turns":9},{"damage":36,"enemies":"3 Darklings","floor":35,"turns":4},{"damage":20,"enemies":"Orb Walker","floor":36,"turns":4},{"damage":12,"enemies":"Transient","floor":39,"turns":5},{"damage":121,"enemies":"2 Orb Walkers","floor":40,"turns":6}],"seed_played":"3730385376696120532","potions_obtained":[{"floor":1,"key":"Block Potion"},{"floor":3,"key":"Strength Potion"},{"floor":4,"key":"SpeedPotion"},{"floor":8,"key":"Energy Potion"},{"floor":13,"key":"AttackPotion"},{"floor":22,"key":"Explosive Potion"},{"floor":23,"key":"Poison Potion"},{"floor":29,"key":"Weak Potion"},{"floor":30,"key":"Fruit Juice"},{"floor":31,"key":"PowerPotion"}],"is_trial":false,"path_per_floor":["M","?","M","?","M","E","M","E","T","E","R","M","E","M","R","B",null,"M","?","M","$","M","E","R","M","T","M","?","E","M","E","R","B",null,"M","M","$","?","M"],"character_chosen":"IRONCLAD","items_purchased":["Thunderclap","Shrug It Off","Meat on the Bone","Sundial","Burning Pact+1","Body Slam"],"campfire_rested":0,"item_purchase_floors":[21,21,21,37,37,37],"current_hp_per_floor":[82,82,88,88,88,78,89,79,79,66,66,70,77,89,89,66,90,98,98,91,91,93,34,34,57,57,61,61,98,98,98,98,86,99,103,94,94,94,103,0],"gold":63,"neow_bonus":"TEN_PERCENT_HP_BONUS","is_prod":false,"is_daily":false,"chose_seed":false,"campfire_upgraded":4,"win_rate":0,"timestamp":1539115219,"path_taken":["M","?","M","?","M","E","M","E","T","E","R","M","E","M","R","BOSS","M","?","M","$","M","E","R","M","T","M","?","E","M","E","R","BOSS","M","M","$","?","M","E"],"build_version":"2018-10-04v2","purchased_purges":0,"victory":false,"max_hp_per_floor":[88,88,88,88,88,98,98,98,98,98,98,98,98,98,98,98,98,98,98,98,98,98,98,98,98,98,98,98,98,98,103,103,103,103,103,103,103,103,103,103],"card_choices":[{"not_picked":["Power Through","Ghostly Armor"],"picked":"Armaments","floor":1},{"not_picked":["Shrug It Off","Ghostly Armor"],"picked":"Battle Trance","floor":3},{"not_picked":["Pommel Strike","Anger"],"picked":"Reaper","floor":5},{"not_picked":["Clash","Iron Wave"],"picked":"Metallicize","floor":6},{"not_picked":["Sentinel","Warcry"],"picked":"Flex","floor":7},{"not_picked":["True Grit","Flame Barrier"],"picked":"Rage","floor":8},{"not_picked":["Pommel Strike","Body Slam"],"picked":"Barricade","floor":10},{"not_picked":["Clash","Hemokinesis"],"picked":"Pommel Strike","floor":12},{"not_picked":["Clothesline","Flame Barrier"],"picked":"Juggernaut","floor":13},{"not_picked":["Havoc","Intimidate"],"picked":"Entrench","floor":14},{"not_picked":["Exhume","Barricade"],"picked":"Reaper","floor":16},{"not_picked":[],"picked":"Body Slam","floor":18},{"not_picked":["Reckless Charge+1"],"picked":"SKIP","floor":20},{"not_picked":[],"picked":"Dual Wield+1","floor":22},{"not_picked":[],"picked":"True Grit","floor":23},{"not_picked":[],"picked":"Inflame","floor":25},{"not_picked":["Anger"],"picked":"SKIP","floor":27},{"not_picked":["Sword Boomerang"],"picked":"SKIP","floor":29},{"not_picked":[],"picked":"Armaments+1","floor":30},{"not_picked":["Armaments+1"],"picked":"SKIP","floor":31},{"not_picked":[],"picked":"Double Tap+1","floor":33},{"not_picked":["Clash"],"picked":"SKIP","floor":35},{"not_picked":["Perfected Strike+1"],"picked":"SKIP","floor":36},{"not_picked":[],"picked":"Second Wind+1","floor":39}],"player_experience":507639,"relics_obtained":[{"floor":6,"key":"Pear"},{"floor":8,"key":"Mummified Hand"},{"floor":9,"key":"Oddly Smooth Stone"},{"floor":10,"key":"Regal Pillow"},{"floor":13,"key":"Bottled Lightning"},{"floor":23,"key":"Blood Vial"},{"floor":26,"key":"Toxic Egg 2"},{"floor":29,"key":"Lantern"},{"floor":31,"key":"MawBank"}],"event_choices":[{"event_name":"Living Wall","player_choice":"Grow","floor":2,"damage_taken":0},{"event_name":"The Lab","player_choice":"Got Potions","floor":4,"damage_taken":0},{"event_name":"Beggar","player_choice":"Gave Gold","floor":19,"damage_taken":0},{"event_name":"Vampires","player_choice":"Became a vampire (Vial)","floor":28,"damage_taken":0},{"event_name":"Accursed Blacksmith","player_choice":"Forge","floor":38,"damage_taken":0}],"is_beta":false,"boss_relics":[{"not_picked":["Black Blood","Calling Bell"],"picked":"Busted Crown"},{"not_picked":["Lizard Tail","Velvet Choker"],"picked":"Coffee Dripper"}],"items_purged_floors":[],"is_endless":false,"potions_floor_spawned":[1,3,5,8,13,22,23,29,30,31,36],"killed_by":"2 Orb Walkers","ascension_level":6}