{"gold_per_floor":[116,126,30,40,40,40,15,41,118,146,160,180,212,242,242,344,344,363,375,389,304,39,39,55,81,81,159,159,169,169,179,179,279,279,292,305,405,405,127,152,182,182,182,210,210,123,149,159,159,159,159,159,34,59,59],"floor_reached":56,"playtime":3038,"items_purged":["Strike_R","Sever Soul+1"],"score":1486,"play_id":"ab9ba9ed-4dd0-4a58-be99-9aea2206000a","local_time":"20181202231924","is_ascension_mode":true,"campfire_choices":[{"data":"Armaments","floor":6.0,"key":"SMITH"},{"floor":15.0,"key":"RECALL"},{"data":"Entrench","floor":23.0,"key":"SMITH"},{"data":"Limit Break","floor":28.0,"key":"SMITH"},{"floor":32.0,"key":"REST"},{"data":"Body Slam","floor":42.0,"key":"SMITH"},{"data":"Body Slam","floor":45.0,"key":"SMITH"},{"data":"Armaments","floor":49.0,"key":"SMITH"},{"data":"Shrug It Off","floor":52.0,"key":"SMITH"}],"neow_cost":"TEN_PERCENT_HP_LOSS","seed_source_timestamp":83585028019427,"circlet_count":0,"master_deck":["Defend_R","Defend_R","Defend_R","Bash","Clothesline","Body Slam+1","Thunderclap","Armaments+1","Pommel Strike+1","Shrug It Off+1","Juggernaut","Whirlwind","Metallicize","Shrug It Off","Juggernaut","Impervious","Havoc+1","Uppercut+1","Dropkick+1","Spot Weakness","Entrench+1","Limit Break+1","Juggernaut","Armaments+1","Barricade","Flame Barrier","Trip","Discovery","Flash of Steel+1","Inflame","Body Slam+1","Limit Break","Metallicize","Anger","Apotheosis","Shrug It Off","Feel No Pain","Armaments+1"],"special_seed":0,"relics":["Burning Blood","Bag of Preparation","Gremlin Horn","Blood Vial","Odd Mushroom","Vajra","Astrolabe","MawBank","Membership Card","Mummified Hand","Dodecahedron","Enchiridion","Coffee Dripper","Girya","OrangePellets","Whetstone","WingedGreaves","Pocketwatch","Matryoshka","Bottled Tornado","Kunai","Anchor"],"potions_floor_usage":[55],"damage_taken":[{"damage":6.0,"enemies":"Cultist","floor":1.0,"turns":4.0},{"damage":0.0,"enemies":"Small Slimes","floor":2.0,"turns":3.0},{"damage":1.0,"enemies":"2 Louse","floor":4.0,"turns":4.0},{"damage":18.0,"enemies":"3 Sentries","floor":8.0,"turns":6.0},{"damage":17.0,"enemies":"Gremlin Nob","floor":10.0,"turns":4.0},{"damage":7.0,"enemies":"Looter","floor":11.0,"turns":3.0},{"damage":13.0,"enemies":"The Mushroom Lair","floor":12.0,"turns":4.0},{"damage":29.0,"enemies":"3 Sentries","floor":13.0,"turns":6.0},{"damage":22.0,"enemies":"Hexaghost","floor":16.0,"turns":11.0},{"damage":5.0,"enemies":"2 Thieves","floor":18.0,"turns":5.0},{"damage":5.0,"enemies":"3 Byrds","floor":19.0,"turns":3.0},{"damage":15.0,"enemies":"Snecko","floor":20.0,"turns":4.0},{"damage":12.0,"enemies":"Sentry and Sphere","floor":24.0,"turns":6.0},{"damage":2.0,"enemies":"Gremlin Leader","floor":25.0,"turns":6.0},{"damage":20.0,"enemies":"Chosen and Byrds","floor":29.0,"turns":5.0},{"damage":17.0,"enemies":"Cultist and Chosen","floor":31.0,"turns":5.0},{"damage":42.0,"enemies":"Champ","floor":33.0,"turns":10.0},{"damage":10.0,"enemies":"Orb Walker","floor":35.0,"turns":4.0},{"damage":13.0,"enemies":"3 Darklings","floor":36.0,"turns":5.0},{"damage":0.0,"enemies":"Mind Bloom Boss Battle","floor":37.0,"turns":4.0},{"damage":0.0,"enemies":"Reptomancer","floor":40.0,"turns":3.0},{"damage":0.0,"enemies":"Giant Head","floor":41.0,"turns":8.0},{"damage":33.0,"enemies":"Nemesis","floor":44.0,"turns":5.0},{"damage":0.0,"enemies":"Giant Head","floor":47.0,"turns":6.0},{"damage":2.0,"enemies":"Transient","floor":48.0,"turns":5.0},{"damage":12.0,"enemies":"Time Eater","floor":50.0,"turns":11.0},{"damage":56.0,"enemies":"Shield and Spear","floor":54.0,"turns":4.0},{"damage":45,"enemies":"The Heart","floor":55,"turns":9}],"seed_played":"-49541392690330655","potions_obtained":[{"floor":2.0,"key":"Explosive Potion"},{"floor":4.0,"key":"FairyPotion"},{"floor":11.0,"key":"SmokeBomb"},{"floor":13.0,"key":"Strength Potion"},{"floor":16.0,"key":"LiquidBronze"},{"floor":24.0,"key":"FairyPotion"},{"floor":29.0,"key":"SkillPotion"},{"floor":31.0,"key":"SkillPotion"},{"floor":37.0,"key":"FearPotion"},{"floor":54,"key":"LiquidBronze"}],"is_trial":false,"path_per_floor":["M","M","$","M","$","R","$","E","T","E","M","?","E","?","R","B",null,"M","M","M","?","$","R","M","E","T","T","R","M","?","M","R","B",null,"M","M","?","?","$","E","E","R","T","E","R","$","E","M","R","B",null,"R","$","E","E","B",null],"character_chosen":"IRONCLAD","items_purchased":["Thunderclap","Armaments","Shrug It Off","Membership Card","Entrench","OrangePellets","Whetstone","Inflame","Body Slam","Limit Break","Metallicize","Apotheosis","Shrug It Off","Feel No Pain"],"campfire_rested":1,"item_purchase_floors":[3,3,7,22,22,39,39,39,39,46,46,53,53,53],"current_hp_per_floor":[72,72,72,72,72,72,72,60,60,49,50,45,24,24,24,10,72,72,72,63,63,63,63,59,65,65,65,65,53,37,28,49,15,72,68,63,71,61,61,69,72,72,72,45,45,45,53,59,59,55,72,72,72,22,13],"gold":59,"neow_bonus":"REMOVE_TWO","is_prod":false,"is_daily":false,"chose_seed":false,"campfire_upgraded":7,"win_rate":0,"timestamp":1543817964,"path_taken":["M","M","$","?","?","R","$","E","T","E","M","?","E","?","R","BOSS","M","M","M","?","$","R","M","E","T","?","R","M","?","?","R","BOSS","M","M","?","?","$","E","E","R","T","E","R","$","E","M","R","BOSS","R","$","E","BOSS"],"build_version":"2018-11-15","purchased_purges":2,"victory":true,"max_hp_per_floor":[72,72,72,72,72,72,72,72,72,72,72,72,72,72,72,72,72,72,72,72,72,72,72,72,72,72,72,72,72,72,72,72,72,72,72,72,72,72,72,72,72,72,72,72,72,72,72,72,72,72,72,72,72,72,72],"card_choices":[{"not_picked":["Iron Wave","Warcry"],"picked":"Clothesline","floor":1.0},{"not_picked":["Headbutt","Iron Wave"],"picked":"Body Slam","floor":2.0},{"not_picked":["Sever Soul","Anger"],"picked":"Pommel Strike","floor":4.0},{"not_picked":["Exhume","Wild Strike"],"picked":"Juggernaut","floor":8.0},{"not_picked":["Havoc","Headbutt"],"picked":"Whirlwind","floor":10.0},{"not_picked":["Twin Strike","Wild Strike"],"picked":"Metallicize","floor":11.0},{"not_picked":["Thunderclap","Rupture"],"picked":"Shrug It Off","floor":12.0},{"not_picked":["Shrug It Off","Blood for Blood"],"picked":"Juggernaut","floor":13.0},{"not_picked":["Fiend Fire","Brutality"],"picked":"Impervious","floor":16.0},{"not_picked":["Infernal Blade","True Grit"],"picked":"Dropkick+1","floor":18.0},{"not_picked":["Iron Wave","Flex"],"picked":"Spot Weakness","floor":19.0},{"not_picked":["Clash","Hemokinesis","Wild Strike+1"],"picked":"SKIP","floor":20.0},{"not_picked":["Wild Strike+1","Clash"],"picked":"Limit Break","floor":24.0},{"not_picked":["Pommel Strike","Sever Soul+1"],"picked":"Juggernaut","floor":25.0},{"not_picked":["Reckless Charge+1","Cleave"],"picked":"Armaments","floor":29.0},{"not_picked":["Thunderclap","Iron Wave","Combust+1"],"picked":"SKIP","floor":31.0},{"not_picked":["Limit Break","Bludgeon"],"picked":"Barricade","floor":33.0},{"not_picked":["Rupture","Reckless Charge+1","Shockwave+1"],"picked":"SKIP","floor":35.0},{"not_picked":["Shockwave","Armaments","Burning Pact"],"picked":"SKIP","floor":36.0},{"not_picked":["Anger+1","Iron Wave+1"],"picked":"Flame Barrier","floor":37.0},{"not_picked":["Forethought","Deep Breath"],"picked":"Trip","floor":38.0},{"not_picked":["Dramatic Entrance","Purity"],"picked":"Discovery","floor":38.0},{"not_picked":["Dramatic Entrance","Trip"],"picked":"Flash of Steel","floor":38.0},{"not_picked":["Iron Wave+1","Intimidate+1","Headbutt"],"picked":"SKIP","floor":40.0},{"not_picked":["Spot Weakness","Corruption","Headbutt+1"],"picked":"SKIP","floor":41.0},{"not_picked":["Double Tap","Shockwave","Carnage+1"],"picked":"SKIP","floor":44.0},{"not_picked":["Second Wind+1","Clothesline+1","Whirlwind"],"picked":"SKIP","floor":47.0},{"not_picked":["Clothesline","Blood for Blood","Anger"],"picked":"SKIP","floor":48.0},{"not_picked":["Clothesline","Blood for Blood"],"picked":"Anger","floor":48.0},{"not_picked":["Headbutt","Flex+1"],"picked":"Armaments+1","floor":54}],"player_experience":659554,"relics_obtained":[{"floor":8.0,"key":"Bag of Preparation"},{"floor":9.0,"key":"Gremlin Horn"},{"floor":10.0,"key":"Blood Vial"},{"floor":12.0,"key":"Odd Mushroom"},{"floor":13.0,"key":"Vajra"},{"floor":25.0,"key":"Mummified Hand"},{"floor":27.0,"key":"Dodecahedron"},{"floor":30.0,"key":"Enchiridion"},{"floor":37.0,"key":"Girya"},{"floor":40.0,"key":"WingedGreaves"},{"floor":41.0,"key":"Pocketwatch"},{"floor":43.0,"key":"Matryoshka"},{"floor":44.0,"key":"Bottled Tornado"},{"floor":47.0,"key":"Kunai"},{"floor":54,"key":"Anchor"}],"event_choices":[{"damage_healed":0.0,"max_hp_gain":0.0,"max_hp_loss":0.0,"gold_gain":0.0,"event_name":"Mushrooms","player_choice":"Fought Mushrooms","floor":12.0,"gold_loss":0.0,"damage_taken":0.0},{"damage_healed":0.0,"max_hp_gain":0.0,"max_hp_loss":0.0,"gold_gain":30.0,"event_name":"Dead Adventurer","player_choice":"Searched \u00272\u0027 times","floor":14.0,"gold_loss":0.0,"damage_taken":0.0},{"damage_healed":0.0,"max_hp_gain":0.0,"max_hp_loss":0.0,"gold_gain":0.0,"event_name":"Addict","player_choice":"Obtained Relic","floor":21.0,"gold_loss":85.0,"damage_taken":0.0,"relics_obtained":["MawBank"]},{"damage_healed":0.0,"max_hp_gain":0.0,"max_hp_loss":0.0,"gold_gain":0.0,"event_name":"Cursed Tome","player_choice":"Obtained Book","floor":30.0,"gold_loss":0.0,"damage_taken":16.0},{"damage_healed":0.0,"max_hp_gain":0.0,"max_hp_loss":0.0,"gold_gain":0.0,"event_name":"MindBloom","player_choice":"Fight","floor":37.0,"gold_loss":0.0,"damage_taken":0.0},{"damage_healed":0.0,"max_hp_gain":0.0,"max_hp_loss":0.0,"gold_gain":0.0,"event_name":"SensoryStone","player_choice":"Memory 3","floor":38.0,"gold_loss":0.0,"damage_taken":10.0}],"is_beta":false,"boss_relics":[{"not_picked":["Cursed Key","Mark of Pain"],"picked":"Astrolabe"},{"not_picked":["Runic Pyramid","Eternal Feather"],"picked":"Coffee Dripper"}],"items_purged_floors":[22,39],"is_endless":false,"potions_floor_spawned":[2,4,11,13,16,24,29,31,37,41,47,54],"ascension_level":1}