{"gold_per_floor":[127,139,171,194,217,263,295,307,319,361,373,400,17,17,17,113,113,123,46,57,69,69,104,104,137,162,172,197,197,197,0,0,101,101,117,172,0,18,32,32,32,66,66,66,99,99,116,151,151,151],"floor_reached":51,"playtime":2472,"items_purged":["Strike_R","Strike_R+1"],"score":1044,"play_id":"d01faf57-4431-4fef-a68d-4ed350f1f49e","local_time":"20180723131201","is_ascension_mode":true,"campfire_choices":[{"data":"Armaments","floor":8,"key":"SMITH"},{"data":"Armaments","floor":11,"key":"SMITH"},{"floor":15,"key":"REST"},{"data":"Inflame","floor":24,"key":"SMITH"},{"data":"Offering","floor":29,"key":"SMITH"},{"floor":32,"key":"REST"},{"floor":40,"key":"REST"},{"floor":44,"key":"REST"},{"floor":49,"key":"REST"}],"neow_cost":"NONE","seed_source_timestamp":735293284460456,"circlet_count":0,"master_deck":["Strike_R+1","Strike_R+1","Strike_R+1","Defend_R+1","Defend_R+1","Defend_R+1","Defend_R+1","Bash+1","Sword Boomerang+1","Shrug It Off","Armaments+1","Armaments+1","Warcry+1","Cleave+1","Thunderclap+1","Offering+1","Inflame+1","Flex+1","Offering","Anger+1","J.A.X.","Dropkick+1","Body Slam+1","Pommel Strike+1","Sentinel+1","Spot Weakness+1","Limit Break","Heavy Blade+1","Metallicize+1","Thunderclap+1","Burning Pact+1","Second Wind","Whirlwind+1","Pummel+1"],"relics":["Burning Blood","MawBank","Molten Egg 2","Mummified Hand","Smiling Mask","Omamori","Champion Belt","Black Star","Oddly Smooth Stone","Bag of Preparation","Potion Belt","Happy Flower","War Paint","Bronze Scales","Red Skull","Fusion Hammer","Dead Branch","Red Mask","Lantern","Whetstone","Pen Nib","The Courier","Bottled Lightning","Ice Cream","Bag of Marbles","Orichalcum"],"potions_floor_usage":[6,10,27,27,50,50],"damage_taken":[{"damage":5,"enemies":"2 Louse","floor":1,"turns":4},{"damage":9,"enemies":"Jaw Worm","floor":3,"turns":3},{"damage":2,"enemies":"Small Slimes","floor":4,"turns":4},{"damage":8,"enemies":"Blue Slaver","floor":5,"turns":4},{"damage":33,"enemies":"Lagavulin","floor":6,"turns":11},{"damage":13,"enemies":"Large Slime","floor":7,"turns":6},{"damage":9,"enemies":"3 Sentries","floor":10,"turns":7},{"damage":12,"enemies":"3 Louse","floor":12,"turns":3},{"damage":11,"enemies":"Hexaghost","floor":16,"turns":9},{"damage":8,"enemies":"2 Thieves","floor":18,"turns":3},{"damage":9,"enemies":"3 Byrds","floor":20,"turns":5},{"damage":10,"enemies":"Centurion and Healer","floor":21,"turns":3},{"damage":43,"enemies":"Book of Stabbing","floor":23,"turns":6},{"damage":5,"enemies":"Slavers","floor":25,"turns":2},{"damage":11,"enemies":"Sentry and Sphere","floor":27,"turns":5},{"damage":23,"enemies":"Champ","floor":33,"turns":5},{"damage":5,"enemies":"3 Shapes","floor":35,"turns":2},{"damage":24,"floor":36,"turns":5},{"damage":3,"enemies":"Flame Bruiser 1 Orb","floor":38,"turns":3},{"damage":8,"enemies":"Maw","floor":39,"turns":6},{"damage":10,"enemies":"Nemesis","floor":42,"turns":1},{"damage":13,"enemies":"2 Orb Walkers","floor":45,"turns":1},{"damage":0,"floor":46,"turns":3},{"damage":5,"enemies":"3 Darklings","floor":47,"turns":2},{"damage":8,"enemies":"Nemesis","floor":48,"turns":1},{"damage":25,"enemies":"Time Eater","floor":50,"turns":2}],"seed_played":"3613252121643429766","potions_obtained":[{"floor":1,"key":"LiquidBronze"},{"floor":7,"key":"Explosive Potion"},{"floor":12,"key":"Ancient Potion"},{"floor":16,"key":"Block Potion"},{"floor":18,"key":"SneckoOil"},{"floor":25,"key":"Explosive Potion"},{"floor":36,"key":"AttackPotion"},{"floor":38,"key":"SteroidPotion"}],"is_trial":false,"path_per_floor":["M","?","M","M","M","E","M","R","T","E","R","M","$","?","R","B",null,"M","?","M","M","?","E","R","E","T","M","T","R","?","$","R","B",null,"M","?","?","M","M","R","$","E","T","R","E","?","M","E","R","B"],"character_chosen":"IRONCLAD","items_purchased":["Omamori","Offering","Inflame","Flex","Red Skull"],"campfire_rested":5,"item_purchase_floors":[13,13,13,13,31],"current_hp_per_floor":[80,64,61,65,63,36,29,29,29,26,26,20,20,8,32,27,80,78,78,75,71,71,34,34,35,35,30,30,30,22,22,46,29,80,80,62,62,65,63,80,80,76,76,80,73,79,80,78,80,61],"gold":151,"neow_bonus":"RANDOM_COMMON_RELIC","is_prod":false,"is_daily":false,"chose_seed":false,"campfire_upgraded":4,"win_rate":0,"timestamp":1532373121,"path_taken":["M","?","M","M","M","E","M","R","T","E","R","M","$","?","R","BOSS","M","?","M","M","?","E","R","E","T","?","?","R","?","$","R","BOSS","M","?","?","?","M","R","?","E","T","R","E","?","M","E","R","BOSS"],"build_version":"2018-07-19v2","purchased_purges":2,"victory":true,"max_hp_per_floor":[80,80,80,80,80,80,80,80,80,80,80,80,80,80,80,80,80,80,80,80,80,80,80,80,80,80,80,80,80,80,80,80,80,80,80,80,80,80,80,80,80,80,80,80,80,80,80,80,80,80],"card_choices":[{"not_picked":["Fire Breathing","Wild Strike"],"picked":"Sword Boomerang","floor":1},{"not_picked":["Blood for Blood","Cleave"],"picked":"Shrug It Off","floor":3},{"not_picked":["Fire Breathing","Burning Pact"],"picked":"Armaments","floor":4},{"not_picked":["Cleave","Uppercut"],"picked":"Armaments","floor":5},{"not_picked":["Perfected Strike","Corruption"],"picked":"Warcry","floor":6},{"not_picked":["Combust","Havoc","Blood for Blood+1"],"picked":"SKIP","floor":7},{"not_picked":["Wild Strike+1","Intimidate"],"picked":"Cleave+1","floor":10},{"not_picked":["Body Slam+1","Clothesline+1"],"picked":"Thunderclap+1","floor":12},{"not_picked":["Exhume","Impervious"],"picked":"Offering","floor":16},{"not_picked":["Perfected Strike+1","Twin Strike+1"],"picked":"Anger+1","floor":18},{"not_picked":["Flex","Dual Wield"],"picked":"Dropkick+1","floor":20},{"not_picked":["Heavy Blade+1","Dark Embrace"],"picked":"Body Slam+1","floor":21},{"not_picked":["True Grit","Warcry"],"picked":"Pommel Strike+1","floor":23},{"not_picked":["Iron Wave+1","Clothesline+1"],"picked":"Sentinel+1","floor":25},{"not_picked":["Iron Wave+1","Evolve"],"picked":"Spot Weakness+1","floor":27},{"not_picked":["Bludgeon+1","Demon Form"],"picked":"Limit Break","floor":33},{"not_picked":["Pommel Strike+1","Twin Strike+1"],"picked":"Heavy Blade+1","floor":35},{"not_picked":["Havoc+1","Berserk"],"picked":"Metallicize+1","floor":38},{"not_picked":["Warcry+1","True Grit+1"],"picked":"Thunderclap+1","floor":39},{"not_picked":["Bloodletting+1","Body Slam+1"],"picked":"Burning Pact+1","floor":42},{"not_picked":["Perfected Strike+1","Headbutt+1"],"picked":"Second Wind","floor":45},{"not_picked":["Intimidate","Anger+1"],"picked":"Whirlwind+1","floor":46},{"not_picked":["Armaments","Thunderclap+1"],"picked":"Pummel+1","floor":47},{"not_picked":["Flex","Anger+1","Sentinel+1"],"picked":"SKIP","floor":48}],"player_experience":263094,"relics_obtained":[{"floor":6,"key":"Molten Egg 2"},{"floor":9,"key":"Mummified Hand"},{"floor":10,"key":"Smiling Mask"},{"floor":23,"key":"Oddly Smooth Stone"},{"floor":23,"key":"Bag of Preparation"},{"floor":25,"key":"Potion Belt"},{"floor":25,"key":"Happy Flower"},{"floor":26,"key":"War Paint"},{"floor":28,"key":"Bronze Scales"},{"floor":36,"key":"Dead Branch"},{"floor":42,"key":"Lantern"},{"floor":42,"key":"Whetstone"},{"floor":43,"key":"Pen Nib"},{"floor":45,"key":"The Courier"},{"floor":45,"key":"Bottled Lightning"},{"floor":46,"key":"Ice Cream"},{"floor":48,"key":"Bag of Marbles"},{"floor":48,"key":"Orichalcum"}],"event_choices":[{"event_name":"Shining Light","player_choice":"Entered Light","floor":2,"damage_taken":0},{"event_name":"Scrap Ooze","player_choice":"success","floor":14,"damage_taken":12},{"event_name":"Drug Dealer","player_choice":"Got JAXXED","floor":19,"damage_taken":0},{"event_name":"Back to Basics","player_choice":"Simplicity","floor":22,"damage_taken":0},{"event_name":"Wheel of Change","player_choice":"Damage","floor":30,"damage_taken":0},{"event_name":"Mysterious Sphere","player_choice":"Fight","floor":36,"damage_taken":0},{"event_name":"Tomb of Lord Red Mask","player_choice":"Paid","floor":37,"damage_taken":0},{"event_name":"MindBloom","player_choice":"Fight","floor":46,"damage_taken":0}],"is_beta":false,"boss_relics":[{"not_picked":["Runic Dome","Calling Bell"],"picked":"Black Star"},{"not_picked":["Lizard Tail","Orrery"],"picked":"Fusion Hammer"}],"items_purged_floors":[13,31],"is_endless":false,"potions_floor_spawned":[1,7,12,16,18,25,36,38],"ascension_level":2}