{"gold_per_floor":[363,538,538,412,429,429,444,471,471,471,498,513,513,513],"floor_reached":14,"playtime":718,"items_purged":[],"score":98,"play_id":"ddbe06cf-e731-4dbd-b84c-f27ddb0edf39","local_time":"20190319210648","is_ascension_mode":false,"campfire_choices":[{"data":"Bash","floor":6,"key":"SMITH"},{"floor":10,"key":"REST"}],"neow_cost":"CURSE","seed_source_timestamp":395685066408200,"circlet_count":0,"master_deck":["Strike_R","Strike_R","Strike_R","Strike_R","Strike_R","Defend_R","Defend_R+1","Defend_R","Defend_R","Bash+1","Shame","Havoc+1","Doubt","Clash","Hemokinesis","Sword Boomerang","Clash","Infernal Blade","Decay"],"relics":["Burning Blood","Mummified Hand","Pantograph","Dodecahedron","Sundial"],"potions_floor_usage":[],"damage_taken":[{"damage":0,"enemies":"Small Slimes","floor":1,"turns":3},{"damage":0,"enemies":"2 Louse","floor":5,"turns":5},{"damage":0,"enemies":"Cultist","floor":7,"turns":3},{"damage":29,"enemies":"Gremlin Nob","floor":8,"turns":5},{"damage":54,"enemies":"Lagavulin","floor":11,"turns":6},{"damage":19,"enemies":"3 Louse","floor":12,"turns":3},{"damage":23,"enemies":"Gremlin Gang","floor":14,"turns":2}],"seed_played":"-6818283876322500987","potions_obtained":[{"floor":8,"key":"FearPotion"},{"floor":11,"key":"Poison Potion"}],"is_trial":false,"path_per_floor":["M","?","?","?","M","R","M","E","T","R","E","M","?","M"],"character_chosen":"IRONCLAD","items_purchased":[],"campfire_rested":1,"item_purchase_floors":[],"current_hp_per_floor":[80,80,64,64,70,70,76,53,53,77,29,16,16,0],"gold":513,"neow_bonus":"TWO_FIFTY_GOLD","is_prod":false,"is_daily":false,"chose_seed":false,"campfire_upgraded":1,"win_rate":0.0,"timestamp":1553044008,"path_taken":["M","?","?","?","M","R","M","E","T","R","E","?","?","M"],"build_version":"2019-01-23","purchased_purges":0,"victory":false,"max_hp_per_floor":[80,80,80,80,80,80,80,80,80,80,80,80,80,80],"card_choices":[{"not_picked":["Feel No Pain","Clothesline"],"picked":"Havoc","floor":1},{"not_picked":["Shockwave","Flex"],"picked":"Clash","floor":5},{"not_picked":["Perfected Strike","Feel No Pain"],"picked":"Hemokinesis","floor":7},{"not_picked":["Power Through","Headbutt"],"picked":"Sword Boomerang","floor":8},{"not_picked":["Iron Wave","Uppercut"],"picked":"Clash","floor":11},{"not_picked":["Reckless Charge","Sword Boomerang"],"picked":"Infernal Blade","floor":12}],"player_experience":79827,"relics_obtained":[{"floor":8,"key":"Pantograph"},{"floor":9,"key":"Dodecahedron"},{"floor":11,"key":"Sundial"}],"event_choices":[{"damage_healed":0,"gold_gain":175,"player_choice":"AGREE","damage_taken":0,"max_hp_gain":0,"max_hp_loss":0,"event_name":"Liars Game","floor":2,"gold_loss":0,"cards_obtained":["Doubt"]},{"damage_healed":0,"gold_gain":0,"player_choice":"Entered Light","damage_taken":16,"max_hp_gain":0,"max_hp_loss":0,"event_name":"Shining Light","floor":3,"gold_loss":0,"cards_upgraded":["Defend_R","Havoc"]},{"damage_healed":0,"gold_gain":0,"player_choice":"Paid Gold","damage_taken":0,"relics_obtained":["Mummified Hand"],"max_hp_gain":0,"max_hp_loss":0,"event_name":"WeMeetAgain","floor":4,"gold_loss":126},{"damage_healed":0,"gold_gain":0,"player_choice":"Cursed","damage_taken":0,"max_hp_gain":0,"max_hp_loss":0,"event_name":"Wheel of Change","floor":13,"gold_loss":0,"cards_obtained":["Decay"]}],"is_beta":false,"boss_relics":[],"items_purged_floors":[],"is_endless":false,"potions_floor_spawned":[8,11],"killed_by":"Gremlin Gang","ascension_level":0}