{"gold_per_floor":[113,60,60,75,91,122,135,135,135,9,19,19,31,47,47,152,152,168,267,281,294,140,140,153,172,172,172,87,98,98,98,98,98],"floor_reached":33,"playtime":1286,"items_purged":["Defend_G"],"score":251,"play_id":"2751ebc3-5a47-466e-9ddb-bdddfbbba891","local_time":"20181003003935","is_ascension_mode":false,"campfire_choices":[{"floor":8,"key":"REST"},{"data":"Accuracy","floor":12,"key":"SMITH"},{"data":"Adrenaline","floor":15,"key":"SMITH"},{"data":"Wraith Form v2","floor":23,"key":"SMITH"},{"data":"A Thousand Cuts","floor":27,"key":"SMITH"},{"floor":30,"key":"REST"},{"floor":32,"key":"REST"}],"neow_cost":"PERCENT_DAMAGE","seed_source_timestamp":995246060191949,"circlet_count":0,"master_deck":["Defend_G","Defend_G","Defend_G","Strike_G","Strike_G","Strike_G","Survivor","Neutralize","Prepared","Venomology","Flying Knee","Acrobatics","Dagger Throw","Finisher","PiercingWail","Backflip","Blade Dance","Finisher","Accuracy+1","Adrenaline+1","Backflip","A Thousand Cuts+1","Backstab","Wraith Form v2+1","Finisher","Cloak And Dagger","Sucker Punch"],"relics":["Ring of the Snake","Art of War","Lantern","WristBlade","Tough Bandages","Blue Candle","Enchiridion"],"potions_floor_usage":[1,2,7,16,16,20,21,24,25,25,29],"damage_taken":[{"damage":9,"enemies":"Small Slimes","floor":1,"turns":3},{"damage":0,"enemies":"Cultist","floor":4,"turns":4},{"damage":0,"enemies":"2 Louse","floor":5,"turns":3},{"damage":41,"enemies":"Lagavulin","floor":6,"turns":6},{"damage":0,"enemies":"Blue Slaver","floor":7,"turns":5},{"damage":0,"enemies":"2 Fungi Beasts","floor":11,"turns":2},{"damage":0,"enemies":"3 Louse","floor":13,"turns":2},{"damage":8,"enemies":"Gremlin Gang","floor":14,"turns":4},{"damage":4,"enemies":"Hexaghost","floor":16,"turns":7},{"damage":9,"enemies":"Shell Parasite","floor":18,"turns":4},{"damage":0,"enemies":"2 Thieves","floor":20,"turns":3},{"damage":3,"enemies":"Centurion and Healer","floor":21,"turns":6},{"damage":26,"enemies":"Snake Plant","floor":24,"turns":3},{"damage":26,"enemies":"Sentry and Sphere","floor":25,"turns":5},{"damage":8,"enemies":"Centurion and Healer","floor":29,"turns":5},{"damage":33,"enemies":"Collector","floor":33,"turns":5}],"seed_played":"8928611164207936983","potions_obtained":[{"floor":1,"key":"Fruit Juice"},{"floor":16,"key":"PowerPotion"},{"floor":20,"key":"Explosive Potion"}],"is_trial":false,"path_per_floor":["M","$","?","M","M","E","M","R","T","$","M","R","M","M","R","B",null,"M","?","M","M","$","R","M","M","T","R","?","M","R","?","R"],"character_chosen":"THE_SILENT","items_purchased":["Acrobatics","Blade Dance","Finisher","Finisher"],"campfire_rested":3,"item_purchase_floors":[2,10,10,22],"current_hp_per_floor":[40,45,45,45,45,4,4,26,26,26,26,26,26,18,18,14,75,66,66,66,63,63,63,37,11,11,11,11,3,25,9,31,0],"gold":98,"neow_bonus":"TRANSFORM_TWO_CARDS","is_prod":false,"is_daily":false,"chose_seed":false,"campfire_upgraded":4,"win_rate":0,"timestamp":1538548775,"path_taken":["M","$","?","M","M","E","M","R","T","$","M","R","M","M","R","BOSS","M","?","M","M","$","R","M","M","T","R","?","?","R","?","R","BOSS"],"build_version":"2018-09-27","purchased_purges":1,"victory":false,"max_hp_per_floor":[70,75,75,75,75,75,75,75,75,75,75,75,75,75,75,75,75,75,75,75,75,75,75,75,75,75,75,75,75,75,75,75,75],"card_choices":[{"not_picked":["Dagger Spray","Quick Slash"],"picked":"Flying Knee","floor":1},{"not_picked":["Bane","Deflect"],"picked":"Dagger Throw","floor":4},{"not_picked":["Underhanded Strike","Distraction"],"picked":"Finisher","floor":5},{"not_picked":["Dodge and Roll","Bane"],"picked":"PiercingWail","floor":6},{"not_picked":["Outmaneuver","Bane"],"picked":"Backflip","floor":7},{"not_picked":["Masterful Stab","Backstab"],"picked":"Accuracy","floor":11},{"not_picked":["Deflect","Caltrops"],"picked":"Adrenaline","floor":13},{"not_picked":["Dodge and Roll","Prepared"],"picked":"Backflip","floor":14},{"not_picked":["Glass Knife","Burst"],"picked":"A Thousand Cuts","floor":16},{"not_picked":["Dagger Spray","Crippling Poison+1"],"picked":"Backstab","floor":18},{"not_picked":["Quick Slash","Poisoned Stab","Deadly Poison"],"picked":"SKIP","floor":20},{"not_picked":["Flechettes","Wraith Form v2","Backflip"],"picked":"SKIP","floor":21},{"not_picked":["Flechettes","Backflip"],"picked":"Wraith Form v2","floor":21},{"not_picked":["Prepared","PiercingWail","Outmaneuver"],"picked":"SKIP","floor":24},{"not_picked":["Backflip","Dagger Spray"],"picked":"Cloak And Dagger","floor":25},{"not_picked":["Bouncing Flask","Deadly Poison+1"],"picked":"Sucker Punch","floor":29}],"player_experience":493746,"relics_obtained":[{"floor":6,"key":"Art of War"},{"floor":9,"key":"Lantern"},{"floor":26,"key":"Tough Bandages"},{"floor":31,"key":"Enchiridion"}],"event_choices":[{"event_name":"Bonfire Elementals","player_choice":"BASIC","floor":3,"damage_taken":0},{"event_name":"Nest","player_choice":"Stole From Cult","floor":19,"damage_taken":0},{"event_name":"Addict","player_choice":"Obtained Relic","floor":28,"damage_taken":0},{"event_name":"Cursed Tome","player_choice":"Obtained Book","floor":31,"damage_taken":0}],"is_beta":false,"boss_relics":[{"not_picked":["HoveringKite","Pandora\u0027s Box"],"picked":"WristBlade"}],"items_purged_floors":[22],"is_endless":false,"potions_floor_spawned":[1,6,16,18,20,24],"killed_by":"Collector","ascension_level":0}