{"path_per_floor":["M","M","M","?","$","E","M","R","T","?","M","R","?","E","R","B",null,"M"],"character_chosen":"DEFECT","items_purchased":["Ball Lightning"],"gold_per_floor":[118,128,147,147,96,124,144,144,170,150,170,170,170,195,195,297,297,309,309],"floor_reached":19,"campfire_rested":0,"playtime":717,"current_hp_per_floor":[74,74,74,74,74,56,49,49,49,49,36,36,61,60,60,35,75,24,24],"items_purged":[],"gold":309,"score":195,"play_id":"bf7684ef-7f82-449e-92bf-3c9b9f20d0a2","local_time":"20180507215737","is_prod":false,"is_daily":false,"chose_seed":false,"is_ascension_mode":true,"campfire_upgraded":3,"timestamp":1525748257,"path_taken":["M","?","M","?","$","E","M","R","T","?","M","R","?","E","R","BOSS","M","$"],"build_version":"2018-05-03","seed_source_timestamp":1882680521105298,"purchased_purges":0,"victory":false,"master_deck":["Strike_B","Strike_B","Strike_B","Strike_B","Defend_B","Defend_B","Defend_B","Defend_B","Zap+1","Dualcast+1","Creative AI+1","Melter","Ball Lightning","Ball Lightning","Stack","Auto Shields","Redo"],"max_hp_per_floor":[75,75,75,75,75,75,75,75,75,75,75,75,75,75,75,75,75,75,75],"relics":["Cracked Core","Blood Vial","Pen Nib","Lantern","Runic Pyramid"],"card_choices":[{"not_picked":["Force Field","Axe Kick"],"picked":"Melter","floor":1.0},{"not_picked":["Conserve Battery","Genetic Algorithm"],"picked":"Ball Lightning","floor":7.0},{"not_picked":["Chill","Undo"],"picked":"Stack","floor":11.0},{"not_picked":["Turbo","Cold Snap"],"picked":"Auto Shields","floor":14},{"not_picked":["Meteor Strike","Echo Form"],"picked":"Redo","floor":16}],"player_experience":52500,"potions_floor_usage":[14],"damage_taken":[{"damage":1.0,"enemies":"Cultist","floor":1.0,"turns":3.0},{"damage":0.0,"enemies":"2 Louse","floor":2.0,"turns":1.0},{"damage":0.0,"enemies":"Small Slimes","floor":3.0,"turns":2.0},{"damage":18.0,"enemies":"Gremlin Nob","floor":6.0,"turns":4.0},{"damage":9.0,"enemies":"2 Fungi Beasts","floor":7.0,"turns":2.0},{"damage":15.0,"enemies":"3 Louse","floor":11.0,"turns":2.0},{"damage":3,"enemies":"3 Sentries","floor":14,"turns":4},{"damage":27,"enemies":"Slime Boss","floor":16,"turns":9},{"damage":51,"enemies":"Shell Parasite","floor":18,"turns":8}],"event_choices":[{"event_name":"Golden Wing","player_choice":"Ignored","floor":4.0,"damage_taken":0.0},{"event_name":"The Woman in Blue","player_choice":"Bought 1 Potion","floor":10.0,"damage_taken":0.0},{"event_name":"Big Fish","player_choice":"Banana","floor":13,"damage_taken":0}],"boss_relics":[{"not_picked":["Eternal Feather","Philosopher\u0027s Stone"],"picked":"Runic Pyramid"}],"potions_floor_spawned":[1,2,6,7,18],"seed_played":"-6406921970651664578","ascension_level":2,"is_trial":false}