{"gold_per_floor":[110,129,129,142,142,142,168,193,193,193,193,15,31,31,31,127,127,139,153,170,170,170,196,121,121,166,180,197,216,66,100,100,201,201,219,239,239,251,265,293,311,311,311,311,338,356,369,469,469,469],"floor_reached":50,"playtime":6352,"items_purged":["Decay"],"score":644,"play_id":"e1561ae9-b90b-4d36-a0c4-b78249827cbb","local_time":"20190128202253","is_ascension_mode":false,"campfire_choices":[{"data":"Thunderclap","floor":6,"key":"SMITH"},{"floor":10,"key":"REST"},{"data":"Cleave","floor":15,"key":"SMITH"},{"floor":25,"key":"REST"},{"floor":32,"key":"REST"},{"floor":42,"key":"REST"},{"floor":44,"key":"REST"},{"floor":49,"key":"REST"}],"neow_cost":"NONE","seed_source_timestamp":11673579390550,"circlet_count":0,"master_deck":["Strike_R","Strike_R","Strike_R","Strike_R","Strike_R","Defend_R","Defend_R+1","Defend_R","Bash+1","Twin Strike","Headbutt","Thunderclap+1","Cleave+1","The Bomb+1","Shrug It Off+1","Iron Wave","Armaments+1","Anger+1","Hemokinesis","Battle Trance+1","Intimidate+1","Cleave+1","Cleave","Flex+1","Clothesline","Inflame+1","Fiend Fire+1","Pommel Strike+1","Cleave+1","Sword Boomerang+1","Metallicize+1","Shrug It Off+1","Flex+1","Metallicize+1","Warcry+1","Thunderclap+1","Thunderclap+1"],"relics":["Burning Blood","Anchor","Blood Vial","Strawberry","Toxic Egg 2","Pocketwatch","Runic Cube","MutagenicStrength","Mercury Hourglass","Centennial Puzzle","Molten Egg 2","Sozu","Mango","Gremlin Horn","Oddly Smooth Stone","StoneCalendar"],"potions_floor_usage":[16,23,23,50,50,50],"damage_taken":[{"damage":5,"enemies":"Small Slimes","floor":1,"turns":4},{"damage":0,"enemies":"2 Louse","floor":2,"turns":3},{"damage":1,"enemies":"Jaw Worm","floor":4,"turns":2},{"damage":19,"enemies":"3 Sentries","floor":7,"turns":5},{"damage":0,"enemies":"2 Fungi Beasts","floor":13,"turns":2},{"damage":78,"enemies":"Hexaghost","floor":16,"turns":9},{"damage":21,"enemies":"2 Thieves","floor":18,"turns":3},{"damage":9,"enemies":"3 Byrds","floor":19,"turns":4},{"damage":3,"enemies":"Cultist and Chosen","floor":20,"turns":4},{"damage":23,"enemies":"Book of Stabbing","floor":23,"turns":3},{"damage":10,"enemies":"Centurion and Healer","floor":27,"turns":4},{"damage":8,"enemies":"Shelled Parasite and Fungi","floor":28,"turns":2},{"damage":16,"enemies":"Chosen and Byrds","floor":29,"turns":5},{"damage":37,"enemies":"Slavers","floor":31,"turns":3},{"damage":71,"enemies":"Collector","floor":33,"turns":7},{"damage":18,"enemies":"3 Darklings","floor":35,"turns":4},{"damage":17,"enemies":"3 Shapes","floor":36,"turns":3},{"damage":1,"enemies":"Transient","floor":38,"turns":5},{"damage":10,"enemies":"Sphere and 2 Shapes","floor":39,"turns":3},{"damage":53,"enemies":"Giant Head","floor":40,"turns":7},{"damage":26,"enemies":"Spire Growth","floor":41,"turns":3},{"damage":47,"enemies":"Reptomancer","floor":45,"turns":3},{"damage":0,"enemies":"Transient","floor":46,"turns":5},{"damage":21,"enemies":"3 Darklings","floor":47,"turns":3},{"damage":17,"enemies":"Mind Bloom Boss Battle","floor":48,"turns":4},{"damage":107,"enemies":"Awakened One","floor":50,"turns":8}],"seed_played":"-6941244429426125702","potions_obtained":[{"floor":4,"key":"Regen Potion"},{"floor":7,"key":"LiquidBronze"},{"floor":13,"key":"Poison Potion"},{"floor":19,"key":"PowerPotion"},{"floor":23,"key":"Block Potion"},{"floor":29,"key":"Regen Potion"}],"is_trial":false,"path_per_floor":["?","?","T","?","?","M","?","?","?","M","?","M","?"],"character_chosen":"IRONCLAD","items_purchased":["The Bomb+1","Flex+1","Clothesline"],"campfire_rested":6,"item_purchase_floors":[12,30,30],"current_hp_per_floor":[80,80,80,80,64,64,51,58,58,84,84,84,87,87,87,20,87,72,71,76,76,76,61,61,87,87,83,83,75,75,46,72,9,87,75,66,97,97,93,62,44,77,77,110,70,78,65,56,89,0],"gold":469,"neow_bonus":"RANDOM_COMMON_RELIC","is_prod":false,"is_daily":false,"chose_seed":false,"campfire_upgraded":2,"win_rate":0.0,"timestamp":1548703373,"path_taken":["M","M","?","M","?","R","E","?","T","R","?","$","M","?","R","BOSS","M","?","M","?","?","E","?","R","T","?","M","M","$","E","R","BOSS","M","M","?","M","M","E","M","R","T","R","E","M","?","?","R","BOSS"],"build_version":"2019-01-23","purchased_purges":1,"victory":false,"max_hp_per_floor":[80,80,80,80,80,80,80,87,87,87,87,87,87,87,87,87,87,87,87,87,87,87,87,87,87,87,87,87,87,87,87,87,87,87,87,87,97,97,97,111,111,111,111,111,111,111,111,111,111,111],"card_choices":[{"not_picked":["Headbutt","Rage"],"picked":"Twin Strike","floor":1},{"not_picked":["Power Through","Twin Strike"],"picked":"Headbutt","floor":2},{"not_picked":["Warcry","Rampage"],"picked":"Thunderclap","floor":4},{"not_picked":["Ghostly Armor","Infernal Blade"],"picked":"Cleave","floor":7},{"not_picked":["Heavy Blade","Blood for Blood"],"picked":"Shrug It Off+1","floor":13},{"not_picked":["Reaper","Limit Break+1"],"picked":"Fiend Fire","floor":16},{"not_picked":["Rampage","Thunderclap"],"picked":"Armaments+1","floor":18},{"not_picked":["Flex+1","Twin Strike"],"picked":"Anger+1","floor":19},{"not_picked":["Twin Strike+1","Fire Breathing"],"picked":"Hemokinesis","floor":20},{"not_picked":["Armaments+1","Feel No Pain"],"picked":"Battle Trance+1","floor":23},{"not_picked":["Body Slam","Dropkick+1"],"picked":"Intimidate+1","floor":27},{"not_picked":["Iron Wave","Infernal Blade+1"],"picked":"Cleave+1","floor":28},{"not_picked":["Thunderclap","Juggernaut"],"picked":"Cleave","floor":29},{"not_picked":["True Grit+1","Warcry+1"],"picked":"Inflame+1","floor":31},{"not_picked":["Brutality","Limit Break+1"],"picked":"Fiend Fire+1","floor":33},{"not_picked":["Sword Boomerang+1","Shrug It Off+1"],"picked":"Pommel Strike+1","floor":35},{"not_picked":["Sword Boomerang+1","Warcry+1"],"picked":"Cleave+1","floor":36},{"not_picked":["Power Through+1","True Grit+1"],"picked":"Sword Boomerang+1","floor":38},{"not_picked":["Twin Strike+1","Power Through+1"],"picked":"Metallicize+1","floor":39},{"not_picked":["Second Wind+1","Sword Boomerang+1"],"picked":"Shrug It Off+1","floor":40},{"not_picked":["Battle Trance+1","Disarm+1"],"picked":"Flex+1","floor":41},{"not_picked":["True Grit+1","Battle Trance+1"],"picked":"Metallicize+1","floor":45},{"not_picked":["Corruption","Body Slam+1"],"picked":"Warcry+1","floor":46},{"not_picked":["Twin Strike+1","Carnage+1"],"picked":"Thunderclap+1","floor":47},{"not_picked":["Brutality","Entrench+1"],"picked":"Thunderclap+1","floor":48}],"player_experience":13632,"relics_obtained":[{"floor":7,"key":"Blood Vial"},{"floor":8,"key":"Strawberry"},{"floor":9,"key":"Toxic Egg 2"},{"floor":23,"key":"Mercury Hourglass"},{"floor":26,"key":"Centennial Puzzle"},{"floor":31,"key":"Molten Egg 2"},{"floor":40,"key":"Mango"},{"floor":43,"key":"Gremlin Horn"},{"floor":45,"key":"Oddly Smooth Stone"},{"floor":48,"key":"StoneCalendar"}],"event_choices":[{"damage_healed":0,"gold_gain":0,"player_choice":"Ignored","damage_taken":0,"max_hp_gain":0,"max_hp_loss":0,"event_name":"Liars Game","floor":3,"gold_loss":0},{"damage_healed":0,"gold_gain":0,"player_choice":"Entered Light","damage_taken":16,"max_hp_gain":0,"max_hp_loss":0,"event_name":"Shining Light","floor":5,"gold_loss":0,"cards_upgraded":["Bash","Defend_R"]},{"damage_healed":0,"gold_gain":0,"player_choice":"Box","damage_taken":0,"relics_obtained":["Pocketwatch"],"max_hp_gain":0,"max_hp_loss":0,"event_name":"Big Fish","floor":11,"gold_loss":0,"cards_obtained":["Regret"]},{"cards_removed":["Defend_R"],"damage_healed":0,"gold_gain":0,"player_choice":"Took Card","damage_taken":0,"max_hp_gain":0,"max_hp_loss":0,"event_name":"NoteForYourself","floor":14,"gold_loss":0,"cards_obtained":["Iron Wave"]},{"damage_healed":0,"gold_gain":0,"player_choice":"Inject Mutagens","damage_taken":0,"relics_obtained":["MutagenicStrength"],"max_hp_gain":0,"max_hp_loss":0,"event_name":"Drug Dealer","floor":21,"gold_loss":0},{"damage_healed":0,"gold_gain":0,"player_choice":"Smashed Altar","damage_taken":0,"max_hp_gain":0,"max_hp_loss":0,"event_name":"Forgotten Altar","floor":22,"gold_loss":0,"cards_obtained":["Decay"]},{"cards_removed":["Regret"],"damage_healed":0,"gold_gain":0,"player_choice":"Gave Gold","damage_taken":0,"max_hp_gain":0,"max_hp_loss":0,"event_name":"Beggar","floor":24,"gold_loss":75},{"cards_removed":["Fiend Fire"],"damage_healed":21,"gold_gain":0,"player_choice":"Offered Rare","damage_taken":0,"max_hp_gain":10,"max_hp_loss":0,"event_name":"Bonfire Elementals","floor":37,"gold_loss":0},{"damage_healed":0,"gold_gain":0,"player_choice":"Fight","damage_taken":0,"max_hp_gain":0,"max_hp_loss":0,"event_name":"MindBloom","floor":48,"gold_loss":0}],"is_beta":false,"boss_relics":[{"not_picked":["Cursed Key","Runic Dome"],"picked":"Runic Cube"},{"not_picked":["Snecko Eye","Black Star"],"picked":"Sozu"}],"items_purged_floors":[30],"is_endless":false,"potions_floor_spawned":[4,7,13,19,23,29,31,38,39,45,47],"killed_by":"Awakened One","ascension_level":0}