{"gold_per_floor":[110,127,144,155,171,197,147,173,173,173,191,208,208,233,233,354,354,367,367,387,410,37,37,50,50,50,70,70,21,35,56,56,56],"floor_reached":33,"playtime":1727,"items_purged":[],"score":289,"play_id":"bed20357-1835-4be2-bdde-92ed40e39dae","local_time":"20180717170705","is_ascension_mode":true,"campfire_choices":[{"data":"Inflame","floor":10,"key":"SMITH"},{"floor":15,"key":"REST"},{"data":"Seeing Red","floor":23,"key":"SMITH"},{"floor":25,"key":"REST"},{"data":"Armaments","floor":28,"key":"SMITH"},{"floor":32,"key":"REST"}],"neow_cost":"NONE","seed_source_timestamp":231797759891968,"circlet_count":0,"master_deck":["Bash","Shrug It Off","Thunderclap","Inflame+1","Dual Wield","Havoc","Shrug It Off","Feed","Seeing Red+1","Feed","Clash","Clash","Second Wind","Thunderclap","Rupture","Carnage","Twin Strike","Spot Weakness+1","Armaments+1","Shrug It Off","Ghostly Armor","Body Slam","Juggernaut","Sword Boomerang+1"],"relics":["Burning Blood","Boot","Oddly Smooth Stone","Darkstone Periapt","Golden Idol","Odd Mushroom","Pandora\u0027s Box","Turnip","Bottled Flame"],"potions_floor_usage":[5,5,12,16,18,31,31,31],"damage_taken":[{"damage":0,"enemies":"Cultist","floor":1,"turns":4},{"damage":6,"enemies":"Small Slimes","floor":2,"turns":5},{"damage":5,"enemies":"Jaw Worm","floor":3,"turns":4},{"damage":20,"enemies":"Red Slaver","floor":4,"turns":6},{"damage":3,"enemies":"3 Louse","floor":5,"turns":1},{"damage":31,"enemies":"3 Sentries","floor":6,"turns":10},{"damage":30,"enemies":"Lagavulin","floor":8,"turns":8},{"damage":14,"enemies":"Large Slime","floor":11,"turns":5},{"damage":0,"enemies":"Exordium Thugs","floor":12,"turns":5},{"damage":6,"floor":14,"turns":4},{"damage":37,"enemies":"Slime Boss","floor":16,"turns":9},{"damage":17,"enemies":"Shell Parasite","floor":18,"turns":3},{"damage":12,"enemies":"Chosen","floor":20,"turns":2},{"damage":41,"enemies":"Snecko","floor":21,"turns":5},{"damage":26,"enemies":"Centurion and Healer","floor":24,"turns":10},{"damage":22,"enemies":"Snake Plant","floor":27,"turns":4},{"damage":8,"enemies":"Slaver and Parasite","floor":30,"turns":4},{"damage":20,"enemies":"Snecko","floor":31,"turns":6},{"damage":47,"enemies":"Automaton","floor":33,"turns":6}],"seed_played":"-7898719216070123091","potions_obtained":[{"floor":3,"key":"LiquidBronze"},{"floor":4,"key":"Explosive Potion"},{"floor":11,"key":"Dexterity Potion"},{"floor":14,"key":"PowerPotion"},{"floor":16,"key":"Explosive Potion"},{"floor":21,"key":"Weak Potion"},{"floor":27,"key":"AttackPotion"},{"floor":30,"key":"EssenceOfSteel"}],"is_trial":false,"path_per_floor":["M","M","M","M","M","E","?","E","T","R","M","M","?","?","R","B",null,"M","?","M","M","$","R","M","R","T","M","R","$","M","M","R"],"character_chosen":"IRONCLAD","items_purchased":["Turnip","Shrug It Off","Ghostly Armor","Body Slam"],"campfire_rested":3,"item_purchase_floors":[22,22,22,29],"current_hp_per_floor":[80,80,80,66,69,44,44,20,20,20,12,18,18,21,44,16,80,69,69,63,31,31,31,15,41,41,25,25,25,26,15,42,0],"gold":56,"neow_bonus":"TRANSFORM_CARD","is_prod":false,"is_daily":false,"chose_seed":false,"campfire_upgraded":3,"win_rate":0,"timestamp":1531868825,"path_taken":["M","M","?","M","M","E","?","E","T","R","M","?","?","?","R","BOSS","M","?","M","M","$","R","M","R","T","?","R","$","M","M","R","BOSS"],"build_version":"2018-07-12","purchased_purges":0,"victory":false,"max_hp_per_floor":[80,80,80,80,80,80,80,80,80,80,80,80,74,77,77,80,80,80,80,80,83,83,83,87,87,87,87,87,87,90,93,93,93],"card_choices":[{"not_picked":["Pommel Strike","Corruption"],"picked":"Thunderclap","floor":1},{"not_picked":["Heavy Blade","Perfected Strike"],"picked":"Inflame","floor":2},{"not_picked":["Thunderclap","Havoc"],"picked":"Dual Wield","floor":3},{"not_picked":["Combust","Perfected Strike","Rampage"],"picked":"SKIP","floor":4},{"not_picked":["Hemokinesis","Uppercut"],"picked":"Havoc","floor":5},{"not_picked":["Thunderclap","Clash"],"picked":"Shrug It Off","floor":6},{"not_picked":["Clothesline","Headbutt","Anger"],"picked":"SKIP","floor":8},{"not_picked":["Perfected Strike","Warcry","Flame Barrier"],"picked":"SKIP","floor":11},{"not_picked":["Perfected Strike","Corruption"],"picked":"Feed","floor":12},{"not_picked":["Sword Boomerang","Corruption"],"picked":"Seeing Red","floor":14},{"not_picked":["Bludgeon","Dark Embrace"],"picked":"Feed","floor":16},{"not_picked":["Searing Blow","Iron Wave"],"picked":"Spot Weakness+1","floor":18},{"not_picked":["Thunderclap","Flame Barrier","Heavy Blade"],"picked":"SKIP","floor":20},{"not_picked":["Corruption","Flame Barrier"],"picked":"Armaments","floor":21},{"not_picked":["Headbutt","Wild Strike","Dropkick"],"picked":"SKIP","floor":24},{"not_picked":["Anger","Spot Weakness","Cleave"],"picked":"SKIP","floor":27},{"not_picked":["True Grit","Thunderclap"],"picked":"Juggernaut","floor":30},{"not_picked":["Spot Weakness","Wild Strike"],"picked":"Sword Boomerang+1","floor":31}],"player_experience":225145,"relics_obtained":[{"floor":6,"key":"Boot"},{"floor":8,"key":"Oddly Smooth Stone"},{"floor":9,"key":"Darkstone Periapt"},{"floor":14,"key":"Odd Mushroom"},{"floor":26,"key":"Bottled Flame"}],"event_choices":[{"event_name":"The Cleric","player_choice":"Card Removal","floor":7,"damage_taken":0},{"event_name":"Golden Idol","player_choice":"Lose Max HP","floor":13,"damage_taken":0},{"event_name":"Mushrooms","player_choice":"Fought Mushrooms","floor":14,"damage_taken":0},{"event_name":"Ghosts","player_choice":"Ignored","floor":19,"damage_taken":0}],"boss_relics":[{"not_picked":["Calling Bell","Runic Cube"],"picked":"Pandora\u0027s Box"}],"items_purged_floors":[],"is_endless":false,"potions_floor_spawned":[3,4,11,14,16,21,27,30],"killed_by":"Automaton","ascension_level":2}