{"gold_per_floor":[367,379,80,80,90,117,117,117,166,66,66,77,89,102,102,198,228,246,121,146,246,196,196,214,234,234,246,96,109,109],"floor_reached":30,"playtime":1632,"items_purged":["Strike_R","Strike_R","Strike_R","Strike_R"],"score":257,"play_id":"e7eb6aef-a8cc-4502-9db7-dca1ba5a397a","local_time":"20180710161800","is_ascension_mode":false,"campfire_choices":[{"data":"Shrug It Off","floor":7,"key":"SMITH"},{"data":"Dropkick","floor":15,"key":"SMITH"},{"data":"Limit Break","floor":23,"key":"SMITH"}],"neow_cost":"FIFTY_PERCENT_DAMAGE","seed_source_timestamp":769141483292528,"circlet_count":0,"master_deck":["Defend_R","Defend_R","Defend_R","Defend_R","Bash","Shrug It Off+1","Dropkick+1","Reaper+1","Flex","Limit Break+1","Thunderclap","Inflame"],"relics":["Burning Blood","Vajra","Oddly Smooth Stone","Centennial Puzzle","Tiny House","Red Mask","Pear"],"potions_floor_usage":[16,16,20,25],"damage_taken":[{"damage":1,"enemies":"Cultist","floor":1,"turns":4},{"damage":6,"enemies":"Jaw Worm","floor":2,"turns":7},{"damage":0,"enemies":"2 Louse","floor":5,"turns":4},{"damage":21,"enemies":"Gremlin Nob","floor":6,"turns":5},{"damage":17,"enemies":"Exordium Thugs","floor":12,"turns":6},{"damage":3,"enemies":"Large Slime","floor":13,"turns":6},{"damage":0,"enemies":"Blue Slaver","floor":14,"turns":5},{"damage":52,"enemies":"The Guardian","floor":16,"turns":20},{"damage":41,"enemies":"Spheric Guardian","floor":18,"turns":8},{"damage":59,"floor":20,"turns":6},{"damage":6,"enemies":"Chosen","floor":24,"turns":4},{"damage":28,"enemies":"Snake Plant","floor":25,"turns":6},{"damage":35,"enemies":"Slaver and Parasite","floor":27,"turns":6},{"damage":15,"enemies":"Centurion and Healer","floor":29,"turns":8},{"damage":46,"enemies":"Sentry and Sphere","floor":30,"turns":5}],"seed_played":"-5155325299995973893","potions_obtained":[{"floor":1,"key":"BloodPotion"},{"floor":11,"key":"SteroidPotion"},{"floor":11,"key":"Explosive Potion"},{"floor":17,"key":"Fruit Juice"},{"floor":24,"key":"Regen Potion"},{"floor":27,"key":"PowerPotion"},{"floor":29,"key":"Ancient Potion"}],"is_trial":false,"path_per_floor":["M","M","$","?","M","E","R","?","T","$","?","M","M","M","R","B",null,"M","$","?","?","?","R","M","M","T","M","$","M"],"character_chosen":"IRONCLAD","items_purchased":["Vajra","Dropkick"],"campfire_rested":0,"item_purchase_floors":[3,3],"current_hp_per_floor":[45,45,45,45,51,36,36,36,36,36,36,25,33,44,44,11,85,52,52,22,22,22,22,32,21,31,28,28,43,0],"gold":109,"neow_bonus":"TWO_FIFTY_GOLD","is_prod":false,"is_daily":false,"chose_seed":false,"campfire_upgraded":3,"win_rate":0,"timestamp":1531261080,"path_taken":["M","M","$","?","M","E","R","?","T","?","?","M","M","M","R","BOSS","M","$","?","?","?","R","?","M","T","M","$","M","?"],"build_version":"2018-07-05","purchased_purges":4,"victory":false,"max_hp_per_floor":[80,80,80,80,80,80,80,80,80,80,80,80,80,80,80,80,85,85,85,90,90,90,90,90,90,100,100,100,100,100],"card_choices":[{"not_picked":["Entrench","Body Slam","True Grit"],"picked":"SKIP","floor":1},{"not_picked":["Reckless Charge","Warcry"],"picked":"Shrug It Off","floor":2},{"not_picked":["Armaments","Uppercut","Iron Wave"],"picked":"SKIP","floor":5},{"not_picked":["Exhume","Havoc","Clothesline"],"picked":"SKIP","floor":6},{"not_picked":["Blood for Blood","Shockwave","Anger"],"picked":"SKIP","floor":12},{"not_picked":["Twin Strike","Havoc","Body Slam"],"picked":"SKIP","floor":13},{"not_picked":["Infernal Blade","Seeing Red"],"picked":"Flex","floor":14},{"not_picked":["Fiend Fire","Demon Form"],"picked":"Limit Break","floor":16},{"not_picked":["Wild Strike","Blood for Blood"],"picked":"Thunderclap","floor":17},{"not_picked":["Clothesline+1","Whirlwind"],"picked":"Inflame","floor":18},{"not_picked":["Spot Weakness","Cleave","Rage"],"picked":"SKIP","floor":24},{"not_picked":["Sword Boomerang+1","Thunderclap","Seeing Red"],"picked":"SKIP","floor":25},{"not_picked":["Sword Boomerang+1","Inflame+1","Second Wind"],"picked":"SKIP","floor":27},{"not_picked":["Sentinel","Pommel Strike+1","Twin Strike"],"picked":"SKIP","floor":29}],"player_experience":184882,"relics_obtained":[{"floor":6,"key":"Oddly Smooth Stone"},{"floor":9,"key":"Centennial Puzzle"},{"floor":20,"key":"Red Mask"},{"floor":26,"key":"Pear"}],"event_choices":[{"event_name":"Liars Game","player_choice":"disagreed","floor":4,"damage_taken":0},{"event_name":"Transmorgrifier","player_choice":"Transform","floor":8,"damage_taken":0},{"event_name":"The Lab","player_choice":"Got Potions","floor":11,"damage_taken":0},{"event_name":"Masked Bandits","player_choice":"Fought over 121 gold","floor":20,"damage_taken":0},{"event_name":"Golden Shrine","player_choice":"Pray","floor":21,"damage_taken":0},{"event_name":"The Joust","player_choice":"Bet on Owner","floor":22,"damage_taken":0}],"boss_relics":[{"not_picked":["Philosopher\u0027s Stone","Ectoplasm"],"picked":"Tiny House"}],"items_purged_floors":[3,10,19,28],"is_endless":false,"potions_floor_spawned":[1,12,14,24,27,29],"killed_by":"Sentry and Sphere","ascension_level":0}