{"gold_per_floor":[111,111,127,127,127,127,152,171,195,219,231,257,295,307,319,430,442,473,485],"floor_reached":19,"playtime":431,"items_purged":[],"score":202,"play_id":"4beea3a6-4b41-4939-94b9-21ce66009c23","local_time":"20190317024521","is_ascension_mode":false,"campfire_choices":[{"data":"Bash","floor":6.0,"key":"SMITH"},{"floor":11.0,"key":"REST"},{"floor":15.0,"key":"REST"}],"neow_cost":"NONE","seed_source_timestamp":3759876191080,"circlet_count":0,"master_deck":["Strike_R","Strike_R","Strike_R","Strike_R","Defend_R","Defend_R","Defend_R","Defend_R","Bash+1","Battle Trance","Defend_R","Dark Embrace+1"],"special_seed":0,"relics":["Burning Blood","NeowsBlessing","Boot","PreservedInsect","MawBank","Frozen Egg 2","Black Star"],"potions_floor_usage":[],"damage_taken":[{"damage":0.0,"enemies":"Small Slimes","floor":1.0,"turns":1.0},{"damage":0.0,"enemies":"Cultist","floor":3.0,"turns":1.0},{"damage":0.0,"enemies":"3 Sentries","floor":7.0,"turns":2.0},{"damage":20.0,"enemies":"Jaw Worm","floor":8.0,"turns":3.0},{"damage":29.0,"enemies":"Exordium Thugs","floor":10.0,"turns":5.0},{"damage":18.0,"enemies":"3 Louse","floor":12.0,"turns":4.0},{"damage":18.0,"enemies":"Gremlin Nob","floor":13.0,"turns":3.0},{"damage":71.0,"enemies":"Hexaghost","floor":16.0,"turns":6.0},{"damage":34,"enemies":"Chosen","floor":18,"turns":6},{"damage":0,"enemies":"Colosseum Slavers","floor":19,"turns":1}],"seed_played":"7752126673310549895","potions_obtained":[{"floor":1.0,"key":"PowerPotion"},{"floor":7.0,"key":"FearPotion"},{"floor":8.0,"key":"PowerPotion"},{"floor":13.0,"key":"Regen Potion"},{"floor":16.0,"key":"EssenceOfSteel"}],"is_trial":false,"path_per_floor":["M","?","M","?","?","R","E","M","T","M","R","M","E","?","R","B",null,"M","?"],"character_chosen":"IRONCLAD","items_purchased":[],"campfire_rested":2,"item_purchase_floors":[],"current_hp_per_floor":[80,73,79,79,79,79,80,66,66,43,67,55,43,43,67,17,80,52,52],"gold":485,"neow_bonus":"THREE_ENEMY_KILL","is_prod":false,"is_daily":false,"chose_seed":false,"campfire_upgraded":1,"win_rate":0,"timestamp":1552758321,"path_taken":["M","?","M","?","?","R","E","?","T","M","R","M","E","?","R","BOSS","M","?"],"build_version":"2019-01-23","purchased_purges":0,"victory":false,"max_hp_per_floor":[80,80,80,80,80,80,80,80,80,80,80,80,80,80,80,80,80,80,80],"card_choices":[{"not_picked":["Body Slam","Wild Strike","Combust"],"picked":"SKIP","floor":1.0},{"not_picked":["Entrench","Dual Wield","Armaments"],"picked":"SKIP","floor":3.0},{"not_picked":["Pommel Strike","Perfected Strike","Dual Wield"],"picked":"SKIP","floor":7.0},{"not_picked":["Sword Boomerang","True Grit","Intimidate"],"picked":"SKIP","floor":8.0},{"not_picked":["Shrug It Off","Flex","Clothesline"],"picked":"SKIP","floor":10.0},{"not_picked":["Warcry","Pummel","Perfected Strike"],"picked":"SKIP","floor":12.0},{"not_picked":["Clash","Havoc"],"picked":"Battle Trance","floor":13.0},{"not_picked":["Juggernaut+1","Berserk+1"],"picked":"Dark Embrace+1","floor":16.0},{"not_picked":["Pommel Strike","Uppercut","Wild Strike"],"picked":"SKIP","floor":18}],"player_experience":402351,"relics_obtained":[{"floor":7.0,"key":"PreservedInsect"},{"floor":9.0,"key":"MawBank"},{"floor":13.0,"key":"Frozen Egg 2"}],"event_choices":[{"cards_removed":["Strike_R"],"damage_healed":0.0,"max_hp_gain":0.0,"max_hp_loss":0.0,"gold_gain":0.0,"event_name":"Golden Wing","player_choice":"Card Removal","floor":2.0,"gold_loss":0.0,"damage_taken":7.0},{"damage_healed":0.0,"max_hp_gain":0.0,"max_hp_loss":0.0,"gold_gain":0.0,"event_name":"Big Fish","player_choice":"Box","floor":4.0,"gold_loss":0.0,"damage_taken":0.0,"relics_obtained":["Boot"],"cards_obtained":["Regret"]},{"damage_healed":0.0,"max_hp_gain":0.0,"max_hp_loss":0.0,"gold_gain":0.0,"event_name":"The Woman in Blue","player_choice":"Bought 0 Potions","floor":5.0,"gold_loss":0.0,"damage_taken":0.0},{"cards_removed":["Regret"],"damage_healed":0.0,"max_hp_gain":0.0,"max_hp_loss":0.0,"gold_gain":0.0,"event_name":"NoteForYourself","player_choice":"Took Card","floor":14.0,"gold_loss":0.0,"damage_taken":0.0,"cards_obtained":["Defend_R"]},{"damage_healed":0,"gold_gain":0,"player_choice":"Fight","damage_taken":0,"max_hp_gain":0,"max_hp_loss":0,"event_name":"Colosseum","floor":19,"gold_loss":0}],"is_beta":false,"boss_relics":[{"not_picked":["Mark of Pain","Empty Cage"],"picked":"Black Star"}],"items_purged_floors":[],"is_endless":false,"potions_floor_spawned":[1,7,8,13,16],"killed_by":"Colosseum Slavers","ascension_level":0}