{"gold_per_floor":[212,292,71,84,102,133,133,145,194,208,208,383,398,167,167,265,265,285,273,287,287,299,299,183,194,194,194],"floor_reached":27,"playtime":1396,"items_purged":["Doubt"],"score":267,"play_id":"80a1af47-b7e8-4878-807d-92a133aeb909","local_time":"20190307203115","is_ascension_mode":false,"campfire_choices":[{"floor":11,"key":"REST"},{"floor":15,"key":"REST"},{"floor":23,"key":"REST"}],"neow_cost":"NONE","seed_source_timestamp":929817186123807,"circlet_count":0,"master_deck":["Strike_B","Strike_B","Strike_B+1","Strike_B","Defend_B","Defend_B+1","Defend_B","Defend_B","Zap","Dualcast+1","Doom and Gloom","Apotheosis","Turbo","Sunder+1","Defragment","Loop","Steam Power","Conserve Battery","Buffer","Defragment","Gash","All For One","Turbo","Auto Shields","Capacitor","Stack","Storm","Ball Lightning+1"],"relics":["Cracked Core","Shuriken","Orichalcum","Whetstone","Nuclear Battery","Unceasing Top"],"potions_floor_usage":[18],"damage_taken":[{"damage":3,"enemies":"Small Slimes","floor":1,"turns":3},{"damage":0,"enemies":"2 Louse","floor":4,"turns":3},{"damage":11,"enemies":"Jaw Worm","floor":5,"turns":3},{"damage":14,"enemies":"Gremlin Nob","floor":6,"turns":4},{"damage":6,"enemies":"Exordium Wildlife","floor":8,"turns":5},{"damage":7,"enemies":"Exordium Thugs","floor":10,"turns":4},{"damage":1,"enemies":"Blue Slaver","floor":13,"turns":3},{"damage":0,"enemies":"Slime Boss","floor":16,"turns":5},{"damage":10,"enemies":"Spheric Guardian","floor":18,"turns":4},{"damage":4,"enemies":"2 Thieves","floor":19,"turns":4},{"damage":16,"enemies":"Centurion and Healer","floor":20,"turns":6},{"damage":19,"enemies":"Snecko","floor":22,"turns":5},{"damage":39,"enemies":"Snake Plant","floor":25,"turns":5},{"damage":11,"enemies":"Slavers","floor":27,"turns":1}],"seed_played":"902843898889104755","potions_obtained":[{"floor":1,"key":"EssenceOfSteel"},{"floor":6,"key":"SkillPotion"},{"floor":22,"key":"SpeedPotion"},{"floor":25,"key":"Regen Potion"}],"is_trial":false,"path_per_floor":["M","?","$","M","M","E","?","M","T","M","R","?","M","$","R","B",null,"M","M","M","?","M","R","$","M","T","E"],"character_chosen":"DEFECT","items_purchased":["Apotheosis","Turbo","Defragment","Gash","Whetstone","Storm"],"campfire_rested":3,"item_purchase_floors":[3,3,14,14,14,24],"current_hp_per_floor":[72,72,72,72,61,47,32,26,26,19,41,41,40,40,62,62,75,65,61,45,45,26,48,48,9,9,0],"gold":194,"neow_bonus":"HUNDRED_GOLD","is_prod":false,"is_daily":false,"chose_seed":false,"campfire_upgraded":0,"win_rate":0,"timestamp":1552001475,"path_taken":["M","?","$","M","M","E","?","M","T","M","R","?","M","?","R","BOSS","M","M","M","?","M","R","$","M","T","E"],"build_version":"2019-01-23","purchased_purges":1,"victory":false,"max_hp_per_floor":[75,75,75,75,75,75,75,75,75,75,75,75,75,75,75,75,75,75,75,75,75,75,75,75,75,75,75],"card_choices":[{"not_picked":["Sunder","Undo"],"picked":"Doom and Gloom","floor":1},{"not_picked":["Barrage","Cold Snap"],"picked":"Sunder","floor":4},{"not_picked":["Rebound","Streamline"],"picked":"Defragment","floor":5},{"not_picked":["Barrage","Rebound"],"picked":"Loop","floor":6},{"not_picked":["Hologram","Redo"],"picked":"Steam Power","floor":8},{"not_picked":["Steam Power","Beam Cell"],"picked":"Conserve Battery","floor":10},{"not_picked":["Rebound","Leap"],"picked":"Buffer","floor":13},{"not_picked":["Rainbow","Machine Learning"],"picked":"All For One","floor":16},{"not_picked":["Leap","Darkness"],"picked":"Turbo","floor":18},{"not_picked":["Static Discharge","Turbo"],"picked":"Auto Shields","floor":19},{"not_picked":["Rebound","Double Energy"],"picked":"Capacitor","floor":20},{"not_picked":["Compile Driver","Rainbow"],"picked":"Stack","floor":22},{"not_picked":["Coolheaded+1","Cold Snap+1"],"picked":"Ball Lightning+1","floor":25}],"player_experience":24905,"relics_obtained":[{"floor":6,"key":"Shuriken"},{"floor":9,"key":"Orichalcum"},{"floor":26,"key":"Unceasing Top"}],"event_choices":[{"damage_healed":0,"gold_gain":80,"player_choice":"Gained Gold","damage_taken":0,"max_hp_gain":0,"max_hp_loss":0,"event_name":"Golden Wing","floor":2,"gold_loss":0},{"damage_healed":0,"gold_gain":0,"player_choice":"Entered Light","damage_taken":15,"max_hp_gain":0,"max_hp_loss":0,"event_name":"Shining Light","floor":7,"gold_loss":0,"cards_upgraded":["Dualcast","Defend_B"]},{"damage_healed":0,"gold_gain":175,"player_choice":"AGREE","damage_taken":0,"max_hp_gain":0,"max_hp_loss":0,"event_name":"Liars Game","floor":12,"gold_loss":0,"cards_obtained":["Doubt"]},{"damage_healed":0,"gold_gain":0,"player_choice":"Ignored","damage_taken":0,"max_hp_gain":0,"max_hp_loss":0,"event_name":"Ghosts","floor":21,"gold_loss":0}],"is_beta":false,"boss_relics":[{"not_picked":["White Beast Statue","Cursed Key"],"picked":"Nuclear Battery"}],"items_purged_floors":[24],"is_endless":false,"potions_floor_spawned":[1,6,22,25],"killed_by":"Slavers","ascension_level":0}