{"gold_per_floor":[113,132,145,161,181,181,214,214,214,227,555,575,575,588,588,588],"floor_reached":16,"playtime":470,"items_purged":[],"score":116,"play_id":"67222fca-fb8f-43da-a889-175a1ac684c6","local_time":"20180903220937","is_ascension_mode":false,"campfire_choices":[{"data":"Whirlwind","floor":6,"key":"SMITH"},{"data":"Flex","floor":8,"key":"SMITH"},{"data":"Seeing Red","floor":15,"key":"SMITH"}],"neow_cost":"","seed_source_timestamp":1336631274663299,"circlet_count":0,"master_deck":["Strike_R","Strike_R","Strike_R","Strike_R","Strike_R","Defend_R","Defend_R","Defend_R","Defend_R","Bash","Thunderclap","Flex+1","Whirlwind+1","Immolate","Seeing Red+1","Dropkick","Evolve"],"relics":["Burning Blood","The Courier","Unceasing Top","Old Coin"],"potions_floor_usage":[7,16,16],"damage_taken":[{"damage":5,"enemies":"Cultist","floor":1,"turns":4},{"damage":5,"enemies":"Jaw Worm","floor":2,"turns":4},{"damage":0,"enemies":"2 Louse","floor":3,"turns":2},{"damage":24,"enemies":"Red Slaver","floor":4,"turns":5},{"damage":0,"enemies":"Gremlin Gang","floor":5,"turns":1},{"damage":14,"enemies":"Gremlin Nob","floor":7,"turns":3},{"damage":11,"enemies":"3 Louse","floor":10,"turns":3},{"damage":18,"enemies":"3 Sentries","floor":11,"turns":4},{"damage":7,"enemies":"Blue Slaver","floor":12,"turns":2},{"damage":0,"enemies":"Exordium Wildlife","floor":14,"turns":1},{"damage":71,"enemies":"The Guardian","floor":16,"turns":14}],"seed_played":"-977855021492901654","potions_obtained":[{"floor":2,"key":"BloodPotion"},{"floor":3,"key":"FearPotion"},{"floor":5,"key":"LiquidBronze"},{"floor":7,"key":"Ancient Potion"},{"floor":10,"key":"Regen Potion"}],"is_trial":false,"path_per_floor":["M","M","M","M","M","R","E","R","T","M","E","M","?","M","R"],"character_chosen":"IRONCLAD","items_purchased":[],"campfire_rested":0,"item_purchase_floors":[],"current_hp_per_floor":[80,80,80,62,68,68,60,60,60,55,43,42,42,48,48,0],"gold":588,"neow_bonus":"","is_prod":false,"is_daily":false,"chose_seed":false,"campfire_upgraded":3,"win_rate":0,"timestamp":1536034177,"path_taken":["M","M","M","M","M","R","E","R","T","M","E","?","?","M","R","BOSS"],"build_version":"2018-08-30","purchased_purges":0,"victory":false,"max_hp_per_floor":[80,80,80,80,80,80,80,80,80,80,80,80,80,80,80,80],"card_choices":[{"not_picked":["Clash","Wild Strike"],"picked":"Thunderclap","floor":1},{"not_picked":["Searing Blow","Twin Strike"],"picked":"Flex","floor":2},{"not_picked":["Clash","Flex"],"picked":"Whirlwind","floor":3},{"not_picked":["Iron Wave","Heavy Blade"],"picked":"Immolate","floor":4},{"not_picked":["Intimidate","Sword Boomerang"],"picked":"Seeing Red","floor":5},{"not_picked":["Ghostly Armor","Feel No Pain","Wild Strike"],"picked":"SKIP","floor":7},{"not_picked":["Body Slam","Second Wind"],"picked":"Dropkick","floor":10},{"not_picked":["Clash","Fiend Fire","Cleave"],"picked":"SKIP","floor":11},{"not_picked":["Bloodletting","Wild Strike"],"picked":"Evolve","floor":12},{"not_picked":["Thunderclap","Searing Blow","Twin Strike"],"picked":"SKIP","floor":14}],"player_experience":454852,"relics_obtained":[{"floor":7,"key":"The Courier"},{"floor":9,"key":"Unceasing Top"},{"floor":11,"key":"Old Coin"}],"event_choices":[{"event_name":"Liars Game","player_choice":"disagreed","floor":13,"damage_taken":0}],"is_beta":false,"boss_relics":[],"items_purged_floors":[],"is_endless":false,"potions_floor_spawned":[2,3,5,7,10,12],"killed_by":"The Guardian","ascension_level":0}