{"gold_per_floor":[13,13,13,27,27,27,40,63,142,158,83,116,40,56,56,56],"floor_reached":16,"playtime":1019,"items_purged":["Defend_G"],"score":102,"play_id":"7f55fb74-6f44-438a-9228-518828b3a6fd","local_time":"20190206121531","is_ascension_mode":false,"campfire_choices":[{"data":"Well Laid Plans","floor":6,"key":"SMITH"},{"floor":15,"key":"REST"}],"neow_cost":"NO_GOLD","seed_source_timestamp":179723868507497,"circlet_count":0,"master_deck":["Defend_G","Defend_G","Defend_G","Strike_G","Strike_G","Strike_G","Strike_G","Survivor","Neutralize+1","Well Laid Plans+1","Escape Plan"],"relics":["Ring of the Snake","Golden Idol","Mercury Hourglass","Pen Nib"],"potions_floor_usage":[16],"damage_taken":[{"damage":2,"enemies":"Small Slimes","floor":1,"turns":4},{"damage":0,"enemies":"2 Louse","floor":4,"turns":4},{"damage":0,"enemies":"Cultist","floor":7,"turns":4},{"damage":0,"enemies":"2 Fungi Beasts","floor":8,"turns":5},{"damage":0,"enemies":"Exordium Wildlife","floor":10,"turns":4},{"damage":22,"enemies":"Gremlin Nob","floor":12,"turns":6},{"damage":0,"enemies":"Lots of Slimes","floor":14,"turns":3},{"damage":0,"enemies":"Hexaghost","floor":16,"turns":2}],"seed_played":"5496461657265881674","potions_obtained":[{"floor":1,"key":"SmokeBomb"},{"floor":8,"key":"SteroidPotion"},{"floor":12,"key":"AttackPotion"}],"is_trial":false,"path_per_floor":["?","?","M","?","$"],"character_chosen":"THE_SILENT","items_purchased":["Escape Plan"],"campfire_rested":1,"item_purchase_floors":[13],"current_hp_per_floor":[68,73,73,73,69,69,69,69,69,69,69,47,47,47,67,67],"gold":56,"neow_bonus":"REMOVE_TWO","is_prod":false,"is_daily":false,"chose_seed":false,"campfire_upgraded":1,"win_rate":0.0,"timestamp":1549451731,"path_taken":["M","?","?","?","?","R","M","M","T","M","?","E","$","M","R","BOSS"],"build_version":"2019-01-23","purchased_purges":1,"victory":false,"max_hp_per_floor":[70,75,75,75,69,69,69,69,69,69,69,69,69,69,69,69],"card_choices":[{"not_picked":["Bane","Dagger Throw","Poisoned Stab"],"picked":"SKIP","floor":1},{"not_picked":["Crippling Poison","Poisoned Stab"],"picked":"Well Laid Plans","floor":4},{"not_picked":["Bouncing Flask","Dagger Spray","Poisoned Stab"],"picked":"SKIP","floor":7},{"not_picked":["Deflect","Predator","Masterful Stab"],"picked":"SKIP","floor":8},{"not_picked":["Bane","Slice","Blade Dance"],"picked":"SKIP","floor":10},{"not_picked":["Unload","Crippling Poison","Bane"],"picked":"SKIP","floor":12},{"not_picked":["Prepared","Flying Knee","Heel Hook"],"picked":"SKIP","floor":14}],"player_experience":103807,"relics_obtained":[{"floor":9,"key":"Mercury Hourglass"},{"floor":12,"key":"Pen Nib"}],"event_choices":[{"damage_healed":0,"gold_gain":0,"player_choice":"Donut","damage_taken":0,"max_hp_gain":5,"max_hp_loss":0,"event_name":"Big Fish","floor":2,"gold_loss":0},{"damage_healed":0,"gold_gain":0,"player_choice":"Forge","damage_taken":0,"max_hp_gain":0,"max_hp_loss":0,"event_name":"Accursed Blacksmith","floor":3,"gold_loss":0,"cards_upgraded":["Neutralize"]},{"damage_healed":0,"gold_gain":0,"player_choice":"Lose Max HP","damage_taken":0,"relics_obtained":["Golden Idol"],"max_hp_gain":0,"max_hp_loss":6,"event_name":"Golden Idol","floor":5,"gold_loss":0}],"is_beta":false,"boss_relics":[],"items_purged_floors":[11],"is_endless":false,"potions_floor_spawned":[1,8,12],"killed_by":"Hexaghost","ascension_level":0}