{"path_per_floor":["M","?","M","$","M","R","?","E","T","R","M","M","?","M","R","B",null,"M","?","M","M","$","R","T","R","T"],"character_chosen":"DEFECT","items_purchased":["Capacitor","Magnetism","Capacitor"],"gold_per_floor":[364,314,324,279,294,294,264,290,290,290,306,317,317,329,329,434,434,445,360,346,356,122,122,148,148,148,148],"floor_reached":27,"campfire_rested":2,"playtime":1383,"current_hp_per_floor":[72,72,69,69,63,63,63,28,35,59,53,55,60,57,57,56,87,69,69,44,13,13,39,39,39,39,0],"items_purged":[],"gold":148,"score":234,"play_id":"2a774a93-6a24-4d23-b5c6-36b4c64fb585","local_time":"20180508182116","is_prod":false,"is_daily":false,"chose_seed":false,"is_ascension_mode":true,"campfire_upgraded":3,"timestamp":1525821676,"path_taken":["M","?","M","$","M","R","?","E","T","R","M","?","?","M","R","BOSS","M","?","M","M","$","R","?","R","T","M"],"build_version":"2018-05-07","seed_source_timestamp":1956402965659288,"purchased_purges":1,"victory":false,"master_deck":["Strike_B","Strike_B+1","Defend_B","Defend_B","Defend_B","Zap","Dualcast","Static Discharge","Consume+1","Capacitor+1","Stack","Glacier","Capacitor","Melter","Barrage","Echo Form","Echo Form+1","Rainbow+1","Force Field+1","FTL+1","Magnetism+1","Capacitor","Chaos"],"max_hp_per_floor":[75,75,75,75,75,75,75,75,82,82,82,82,87,87,87,87,87,87,87,87,87,87,87,87,87,87,87],"relics":["Cracked Core","Matryoshka","DataDisk","Strawberry","Astrolabe","Dream Catcher","Whetstone","Ancient Tea Set","Toxic Egg 2"],"card_choices":[{"not_picked":["Rebound","Consume"],"picked":"Static Discharge","floor":1.0},{"not_picked":["Sweeping Beam","Turbo"],"picked":"Consume","floor":3.0},{"not_picked":["Axe Kick","Blizzard"],"picked":"Stack","floor":5.0},{"not_picked":["BootSequence","Sweeping Beam"],"picked":"Glacier","floor":8.0},{"not_picked":["Fusion","Hello World"],"picked":"Capacitor","floor":11.0},{"not_picked":["Sweeping Beam","Turbo"],"picked":"Melter","floor":12.0},{"not_picked":["Beam Cell","Go for the Eyes"],"picked":"Barrage","floor":14},{"not_picked":["Machine Learning","Reboot"],"picked":"Echo Form","floor":16},{"not_picked":["Rebound","Loop"],"picked":"FTL","floor":18},{"not_picked":["Scrape","Barrage"],"picked":"Chaos","floor":23}],"player_experience":58263,"potions_floor_usage":[16,18,20,21,27],"damage_taken":[{"damage":3.0,"enemies":"2 Louse","floor":1.0,"turns":2.0},{"damage":3.0,"enemies":"Small Slimes","floor":3.0,"turns":3.0},{"damage":6.0,"enemies":"Cultist","floor":5.0,"turns":4.0},{"damage":35.0,"enemies":"Gremlin Nob","floor":8.0,"turns":4.0},{"damage":6.0,"enemies":"Looter","floor":11.0,"turns":4.0},{"damage":10.0,"enemies":"Exordium Wildlife","floor":12.0,"turns":6.0},{"damage":3,"enemies":"2 Fungi Beasts","floor":14,"turns":4},{"damage":1,"enemies":"The Guardian","floor":16,"turns":12},{"damage":18,"enemies":"Chosen","floor":18,"turns":5},{"damage":33,"enemies":"2 Thieves","floor":20,"turns":4},{"damage":31,"enemies":"Snecko","floor":21,"turns":5},{"damage":53,"enemies":"Snake Plant","floor":27,"turns":4}],"event_choices":[{"event_name":"The Cleric","player_choice":"Card Removal","floor":2.0,"damage_taken":0.0},{"event_name":"The Woman in Blue","player_choice":"Bought 2 Potions","floor":7.0,"damage_taken":0.0},{"event_name":"Big Fish","player_choice":"Donut","floor":13,"damage_taken":0},{"event_name":"Addict","player_choice":"Obtained Relic","floor":19,"damage_taken":0}],"boss_relics":[{"not_picked":["Lizard Tail","Ectoplasm"],"picked":"Astrolabe"}],"potions_floor_spawned":[3,8,12,14,20,21],"seed_played":"-5301771822464378926","killed_by":"Snake Plant","ascension_level":2,"is_trial":false}