{"gold_per_floor":[215,215,234,85,99,115,115,115,187,187,35,69,69,90,90,213,213,197,197,215,40,0,0,99,122,198,48,73,89,89,89,89,192,192,211,211,231,246,261,32,32,46,46,46,66,66,66],"floor_reached":47,"playtime":2491,"items_purged":["Strike_G","Defend_G","Strike_G","Defend_G"],"score":477,"play_id":"957d3b43-39ab-458d-9e83-339fa8b8e95a","local_time":"20190207133023","is_ascension_mode":false,"campfire_choices":[{"floor":10.0,"key":"REST"},{"data":"Noxious Fumes","floor":13.0,"key":"SMITH"},{"data":"Deadly Poison","floor":15.0,"key":"SMITH"},{"floor":23.0,"key":"REST"},{"floor":32.0,"key":"REST"},{"floor":41,"key":"REST"},{"floor":44,"key":"REST"}],"neow_cost":"NONE","seed_source_timestamp":0,"circlet_count":0,"master_deck":["Defend_G","Defend_G","Defend_G","Strike_G","Strike_G","Survivor","Neutralize","Dash","Defend_R","Deadly Poison+1","Noxious Fumes+1","Terror","Dash","Poisoned Stab","Deadly Poison","Crippling Poison","Corpse Explosion","Bane","Deadly Poison","Noxious Fumes+1","Deadly Poison","Adrenaline","Parasite","Deadly Poison","Dash+1","Blur+1"],"special_seed":0,"relics":["Ring of the Snake","Bloody Idol","Mercury Hourglass","Snake Skull","WristBlade","Letter Opener","White Beast Statue","Medical Kit","Tough Bandages"],"potions_floor_usage":[39,42,45],"damage_taken":[{"damage":0.0,"enemies":"Small Slimes","floor":1.0,"turns":5.0},{"damage":7.0,"enemies":"Cultist","floor":3.0,"turns":5.0},{"damage":1.0,"enemies":"Jaw Worm","floor":5.0,"turns":4.0},{"damage":16.0,"enemies":"Exordium Thugs","floor":6.0,"turns":8.0},{"damage":1.0,"enemies":"Gremlin Nob","floor":12.0,"turns":4.0},{"damage":0.0,"enemies":"Exordium Wildlife","floor":14.0,"turns":3.0},{"damage":21.0,"enemies":"Slime Boss","floor":16.0,"turns":9.0},{"damage":7.0,"enemies":"2 Thieves","floor":18.0,"turns":4.0},{"damage":5.0,"enemies":"3 Byrds","floor":20.0,"turns":2.0},{"damage":2.0,"enemies":"3 Cultists","floor":25.0,"turns":3.0},{"damage":22.0,"enemies":"Shelled Parasite and Fungi","floor":28.0,"turns":4.0},{"damage":18.0,"enemies":"Centurion and Healer","floor":29.0,"turns":4.0},{"damage":47.0,"enemies":"Champ","floor":33.0,"turns":10.0},{"damage":9,"enemies":"3 Darklings","floor":35,"turns":3},{"damage":23,"enemies":"Orb Walker","floor":37,"turns":4},{"damage":27,"enemies":"Sphere and 2 Shapes","floor":38,"turns":4},{"damage":23,"enemies":"Writhing Mass","floor":39,"turns":6},{"damage":24,"enemies":"4 Shapes","floor":42,"turns":4},{"damage":27,"enemies":"Transient","floor":45,"turns":5},{"damage":28,"enemies":"Sphere and 2 Shapes","floor":47,"turns":3}],"seed_played":"-3471391959467472686","potions_obtained":[{"floor":1.0,"key":"EssenceOfSteel"},{"floor":6.0,"key":"Explosive Potion"},{"floor":12.0,"key":"GamblersBrew"},{"floor":14.0,"key":"Block Potion"},{"floor":20.0,"key":"SkillPotion"},{"floor":28.0,"key":"Block Potion"},{"floor":29.0,"key":"EssenceOfSteel"},{"floor":35,"key":"Dexterity Potion"},{"floor":37,"key":"FearPotion"},{"floor":38,"key":"Ancient Potion"},{"floor":39,"key":"Swift Potion"},{"floor":42,"key":"Regen Potion"},{"floor":45,"key":"Regen Potion"}],"is_trial":false,"path_per_floor":["?","$","M","?","?","M","?","M","?","?","$","M","?","?","?","M","?"],"character_chosen":"THE_SILENT","items_purchased":["Noxious Fumes","Poisoned Stab","Deadly Poison","Medical Kit","Deadly Poison"],"campfire_rested":5,"item_purchase_floors":[4,11,21,40,40],"current_hp_per_floor":[70,70,63,63,62,46,46,46,46,67,67,66,66,66,66,45,70,63,63,58,58,58,70,70,68,68,68,46,28,28,28,49,7,70,66,66,48,26,8,8,29,10,10,31,24,24,0],"gold":66,"neow_bonus":"HUNDRED_GOLD","is_prod":false,"is_daily":false,"chose_seed":false,"campfire_upgraded":2,"win_rate":0.0,"timestamp":1549542623,"path_taken":["M","?","M","?","M","?","?","?","T","R","$","E","R","?","R","BOSS","M","?","?","$","?","R","?","M","T","?","?","M","?","?","R","BOSS","M","?","M","M","?","$","R","M","T","R","M","?","M"],"build_version":"2019-01-23","purchased_purges":4,"victory":false,"max_hp_per_floor":[70,70,70,70,70,70,70,70,70,70,70,70,70,70,70,70,70,70,70,70,70,70,70,70,70,70,70,70,70,70,70,70,70,70,70,70,70,70,70,70,70,70,70,70,70,70,70],"card_choices":[{"not_picked":["Cloak And Dagger","Dagger Spray"],"picked":"Dash","floor":1.0},{"not_picked":["Caltrops","Riddle With Holes"],"picked":"Deadly Poison","floor":3.0},{"not_picked":["Cloak And Dagger","Tactician"],"picked":"Terror","floor":5.0},{"not_picked":["Quick Slash","Dagger Spray"],"picked":"Dash","floor":6.0},{"not_picked":["Sucker Punch","Prepared"],"picked":"Deadly Poison","floor":12.0},{"not_picked":["Flying Knee","Quick Slash"],"picked":"Crippling Poison","floor":14.0},{"not_picked":["Burst","Adrenaline"],"picked":"Corpse Explosion","floor":16.0},{"not_picked":["Dagger Throw","Quick Slash","Dagger Spray"],"picked":"SKIP","floor":18.0},{"not_picked":["Acrobatics","Distraction+1"],"picked":"Bane","floor":20.0},{"not_picked":["Deflect","Calculated Gamble"],"picked":"Noxious Fumes","floor":25.0},{"not_picked":["PiercingWail","Dagger Throw","Terror"],"picked":"SKIP","floor":28.0},{"not_picked":["Prepared","Cloak And Dagger"],"picked":"Deadly Poison","floor":29.0},{"not_picked":["Die Die Die","Doppelganger"],"picked":"Adrenaline","floor":33.0},{"not_picked":["Eviscerate+1","PiercingWail+1","Blade Dance"],"picked":"SKIP","floor":35},{"not_picked":["Flying Knee+1","Sucker Punch+1","Finisher"],"picked":"SKIP","floor":37},{"not_picked":["Slice","Caltrops","Dagger Spray+1"],"picked":"SKIP","floor":38},{"not_picked":["Accuracy","Sucker Punch+1","PiercingWail+1"],"picked":"SKIP","floor":39},{"not_picked":["Acrobatics+1","Endless Agony"],"picked":"Dash+1","floor":42},{"not_picked":["Blade Dance+1","Sucker Punch"],"picked":"Blur+1","floor":45}],"player_experience":120565,"relics_obtained":[{"floor":9.0,"key":"Mercury Hourglass"},{"floor":12.0,"key":"Snake Skull"},{"floor":26.0,"key":"Letter Opener"},{"floor":43,"key":"Tough Bandages"}],"event_choices":[{"cards_removed":["Strike_G"],"damage_healed":0.0,"max_hp_gain":0.0,"max_hp_loss":0.0,"gold_gain":0.0,"event_name":"NoteForYourself","player_choice":"Took Card","floor":2.0,"gold_loss":0.0,"damage_taken":0.0,"cards_obtained":["Defend_R"]},{"damage_healed":0.0,"max_hp_gain":0.0,"max_hp_loss":0.0,"gold_gain":0.0,"event_name":"Golden Idol","player_choice":"Take Wound","floor":7.0,"gold_loss":0.0,"damage_taken":0.0,"relics_obtained":["Golden Idol"],"cards_obtained":["Injury"]},{"cards_removed":["Injury"],"damage_healed":0.0,"max_hp_gain":0.0,"max_hp_loss":0.0,"gold_gain":0.0,"event_name":"Fountain of Cleansing","player_choice":"Removed Curses","floor":8.0,"gold_loss":0.0,"damage_taken":0.0},{"damage_healed":0.0,"max_hp_gain":0.0,"max_hp_loss":0.0,"gold_gain":0.0,"event_name":"Match and Keep!","player_choice":"1 cards matched","floor":19.0,"gold_loss":0.0,"damage_taken":0.0,"cards_obtained":["Distraction"]},{"damage_healed":0.0,"max_hp_gain":0.0,"max_hp_loss":0.0,"gold_gain":0.0,"event_name":"Masked Bandits","player_choice":"Paid Fearfully","floor":22.0,"gold_loss":40.0,"damage_taken":0.0},{"damage_healed":0.0,"max_hp_gain":0.0,"max_hp_loss":0.0,"gold_gain":99.0,"event_name":"Nest","player_choice":"Stole From Cult","floor":24.0,"gold_loss":0.0,"damage_taken":0.0},{"damage_healed":0.0,"max_hp_gain":0.0,"max_hp_loss":0.0,"gold_gain":0.0,"event_name":"The Mausoleum","player_choice":"Ignored","floor":30.0,"gold_loss":0.0,"damage_taken":0.0},{"damage_healed":0.0,"max_hp_gain":0.0,"max_hp_loss":0.0,"gold_gain":0.0,"event_name":"Forgotten Altar","player_choice":"Gave Idol","floor":31.0,"relics_lost":["Golden Idol"],"gold_loss":0.0,"damage_taken":0.0,"relics_obtained":["Bloody Idol"]},{"damage_healed":0,"gold_gain":0,"player_choice":"Upgraded","damage_taken":0,"max_hp_gain":0,"max_hp_loss":0,"event_name":"Upgrade Shrine","floor":36,"gold_loss":0,"cards_upgraded":["Noxious Fumes"]},{"cards_removed":["Distraction"],"damage_healed":0,"gold_gain":0,"player_choice":"Removed Skill","damage_taken":0,"max_hp_gain":0,"max_hp_loss":0,"event_name":"Falling","floor":46,"gold_loss":0}],"is_beta":false,"boss_relics":[{"not_picked":["Busted Crown","Tiny House"],"picked":"WristBlade"},{"not_picked":["Calling Bell","HoveringKite"],"picked":"White Beast Statue"}],"items_purged_floors":[4,11,21,27],"is_endless":false,"potions_floor_spawned":[1,6,12,14,20,28,29,35,37,38,39,42,45],"killed_by":"Sphere and 2 Shapes","ascension_level":0}