{"gold_per_floor":[115,131,81,96,6,6,17,33,81,99,111,111,111,121,121,222,222,242,242,231,231,246,246,246,246,269,269,4,4],"floor_reached":29,"playtime":943,"items_purged":[],"score":217,"play_id":"538d9011-a462-4381-a3b0-e6c1676dd17c","local_time":"20180807171703","is_ascension_mode":false,"campfire_choices":[{"data":"Footwork","floor":6,"key":"SMITH"},{"data":"Glass Knife","floor":12,"key":"SMITH"},{"data":"Neutralize","floor":15,"key":"SMITH"},{"data":"Burst","floor":23,"key":"SMITH"},{"data":"Terror","floor":25,"key":"SMITH"}],"neow_cost":"NONE","seed_source_timestamp":2047364112067245,"circlet_count":0,"master_deck":["Defend_G","Defend_G","Defend_G","Defend_G","Defend_G","Strike_G","Strike_G","Strike_G","Strike_G","Survivor","Neutralize+1","Quick Slash","Dagger Throw","Acrobatics","Footwork+1","Dodge and Roll","Glass Knife+1","Tactician+1","Deflect","Prepared","Slice","Burst+1","Underhanded Strike+1","Cloak And Dagger+1","Concentrate+1","Terror+1","Heel Hook","Transmutation","Prepared"],"relics":["Lizard Tail"],"potions_floor_usage":[8,10,16,18],"damage_taken":[{"damage":11,"enemies":"Jaw Worm","floor":1,"turns":4},{"damage":0,"enemies":"2 Louse","floor":2,"turns":2},{"damage":0,"enemies":"Small Slimes","floor":4,"turns":4},{"damage":1,"enemies":"Looter","floor":7,"turns":4},{"damage":0,"enemies":"2 Fungi Beasts","floor":8,"turns":3},{"damage":10,"enemies":"Exordium Thugs","floor":10,"turns":4},{"damage":0,"enemies":"Large Slime","floor":11,"turns":7},{"damage":0,"enemies":"Looter","floor":14,"turns":3},{"damage":24,"enemies":"Slime Boss","floor":16,"turns":13},{"damage":12,"enemies":"3 Byrds","floor":18,"turns":5},{"damage":16,"enemies":"2 Thieves","floor":20,"turns":4},{"damage":45,"enemies":"Slaver and Parasite","floor":22,"turns":10},{"damage":31,"enemies":"Snecko","floor":29,"turns":4}],"seed_played":"-8499195032799661551","potions_obtained":[{"floor":7,"key":"Block Potion"},{"floor":8,"key":"SteroidPotion"},{"floor":10,"key":"LiquidBronze"},{"floor":14,"key":"Explosive Potion"},{"floor":22,"key":"Energy Potion"}],"is_trial":false,"path_per_floor":["M","M","?","M","$","R","M","M","T","M","M","R","?","M","R","B",null,"M","?","M","?","M","R","?","R","T","?","$"],"character_chosen":"THE_SILENT","items_purchased":["Footwork","Dodge and Roll","Heel Hook","Transmutation","Prepared"],"campfire_rested":0,"item_purchase_floors":[5,5,28,28,28],"current_hp_per_floor":[59,59,59,59,59,59,58,58,58,48,48,48,48,48,48,24,70,58,58,42,42,32,32,32,32,32,19,19,0],"gold":4,"neow_bonus":"BOSS_RELIC","is_prod":false,"is_daily":false,"chose_seed":false,"campfire_upgraded":5,"win_rate":0,"timestamp":1533683823,"path_taken":["M","M","?","M","$","R","M","M","T","M","M","R","?","?","R","BOSS","M","?","M","?","?","R","?","R","T","?","$","M"],"build_version":"2018-08-02","purchased_purges":0,"victory":false,"max_hp_per_floor":[70,70,70,70,70,70,70,70,70,70,70,70,70,70,70,70,70,70,70,70,70,70,70,70,70,70,75,75,75],"card_choices":[{"not_picked":["Blade Dance","Slice"],"picked":"Quick Slash","floor":1},{"not_picked":["Backflip","Poisoned Stab"],"picked":"Dagger Throw","floor":2},{"not_picked":["Dash","Eviscerate"],"picked":"Acrobatics","floor":4},{"not_picked":["Flying Knee","Bouncing Flask"],"picked":"Glass Knife","floor":7},{"not_picked":["Dagger Spray","Heel Hook"],"picked":"Tactician","floor":8},{"not_picked":["Deadly Poison","Bouncing Flask"],"picked":"Deflect","floor":10},{"not_picked":["Escape Plan","Slice"],"picked":"Prepared","floor":11},{"not_picked":["Dodge and Roll","Night Terror"],"picked":"Slice","floor":14},{"not_picked":["Unload","Night Terror"],"picked":"Burst","floor":16},{"not_picked":["Dagger Spray+1","Bane"],"picked":"Underhanded Strike+1","floor":18},{"not_picked":["Acrobatics","Outmaneuver"],"picked":"Cloak And Dagger+1","floor":20},{"not_picked":["Dodge and Roll","Dash+1"],"picked":"Concentrate+1","floor":22}],"player_experience":359332,"relics_obtained":[],"event_choices":[{"event_name":"The Cleric","player_choice":"Card Removal","floor":3,"damage_taken":0},{"event_name":"Living Wall","player_choice":"Grow","floor":13,"damage_taken":0},{"event_name":"Addict","player_choice":"Ignored","floor":19,"damage_taken":0},{"event_name":"The Mausoleum","player_choice":"No","floor":21,"damage_taken":0},{"event_name":"The Library","player_choice":"Read","floor":24,"damage_taken":0},{"event_name":"Forgotten Altar","player_choice":"Shed Blood","floor":27,"damage_taken":0}],"is_beta":false,"boss_relics":[{"not_picked":["HoveringKite","Coffee Dripper","Philosopher\u0027s Stone"]}],"items_purged_floors":[],"is_endless":false,"potions_floor_spawned":[7,8,10,14,22],"killed_by":"Snecko","ascension_level":0}