{"gold_per_floor":[109,11,186,112,131,165,183,183,183,258,270,270,285,285],"floor_reached":14,"playtime":348,"items_purged":[],"score":161,"play_id":"23bb8fad-78db-4e3e-b4f7-a743fe4d5833","local_time":"20190314163746","is_ascension_mode":true,"campfire_choices":[{"data":"Combust","floor":8,"key":"SMITH"}],"neow_cost":"NONE","seed_source_timestamp":2492877284626875,"circlet_count":0,"master_deck":["Strike_R","Strike_R","Strike_R","Strike_R","Strike_R","Defend_R","Defend_R","Defend_R","Defend_R","Bash","Rupture","Body Slam","Second Wind","Doubt","Combust+1","Rupture","True Grit","Whirlwind","Warcry","Pain"],"relics":["Burning Blood","NeowsBlessing","Calipers","Pantograph","WarpedTongs"],"potions_floor_usage":[13],"damage_taken":[{"damage":0,"enemies":"2 Louse","floor":1,"turns":1},{"damage":0,"enemies":"Jaw Worm","floor":5,"turns":1},{"damage":1,"enemies":"3 Sentries","floor":6,"turns":1},{"damage":4,"enemies":"Cultist","floor":7,"turns":4},{"damage":20,"enemies":"Exordium Wildlife","floor":11,"turns":2},{"damage":23,"enemies":"Exordium Thugs","floor":13,"turns":4},{"damage":28,"enemies":"Lagavulin","floor":14,"turns":5}],"seed_played":"2226416093346199004","potions_obtained":[{"floor":1,"key":"SteroidPotion"},{"floor":11,"key":"Fire Potion"},{"floor":13,"key":"Energy Potion"}],"is_trial":false,"path_per_floor":["M","$","?","$","M","E","M","R","T","?","M","?","M","E"],"character_chosen":"IRONCLAD","items_purchased":["Body Slam","Second Wind","Combust"],"campfire_rested":0,"item_purchase_floors":[2,2,4],"current_hp_per_floor":[78,78,78,78,80,80,80,80,80,69,55,55,38,10],"gold":285,"neow_bonus":"THREE_ENEMY_KILL","is_prod":false,"is_daily":false,"chose_seed":false,"campfire_upgraded":1,"win_rate":0,"timestamp":1552549066,"path_taken":["M","$","?","$","M","E","M","R","T","?","M","?","?","E"],"build_version":"2019-01-23","purchased_purges":0,"victory":false,"max_hp_per_floor":[80,80,80,80,80,80,80,80,80,80,80,80,80,80],"card_choices":[{"not_picked":["Pummel","Dual Wield"],"picked":"Rupture","floor":1},{"not_picked":["Headbutt","Dual Wield"],"picked":"Rupture","floor":5},{"not_picked":["Carnage","Pommel Strike"],"picked":"True Grit","floor":6},{"not_picked":["Sentinel","Seeing Red"],"picked":"Whirlwind","floor":7},{"not_picked":["Flex","Havoc"],"picked":"Warcry","floor":11},{"not_picked":["Headbutt","Exhume","Anger"],"picked":"SKIP","floor":13}],"player_experience":362318,"relics_obtained":[{"floor":6,"key":"Calipers"},{"floor":9,"key":"Pantograph"}],"event_choices":[{"damage_healed":0,"gold_gain":175,"player_choice":"AGREE","damage_taken":0,"max_hp_gain":0,"max_hp_loss":0,"event_name":"Liars Game","floor":3,"gold_loss":0,"cards_obtained":["Doubt"]},{"damage_healed":0,"gold_gain":75,"player_choice":"Gather Gold","damage_taken":11,"max_hp_gain":0,"max_hp_loss":0,"event_name":"World of Goop","floor":10,"gold_loss":0},{"damage_healed":0,"gold_gain":0,"player_choice":"Rummage","damage_taken":0,"relics_obtained":["WarpedTongs"],"max_hp_gain":0,"max_hp_loss":0,"event_name":"Accursed Blacksmith","floor":12,"gold_loss":0,"cards_obtained":["Pain"]}],"is_beta":false,"boss_relics":[],"items_purged_floors":[],"is_endless":false,"potions_floor_spawned":[1,11,13],"killed_by":"Lagavulin","ascension_level":8}