{"path_per_floor":["M","$","M","M","M","R","E","?","T","R","M","?","E","M","R","B",null,"M","M","M","?","$","R","M","R","T","?","?","$","M","M","R","B",null,"M","?","$","?","M","R","?","R","T","R","$","R","?"],"character_chosen":"DEFECT","items_purchased":["Beam Cell","Toxic Egg 2","Reprogram","Beam Cell","Capacitor","Capacitor","Regen Potion","Flux Capacitor"],"gold_per_floor":[118,67,79,92,109,109,137,137,137,137,150,231,275,300,300,425,425,446,470,493,493,100,100,120,120,120,120,120,17,31,47,47,150,150,163,133,57,57,71,71,71,71,71,71,34,34,0,0],"floor_reached":48,"campfire_rested":6,"playtime":2229,"current_hp_per_floor":[73,73,73,67,56,56,28,28,28,50,45,24,26,15,40,37,85,63,58,37,37,37,62,45,70,70,70,70,70,47,50,75,25,85,50,50,50,50,55,55,55,55,55,80,80,80,80,0],"items_purged":["Injury"],"gold":0,"score":438,"play_id":"322d4ccf-e5ed-4509-a7d9-2fe626ac574b","local_time":"20180428182918","is_prod":false,"is_daily":false,"chose_seed":false,"is_ascension_mode":false,"campfire_upgraded":4,"timestamp":1524958158,"path_taken":["M","$","M","M","M","R","E","?","T","R","M","?","E","M","R","BOSS","M","M","?","?","$","R","M","R","T","?","?","$","M","?","R","BOSS","M","?","$","?","?","R","?","R","T","R","$","R","?","M"],"build_version":"2018-04-27v3","seed_source_timestamp":1091950115239616,"purchased_purges":3,"victory":false,"master_deck":["Strike_B+1","Strike_B+1","Strike_B+1","Strike_B+1","Defend_B+1","Defend_B+1","Defend_B+1","Defend_B+1","Zap","Dualcast","Stack","Beam Cell+1","Capacitor","Redo","Ball Lightning+1","Ball Lightning+1","Leap","Hello World+1","Leap","Rainbow+1","Go for the Eyes+1","Streamline+1","Reprogram+1","Chaos+1","Beam Cell+1","Capacitor","Skim+1","Darkness+1","Machine Learning+1","Capacitor","Axe Kick+1","Bandage Up+1","Flux Capacitor+1"],"max_hp_per_floor":[75,75,75,75,75,75,75,75,75,75,75,75,85,85,85,85,85,85,85,85,85,85,85,85,85,85,85,85,85,85,85,85,85,85,85,85,85,85,85,85,85,85,85,85,85,85,85,85],"relics":["Black Star","Bottled Tornado","Molten Egg 2","Bloody Idol","Mummified Hand","Vajra","Mercury Hourglass","Pear","Toxic Egg 2","Bronze Scales","Runic Pyramid","Toolbox","Red Mask"],"card_choices":[{"not_picked":["Reinforced Body","Capacitor"],"picked":"Stack","floor":1.0},{"not_picked":["Barrage","Hologram"],"picked":"Capacitor","floor":3.0},{"not_picked":["Sweeping Beam","Go for the Eyes"],"picked":"Redo","floor":5.0},{"not_picked":["Echo Form","Coolheaded"],"picked":"Ball Lightning","floor":7.0},{"not_picked":["Tempest","Impulse"],"picked":"Ball Lightning","floor":11.0},{"not_picked":["Rebound","Impulse"],"picked":"Leap","floor":12.0},{"not_picked":["Amplify","Hologram"],"picked":"Hello World","floor":13.0},{"not_picked":["Axe Kick","Barrage"],"picked":"Leap","floor":14.0},{"not_picked":["All For One","Fusion"],"picked":"Rainbow","floor":16.0},{"not_picked":["Blaster","Coolheaded"],"picked":"Go for the Eyes","floor":18.0},{"not_picked":["Ball Lightning","Reinforced Body"],"picked":"Streamline","floor":20.0},{"not_picked":["Cold Snap","Blaster"],"picked":"Chaos","floor":24.0},{"not_picked":["Beam Cell","Rip and Tear"],"picked":"Skim","floor":30.0},{"not_picked":["Echo Form","Go for the Eyes"],"picked":"Darkness","floor":31.0},{"not_picked":["Amplify","Fusion"],"picked":"Machine Learning","floor":33},{"not_picked":["Hologram","Leap"],"picked":"Axe Kick","floor":39},{"not_picked":["Deep Breath","Enlightenment"],"picked":"Bandage Up","floor":41}],"player_experience":4873,"potions_floor_usage":[],"damage_taken":[{"damage":2.0,"enemies":"2 Louse","floor":1.0,"turns":2.0},{"damage":0.0,"enemies":"Small Slimes","floor":3.0,"turns":4.0},{"damage":6.0,"enemies":"Jaw Worm","floor":4.0,"turns":4.0},{"damage":11.0,"enemies":"Blue Slaver","floor":5.0,"turns":4.0},{"damage":28.0,"enemies":"3 Sentries","floor":7.0,"turns":11.0},{"damage":5.0,"enemies":"Looter","floor":11.0,"turns":4.0},{"damage":21.0,"enemies":"Lagavulin Event","floor":12.0,"turns":5.0},{"damage":8.0,"enemies":"Gremlin Nob","floor":13.0,"turns":3.0},{"damage":11.0,"enemies":"Lots of Slimes","floor":14.0,"turns":2.0},{"damage":3.0,"enemies":"Slime Boss","floor":16.0,"turns":7.0},{"damage":22.0,"enemies":"2 Thieves","floor":18.0,"turns":3.0},{"damage":5.0,"enemies":"Shell Parasite","floor":19.0,"turns":5.0},{"damage":21.0,"enemies":"Centurion and Healer","floor":20.0,"turns":6.0},{"damage":17.0,"enemies":"Sentry and Sphere","floor":24.0,"turns":5.0},{"damage":28.0,"enemies":"Slaver and Parasite","floor":30.0,"turns":5.0},{"damage":2.0,"enemies":"Cultist and Chosen","floor":31.0,"turns":5.0},{"damage":55,"enemies":"Collector","floor":33,"turns":11},{"damage":40,"enemies":"Flame Bruiser 1 Orb","floor":35,"turns":7},{"damage":0,"enemies":"3 Shapes","floor":39,"turns":5},{"damage":89,"enemies":"Spire Growth","floor":48,"turns":6}],"event_choices":[{"event_name":"Golden Idol","player_choice":"Take Wound","floor":8.0,"damage_taken":0.0},{"event_name":"Dead Adventurer","player_choice":"Searched \u00272\u0027 times","floor":12.0,"damage_taken":0.0},{"event_name":"Vampires","player_choice":"Ignored","floor":21.0,"damage_taken":0.0},{"event_name":"Forgotten Altar","player_choice":"Gave Idol","floor":27.0,"damage_taken":0.0},{"event_name":"Back to Basics","player_choice":"Simplicity","floor":28.0,"damage_taken":0.0},{"event_name":"The Woman in Blue","player_choice":"Bought 2 Potions","floor":36,"damage_taken":0},{"event_name":"The Lab","player_choice":"Got Potions","floor":38,"damage_taken":0},{"event_name":"SensoryStone","player_choice":"Memory 1","floor":41,"damage_taken":0},{"event_name":"Tomb of Lord Red Mask","player_choice":"Paid","floor":47,"damage_taken":0}],"boss_relics":[{"not_picked":["Tiny House","Eternal Feather"],"picked":"Runic Pyramid"}],"potions_floor_spawned":[1,4,5,12,14,16,20,31,39],"seed_played":"-1549893189044496583","killed_by":"Spire Growth","ascension_level":0,"is_trial":false}