{"gold_per_floor":[112,122,23,43,60,60,89,89,116,126,126,26,44,76,76,173,173,183,183,98,98,78,103,103,113,113,45,45,64,64,80,80,181,181,196,196,17,31,31,66,66,101,127,127,141,155,155,169,169,169],"floor_reached":51,"playtime":2926,"items_purged":["Doubt","Doubt"],"score":1058,"play_id":"ed57221f-fce5-41f7-85df-21beb0a05038","local_time":"20180816011841","is_ascension_mode":true,"campfire_choices":[{"data":"Double Energy","floor":6,"key":"SMITH"},{"floor":15,"key":"REST"},{"floor":24,"key":"REST"},{"data":"Defragment","floor":30,"key":"SMITH"},{"data":"Glacier","floor":32,"key":"SMITH"},{"data":"Beam Cell","floor":41,"key":"SMITH"},{"floor":44,"key":"REST"},{"floor":49,"key":"REST"}],"neow_cost":"NONE","seed_source_timestamp":2765372514093793,"circlet_count":0,"master_deck":["Strike_B+1","Strike_B+1","Strike_B+1","Strike_B+1","Defend_B+1","Defend_B+1","Defend_B+1","Defend_B+1","Zap","Dualcast+1","Injury","Leap","Cold Snap+1","Beam Cell+1","Echo Form","Double Energy+1","Auto Shields","Coolheaded","Leap","Seek","Cold Snap","Conserve Battery","Glacier+1","Streamline+1","Defragment+1","Seek","Go for the Eyes","Reboot","Conserve Battery+1","Madness","Madness","Magnetism","Rebound+1","Hologram+1","Doom and Gloom+1","Hello World","Gash+1"],"relics":["Calling Bell","War Paint","Cables","Mango","Regal Pillow","Bronze Scales","Orichalcum","Inserter","Singing Bowl","DataDisk","Pear","Runic Dome","Centennial Puzzle","Molten Egg 2","Bag of Marbles"],"potions_floor_usage":[7,14,22,23,42,42,42,46,50,50,50],"damage_taken":[{"damage":11,"enemies":"Jaw Worm","floor":1,"turns":5},{"damage":0,"enemies":"Cultist","floor":2,"turns":4},{"damage":1,"enemies":"2 Louse","floor":4,"turns":3},{"damage":16,"enemies":"Exordium Wildlife","floor":5,"turns":5},{"damage":15,"enemies":"Lagavulin","floor":7,"turns":10},{"damage":3,"enemies":"Blue Slaver","floor":10,"turns":3},{"damage":0,"enemies":"3 Louse","floor":13,"turns":5},{"damage":4,"enemies":"3 Sentries","floor":14,"turns":8},{"damage":22,"enemies":"Hexaghost","floor":16,"turns":14},{"damage":8,"enemies":"3 Byrds","floor":18,"turns":2},{"damage":3,"enemies":"2 Thieves","floor":22,"turns":4},{"damage":32,"enemies":"Book of Stabbing","floor":23,"turns":8},{"damage":7,"enemies":"Snake Plant","floor":25,"turns":6},{"damage":6,"enemies":"Centurion and Healer","floor":29,"turns":13},{"damage":7,"enemies":"Sentry and Sphere","floor":31,"turns":6},{"damage":0,"enemies":"Champ","floor":33,"turns":17},{"damage":0,"enemies":"Orb Walker","floor":35,"turns":4},{"damage":0,"enemies":"Flame Bruiser 1 Orb","floor":38,"turns":11},{"damage":21,"enemies":"Giant Head","floor":40,"turns":14},{"damage":20,"enemies":"2 Orb Walkers","floor":42,"turns":5},{"damage":2,"enemies":"Maw","floor":45,"turns":9},{"damage":1,"enemies":"Flame Bruiser 2 Orb","floor":46,"turns":8},{"damage":18,"enemies":"Transient","floor":48,"turns":5},{"damage":24,"enemies":"Awakened One","floor":50,"turns":14}],"seed_played":"1844228285904094729","potions_obtained":[{"floor":2,"key":"SpeedPotion"},{"floor":5,"key":"Weak Potion"},{"floor":13,"key":"Explosive Potion"},{"floor":14,"key":"SteroidPotion"},{"floor":18,"key":"Poison Potion"},{"floor":22,"key":"Poison Potion"},{"floor":25,"key":"Fire Potion"},{"floor":33,"key":"EntropicBrew"},{"floor":46,"key":"AttackPotion"}],"is_trial":false,"path_per_floor":["M","M","$","M","M","R","E","?","T","M","?","$","M","E","R","B",null,"M","?","?","?","M","E","R","M","T","$","?","M","R","M","R","B",null,"M","?","$","M","$","E","R","E","T","R","M","M","?","M","R","B"],"character_chosen":"DEFECT","items_purchased":["Beam Cell","Defragment","Magnetism"],"campfire_rested":4,"item_purchase_floors":[3,27,37],"current_hp_per_floor":[71,71,71,70,54,54,39,21,21,18,23,23,23,19,62,40,81,73,54,54,45,42,10,54,47,57,57,57,51,51,44,44,44,93,93,79,79,79,79,58,58,38,38,85,83,82,82,64,109,85],"gold":169,"neow_bonus":"BOSS_RELIC","is_prod":false,"is_daily":false,"chose_seed":false,"campfire_upgraded":4,"win_rate":0,"timestamp":1534403921,"path_taken":["M","M","$","M","M","R","E","?","T","M","?","?","M","E","R","BOSS","M","?","?","?","M","E","R","M","T","$","?","M","R","M","R","BOSS","M","?","$","M","?","E","R","E","T","R","?","M","?","M","R","BOSS"],"build_version":"2018-08-09","purchased_purges":2,"victory":true,"max_hp_per_floor":[89,89,89,89,89,89,89,89,89,89,94,94,94,94,94,94,94,94,99,99,99,99,99,99,99,109,109,109,109,109,109,109,109,109,109,109,109,109,109,109,109,109,109,109,109,109,109,109,109,109],"card_choices":[{"not_picked":["Turbo","Redo"],"picked":"Leap","floor":1},{"not_picked":["Hello World","Self Repair"],"picked":"Cold Snap","floor":2},{"not_picked":["Genetic Algorithm","Compile Driver"],"picked":"Echo Form","floor":4},{"not_picked":["Chaos","Redo"],"picked":"Double Energy","floor":5},{"not_picked":["FTL","Stack"],"picked":"Auto Shields","floor":7},{"not_picked":["Leap","Stack"],"picked":"Coolheaded","floor":10},{"not_picked":["Scrape","Genetic Algorithm","Sweeping Beam"],"picked":"SKIP","floor":13},{"not_picked":["Lockon","Turbo"],"picked":"Leap","floor":14},{"not_picked":["All For One","Machine Learning"],"picked":"Seek","floor":16},{"not_picked":["Redo","Sweeping Beam"],"picked":"Cold Snap","floor":18},{"not_picked":["Turbo","Reprogram"],"picked":"Conserve Battery","floor":22},{"not_picked":["Chill+1","Reinforced Body"],"picked":"Glacier","floor":23},{"not_picked":["Coolheaded+1","Chaos"],"picked":"Streamline+1","floor":25},{"not_picked":["Aggregate","Turbo"],"picked":"Seek","floor":29},{"not_picked":["Beam Cell+1","Leap"],"picked":"Go for the Eyes","floor":31},{"not_picked":["Fission","Hyperbeam"],"picked":"Reboot","floor":33},{"not_picked":["Lockon+1","Rebound+1"],"picked":"Conserve Battery+1","floor":35},{"not_picked":["Go for the Eyes+1","Double Energy+1"],"picked":"Coolheaded+1","floor":38},{"not_picked":["Lockon+1","Aggregate"],"picked":"Rebound+1","floor":40},{"not_picked":["Heatsinks+1","Undo+1"],"picked":"Hologram+1","floor":42},{"not_picked":["Rip and Tear+1","BootSequence"],"picked":"Doom and Gloom+1","floor":45},{"not_picked":["Steam Power","Turbo"],"picked":"Hello World","floor":46},{"not_picked":["Undo+1","Redo+1"],"picked":"Gash+1","floor":48}],"player_experience":398285,"relics_obtained":[{"floor":0,"key":"War Paint"},{"floor":0,"key":"Cables"},{"floor":0,"key":"Mango"},{"floor":7,"key":"Regal Pillow"},{"floor":9,"key":"Bronze Scales"},{"floor":14,"key":"Orichalcum"},{"floor":23,"key":"DataDisk"},{"floor":26,"key":"Pear"},{"floor":40,"key":"Centennial Puzzle"},{"floor":42,"key":"Molten Egg 2"},{"floor":43,"key":"Bag of Marbles"}],"event_choices":[{"event_name":"Shining Light","player_choice":"Entered Light","floor":8,"damage_taken":0},{"event_name":"Big Fish","player_choice":"Donut","floor":11,"damage_taken":0},{"event_name":"Forgotten Altar","player_choice":"Shed Blood","floor":19,"damage_taken":0},{"event_name":"Addict","player_choice":"Obtained Relic","floor":20,"damage_taken":0},{"event_name":"Wheel of Change","player_choice":"Damage","floor":21,"damage_taken":0},{"event_name":"Back to Basics","player_choice":"Simplicity","floor":28,"damage_taken":0},{"event_name":"Winding Halls","player_choice":"Embrace Madness","floor":36,"damage_taken":0},{"event_name":"Falling","player_choice":"Removed Skill","floor":47,"damage_taken":0}],"is_beta":false,"boss_relics":[{"not_picked":["Eternal Feather","Pandora\u0027s Box"],"picked":"Inserter"},{"not_picked":["Black Star","White Beast Statue"],"picked":"Runic Dome"}],"items_purged_floors":[3,12],"is_endless":false,"potions_floor_spawned":[2,5,13,14,18,22,25,33,38,46],"ascension_level":6}