{"gold_per_floor":[113],"floor_reached":1,"playtime":87,"items_purged":[],"score":7,"play_id":"d264ab5c-c4a7-406d-9a6b-a3bfe6e4864b","local_time":"20180709112736","daily_mods":["Draft","Heirloom"],"is_ascension_mode":false,"campfire_choices":[],"neow_cost":"","seed_source_timestamp":0,"circlet_count":0,"master_deck":["Demon Form","Wraith Form v2","Echo Form","Gash","Conserve Battery","Beam Cell","Conserve Battery","Redo","Conserve Battery","Heatsinks","Ball Lightning","Darkness","Loop","Gash","Gash","Sweeping Beam","Rebound","Go for the Eyes","Compile Driver"],"relics":["Cracked Core","Calipers"],"potions_floor_usage":[],"damage_taken":[{"damage":11,"enemies":"Jaw Worm","floor":1,"turns":3}],"seed_played":"-7932276506321277654","potions_obtained":[{"floor":1,"key":"Swift Potion"}],"is_trial":true,"path_per_floor":[],"character_chosen":"DEFECT","items_purchased":[],"campfire_rested":0,"item_purchase_floors":[],"current_hp_per_floor":[64],"gold":113,"neow_bonus":"","is_prod":false,"is_daily":false,"chose_seed":false,"campfire_upgraded":0,"win_rate":0,"timestamp":1531157256,"path_taken":["M"],"build_version":"2018-07-05","purchased_purges":0,"victory":false,"max_hp_per_floor":[75],"card_choices":[{"not_picked":["Tempest","Darkness"],"picked":"Gash","floor":0},{"not_picked":["Streamline","BootSequence"],"picked":"Conserve Battery","floor":0},{"not_picked":["Barrage","Hologram"],"picked":"Beam Cell","floor":0},{"not_picked":["Hologram","Cold Snap"],"picked":"Conserve Battery","floor":0},{"not_picked":["Genetic Algorithm","Hello World"],"picked":"Redo","floor":0},{"not_picked":["Rebound","Stack"],"picked":"Conserve Battery","floor":0},{"not_picked":["Recycle","Rebound"],"picked":"Heatsinks","floor":0},{"not_picked":["Steam","Compile Driver"],"picked":"Ball Lightning","floor":0},{"not_picked":["Ball Lightning","Rebound"],"picked":"Darkness","floor":0},{"not_picked":["Sweeping Beam","Ball Lightning"],"picked":"Loop","floor":0},{"not_picked":["Hello World","Barrage"],"picked":"Gash","floor":0},{"not_picked":["Conserve Battery","Coolheaded"],"picked":"Gash","floor":0},{"not_picked":["Stack","Genetic Algorithm"],"picked":"Sweeping Beam","floor":0},{"not_picked":["Rip and Tear","BootSequence"],"picked":"Rebound","floor":0},{"not_picked":["Consume","BootSequence"],"picked":"Go for the Eyes","floor":0},{"not_picked":["Steam","Stack"],"picked":"Compile Driver","floor":1}],"player_experience":168410,"relics_obtained":[],"event_choices":[],"boss_relics":[],"items_purged_floors":[],"is_endless":false,"potions_floor_spawned":[1],"killed_by":"Jaw Worm","ascension_level":0}