{"gold_per_floor":[117,117,136,136,156,156,185,185,239,257,257,49,62,76,76,174,174,185,201,211,211,237,337,355,355,355,355],"floor_reached":27,"playtime":1566,"items_purged":["Doubt"],"score":215,"play_id":"bedfa751-905c-48c5-8ff3-857fccb84744","local_time":"20190317214304","is_ascension_mode":false,"campfire_choices":[{"data":"Infernal Blade","floor":6,"key":"SMITH"},{"floor":8,"key":"REST"},{"data":"Whirlwind","floor":11,"key":"SMITH"},{"data":"Inflame","floor":15,"key":"SMITH"},{"floor":25,"key":"REST"}],"neow_cost":"NONE","seed_source_timestamp":0,"circlet_count":0,"master_deck":["Strike_R","Strike_R","Strike_R","Strike_R+1","Defend_R","Defend_R","Defend_R+1","Bash","Spot Weakness","Infernal Blade+1","Sword Boomerang","Armaments","Inflame+1","Whirlwind+1","Dual Wield","Sword Boomerang","Body Slam","Carnage","Demon Form","Body Slam+1","Clothesline","Disarm+1","Carnage+1","Clash+1","Cleave+1"],"special_seed":0,"relics":["Burning Blood","Orichalcum","Tiny Chest","Runic Cube","Pantograph","Red Mask","Girya","Sundial","Blood Vial"],"potions_floor_usage":[5,7,14,16,16,24],"damage_taken":[{"damage":5,"enemies":"Small Slimes","floor":1,"turns":4},{"damage":11,"enemies":"Jaw Worm","floor":3,"turns":4},{"damage":4,"enemies":"Cultist","floor":5,"turns":3},{"damage":17,"enemies":"Gremlin Nob","floor":7,"turns":4},{"damage":3,"enemies":"Red Slaver","floor":10,"turns":4},{"damage":7,"enemies":"Lots of Slimes","floor":13,"turns":3},{"damage":4,"enemies":"Exordium Thugs","floor":14,"turns":2},{"damage":1,"enemies":"Slime Boss","floor":16,"turns":6},{"damage":7,"enemies":"Shell Parasite","floor":18,"turns":4},{"damage":0,"enemies":"3 Byrds","floor":19,"turns":4},{"damage":34,"enemies":"Cultist and Chosen","floor":20,"turns":6},{"damage":16,"enemies":"Masked Bandits","floor":22,"turns":4},{"damage":12,"enemies":"Colosseum Slavers","floor":23,"turns":4},{"damage":15,"enemies":"Colosseum Nobs","floor":23,"turns":5},{"damage":17,"enemies":"Centurion and Healer","floor":24,"turns":5},{"damage":47,"enemies":"Book of Stabbing","floor":27,"turns":4}],"seed_played":"-4011319023940689648","potions_obtained":[{"floor":1,"key":"Weak Potion"},{"floor":5,"key":"GamblersBrew"},{"floor":13,"key":"Fire Potion"},{"floor":14,"key":"Swift Potion"},{"floor":23,"key":"Poison Potion"}],"is_trial":false,"path_per_floor":["M","?","M","?","M","R","E","R","T","M","R","$","M","M","R","B",null,"M","M","M","T","?","?","M","R","T","E"],"character_chosen":"IRONCLAD","items_purchased":["Dual Wield","Sword Boomerang","SteroidPotion"],"campfire_rested":2,"item_purchase_floors":[12,12,12],"current_hp_per_floor":[80,64,59,59,61,61,50,74,74,77,77,77,76,78,78,80,80,79,80,52,52,42,27,16,40,40,0],"gold":355,"neow_bonus":"TRANSFORM_CARD","is_prod":false,"is_daily":false,"chose_seed":false,"campfire_upgraded":3,"win_rate":0.0,"timestamp":1552873384,"path_taken":["M","?","M","?","M","R","E","R","T","?","R","?","?","?","R","BOSS","M","M","M","?","?","?","M","R","T","E"],"build_version":"2019-01-23","purchased_purges":1,"victory":false,"max_hp_per_floor":[80,80,80,80,80,80,80,80,80,80,80,80,80,80,80,80,80,80,80,80,80,80,80,80,80,80,80],"card_choices":[{"not_picked":["Intimidate","Disarm"],"picked":"Infernal Blade","floor":1},{"not_picked":["Flex","Combust"],"picked":"Sword Boomerang","floor":3},{"not_picked":["Iron Wave","Spot Weakness"],"picked":"Armaments","floor":5},{"not_picked":["Disarm","Sword Boomerang"],"picked":"Inflame","floor":7},{"not_picked":["Uppercut","Shrug It Off"],"picked":"Whirlwind","floor":10},{"not_picked":["Clothesline","Entrench"],"picked":"Body Slam","floor":13},{"not_picked":["Headbutt","Wild Strike"],"picked":"Carnage","floor":14},{"not_picked":["Limit Break","Exhume"],"picked":"Demon Form","floor":16},{"not_picked":["Clothesline","Pommel Strike"],"picked":"Body Slam+1","floor":18},{"not_picked":["Armaments","Disarm"],"picked":"Clothesline","floor":19},{"not_picked":["Anger","Pommel Strike+1"],"picked":"Disarm+1","floor":20},{"not_picked":["Power Through","Rupture"],"picked":"Carnage+1","floor":22},{"not_picked":["Spot Weakness","Pommel Strike"],"picked":"Clash+1","floor":23},{"not_picked":["Anger","Perfected Strike"],"picked":"Cleave+1","floor":24}],"player_experience":73454,"relics_obtained":[{"floor":7,"key":"Orichalcum"},{"floor":9,"key":"Tiny Chest"},{"floor":21,"key":"Pantograph"},{"floor":22,"key":"Red Mask"},{"floor":23,"key":"Girya"},{"floor":23,"key":"Sundial"},{"floor":26,"key":"Blood Vial"}],"event_choices":[{"damage_healed":0,"gold_gain":0,"player_choice":"Entered Light","damage_taken":16,"max_hp_gain":0,"max_hp_loss":0,"event_name":"Shining Light","floor":2,"gold_loss":0,"cards_upgraded":["Strike_R","Defend_R"]},{"cards_removed":["Defend_R"],"damage_healed":0,"gold_gain":0,"player_choice":"Took Card","damage_taken":0,"max_hp_gain":0,"max_hp_loss":0,"event_name":"NoteForYourself","floor":4,"gold_loss":0,"cards_obtained":["Doubt"]},{"damage_healed":0,"gold_gain":0,"player_choice":"Fought Bandits","damage_taken":0,"max_hp_gain":0,"max_hp_loss":0,"event_name":"Masked Bandits","floor":22,"gold_loss":0},{"damage_healed":0,"gold_gain":0,"player_choice":"Fight","damage_taken":0,"max_hp_gain":0,"max_hp_loss":0,"event_name":"Colosseum","floor":23,"gold_loss":0},{"damage_healed":0,"gold_gain":0,"player_choice":"Fought Nobs","damage_taken":0,"max_hp_gain":0,"max_hp_loss":0,"event_name":"Colosseum","floor":23,"gold_loss":0}],"is_beta":false,"boss_relics":[{"not_picked":["Snecko Eye","Sozu"],"picked":"Runic Cube"}],"items_purged_floors":[12],"is_endless":false,"potions_floor_spawned":[1,5,13,14,23,23],"killed_by":"Book of Stabbing","ascension_level":0}