{"gold_per_floor":[128,140,166,199,161,173,185,213,225,237,45,45,45,59,59,188,188,211,211,224,234,184,184,214,229,252,252,263,263],"floor_reached":29,"playtime":1207,"items_purged":[],"score":329,"play_id":"5f8ad8fe-6bf5-41f7-ac80-cc188327858e","local_time":"20181103234343","is_ascension_mode":true,"campfire_choices":[{"data":"True Grit","floor":7,"key":"SMITH"},{"data":"Bash","floor":10,"key":"SMITH"},{"data":"Headbutt","floor":12,"key":"SMITH"},{"data":"Dropkick","floor":15,"key":"SMITH"},{"data":"Armaments","floor":23,"key":"SMITH"}],"neow_cost":"NONE","seed_source_timestamp":2679854197176692,"circlet_count":0,"master_deck":["Strike_R","Strike_R","Strike_R","Strike_R","Defend_R","Defend_R","Defend_R","Defend_R","Bash+1","Thunderclap","True Grit+1","Dropkick+1","Battle Trance","Headbutt+1","Berserk","Armaments+1","Dual Wield","Flame Barrier+1","Shrug It Off","Dual Wield","Writhe","Uppercut"],"relics":["Burning Blood","MawBank","Bloody Idol","Mummified Hand","Sundial","Vajra","Sozu","Paper Frog","Smiling Mask","Bag of Marbles"],"potions_floor_usage":[16,21,24],"damage_taken":[{"damage":4,"enemies":"Small Slimes","floor":1,"turns":4},{"damage":0,"enemies":"2 Louse","floor":3,"turns":3},{"damage":4,"enemies":"Jaw Worm","floor":4,"turns":5},{"damage":9,"enemies":"Exordium Thugs","floor":8,"turns":12},{"damage":7,"enemies":"3 Louse","floor":14,"turns":4},{"damage":13,"enemies":"Slime Boss","floor":16,"turns":7},{"damage":20,"enemies":"2 Thieves","floor":18,"turns":4},{"damage":10,"enemies":"Shell Parasite","floor":20,"turns":4},{"damage":10,"enemies":"3 Cultists","floor":21,"turns":6},{"damage":38,"enemies":"Slavers","floor":24,"turns":6},{"damage":13,"enemies":"Centurion and Healer","floor":25,"turns":5},{"damage":9,"enemies":"Snake Plant","floor":28,"turns":3},{"damage":37,"enemies":"Gremlin Leader","floor":29,"turns":6}],"seed_played":"-4885007887904007784","potions_obtained":[{"floor":3,"key":"Swift Potion"},{"floor":14,"key":"AttackPotion"},{"floor":16,"key":"GamblersBrew"}],"is_trial":false,"path_per_floor":["M","?","M","M","?","?","R","M","T","R","$","R","$","M","R","B",null,"M","?","M","M","?","R","E","M","T","?","M","E"],"character_chosen":"IRONCLAD","items_purchased":["Vajra","Headbutt"],"campfire_rested":0,"item_purchase_floors":[11,11],"current_hp_per_floor":[74,54,60,62,62,44,44,41,41,41,41,41,41,40,40,33,68,54,54,55,56,56,56,29,27,32,32,34,0],"gold":263,"neow_bonus":"RANDOM_COMMON_RELIC","is_prod":false,"is_daily":false,"chose_seed":false,"campfire_upgraded":5,"win_rate":0,"timestamp":1541310223,"path_taken":["M","?","M","M","?","?","R","M","T","R","$","R","?","M","R","BOSS","M","?","M","M","?","R","E","?","T","?","M","E"],"build_version":"2018-11-01","purchased_purges":0,"victory":false,"max_hp_per_floor":[80,80,80,80,80,80,80,80,80,80,80,80,80,80,80,80,80,80,80,80,80,80,80,80,80,80,80,80,80],"card_choices":[{"not_picked":["True Grit","Pommel Strike"],"picked":"Thunderclap","floor":1},{"not_picked":["Burning Pact","Feel No Pain"],"picked":"True Grit","floor":3},{"not_picked":["Shrug It Off","Wild Strike"],"picked":"Dropkick","floor":4},{"not_picked":["Pommel Strike","Sword Boomerang"],"picked":"Battle Trance","floor":8},{"not_picked":["Searing Blow","Iron Wave","Havoc"],"picked":"SKIP","floor":14},{"not_picked":["Brutality","Fiend Fire"],"picked":"Berserk","floor":16},{"not_picked":["Perfected Strike","Ghostly Armor"],"picked":"Armaments","floor":18},{"not_picked":["Corruption","Twin Strike"],"picked":"Dual Wield","floor":20},{"not_picked":["Anger","Ghostly Armor"],"picked":"Flame Barrier+1","floor":21},{"not_picked":["Anger","Perfected Strike"],"picked":"Shrug It Off","floor":24},{"not_picked":["Wild Strike","Headbutt"],"picked":"Dual Wield","floor":25},{"not_picked":["Second Wind","Headbutt+1"],"picked":"Uppercut","floor":28}],"player_experience":539614,"relics_obtained":[{"floor":9,"key":"Sundial"},{"floor":24,"key":"Paper Frog"},{"floor":26,"key":"Smiling Mask"}],"event_choices":[{"damage_healed":0,"gold_gain":0,"player_choice":"Take Damage","damage_taken":20,"relics_obtained":["Golden Idol"],"max_hp_gain":0,"max_hp_loss":0,"event_name":"Golden Idol","floor":2,"gold_loss":0},{"cards_removed":["Strike_R"],"damage_healed":0,"gold_gain":0,"player_choice":"Card Removal","damage_taken":0,"max_hp_gain":0,"max_hp_loss":0,"event_name":"The Cleric","floor":5,"gold_loss":50},{"damage_healed":0,"gold_gain":0,"player_choice":"Success","damage_taken":18,"relics_obtained":["Mummified Hand"],"max_hp_gain":0,"max_hp_loss":0,"event_name":"Scrap Ooze","floor":6,"gold_loss":0},{"damage_healed":0,"gold_gain":0,"player_choice":"Gave Idol","damage_taken":0,"relics_obtained":["Bloody Idol"],"max_hp_gain":0,"max_hp_loss":0,"event_name":"Forgotten Altar","floor":19,"relics_lost":["Golden Idol"],"gold_loss":0},{"damage_healed":0,"gold_gain":0,"player_choice":"Bet on Owner","damage_taken":0,"max_hp_gain":0,"max_hp_loss":0,"event_name":"The Joust","floor":22,"gold_loss":50},{"damage_healed":0,"gold_gain":0,"player_choice":"Opened","damage_taken":0,"relics_obtained":["Bag of Marbles"],"max_hp_gain":0,"max_hp_loss":0,"event_name":"The Mausoleum","floor":27,"gold_loss":0,"cards_obtained":["Writhe"]}],"is_beta":false,"boss_relics":[{"not_picked":["Orrery","Eternal Feather"],"picked":"Sozu"}],"items_purged_floors":[],"is_endless":false,"potions_floor_spawned":[3,14,16,20,21],"killed_by":"Gremlin Leader","ascension_level":8}