{"gold_per_floor":[115,115,65,26,38,38,51,51,51,51,65,82,82],"floor_reached":13,"playtime":429,"items_purged":[],"score":75,"play_id":"5325ede3-fb67-4e9b-a39a-2ad8bb7150ad","local_time":"20180807004832","is_ascension_mode":false,"campfire_choices":[{"data":"Defragment","floor":6,"key":"SMITH"},{"data":"Rebound","floor":10,"key":"SMITH"}],"neow_cost":"NONE","seed_source_timestamp":1988576297733219,"circlet_count":0,"master_deck":["Strike_B","Strike_B","Defend_B","Defend_B","Defend_B","Defend_B","Zap","Dualcast","Rebound+1","Defragment+1","Leap","Fusion","White Noise","Defragment"],"relics":["Snecko Eye"],"potions_floor_usage":[12],"damage_taken":[{"damage":8,"enemies":"Small Slimes","floor":1,"turns":3},{"damage":1,"enemies":"Jaw Worm","floor":5,"turns":2},{"damage":12,"enemies":"2 Louse","floor":7,"turns":2},{"damage":7,"enemies":"2 Fungi Beasts","floor":11,"turns":3},{"damage":28,"enemies":"Exordium Wildlife","floor":12,"turns":6},{"damage":20,"enemies":"Exordium Thugs","floor":13,"turns":5}],"seed_played":"8573570422743817885","potions_obtained":[{"floor":5,"key":"SkillPotion"},{"floor":7,"key":"Ancient Potion"}],"is_trial":false,"path_per_floor":["M","?","?","$","M","R","M","?","T","R","M","M"],"character_chosen":"DEFECT","items_purchased":["Defragment"],"campfire_rested":0,"item_purchase_floors":[4],"current_hp_per_floor":[67,67,67,67,66,66,54,54,54,54,47,19,0],"gold":82,"neow_bonus":"BOSS_RELIC","is_prod":false,"is_daily":false,"chose_seed":false,"campfire_upgraded":2,"win_rate":0,"timestamp":1533624512,"path_taken":["M","?","?","?","?","R","M","?","T","R","?","M","M"],"build_version":"2018-08-02","purchased_purges":0,"victory":false,"max_hp_per_floor":[75,75,75,75,75,75,75,75,75,75,75,75,75],"card_choices":[{"not_picked":["Turbo","Sweeping Beam"],"picked":"Rebound","floor":1},{"not_picked":["Compile Driver","Beam Cell"],"picked":"Leap","floor":5},{"not_picked":["Barrage","Coolheaded"],"picked":"Fusion","floor":7},{"not_picked":["Go for the Eyes","Chill"],"picked":"White Noise","floor":11},{"not_picked":["Heatsinks","Redo"],"picked":"Defragment","floor":12}],"player_experience":349950,"relics_obtained":[],"event_choices":[{"event_name":"Liars Game","player_choice":"disagreed","floor":2,"damage_taken":0},{"event_name":"The Cleric","player_choice":"Card Removal","floor":3,"damage_taken":0},{"event_name":"Purifier","player_choice":"One Purge","floor":8,"damage_taken":0}],"is_beta":false,"boss_relics":[],"items_purged_floors":[],"is_endless":false,"potions_floor_spawned":[5,7],"killed_by":"Exordium Thugs","ascension_level":0}