{"gold_per_floor":[114,132,207,224,235,251,251,261,261,261,18,57,77,100,100,100],"floor_reached":16,"playtime":1096,"items_purged":[],"score":106,"play_id":"98a59614-7fa5-47cc-a681-b6a18d373194","local_time":"20180703130430","is_ascension_mode":false,"campfire_choices":[{"data":"Crippling Poison","floor":7,"key":"SMITH"},{"floor":15,"key":"REST"}],"neow_cost":"","seed_source_timestamp":153347124542277,"circlet_count":0,"master_deck":["Defend_G","Defend_G","Defend_G","Defend_G","Defend_G","Strike_G","Strike_G","Strike_G","Strike_G","Strike_G","Survivor","Neutralize","Underhanded Strike","Blade Dance","Escape Plan","Crippling Poison+1","Outmaneuver","Reflex","Unload","Dash","Outmaneuver"],"relics":["Ring of the Snake","Matryoshka","Golden Idol","Bottled Flame","Ancient Tea Set"],"potions_floor_usage":[8,12,12,16],"damage_taken":[{"damage":0,"enemies":"Jaw Worm","floor":1,"turns":6},{"damage":0,"enemies":"Small Slimes","floor":2,"turns":3},{"damage":0,"enemies":"2 Louse","floor":4,"turns":3},{"damage":0,"enemies":"2 Fungi Beasts","floor":5,"turns":4},{"damage":3,"enemies":"Blue Slaver","floor":6,"turns":3},{"damage":7,"enemies":"Large Slime","floor":8,"turns":8},{"damage":3,"enemies":"Gremlin Nob","floor":12,"turns":5},{"damage":2,"enemies":"3 Louse","floor":13,"turns":4},{"damage":13,"enemies":"Blue Slaver","floor":14,"turns":4},{"damage":35,"enemies":"The Guardian","floor":16,"turns":13}],"seed_played":"4346496807907978187","potions_obtained":[{"floor":4,"key":"Explosive Potion"},{"floor":5,"key":"GhostInAJar"},{"floor":8,"key":"GhostInAJar"},{"floor":13,"key":"GhostInAJar"}],"is_trial":false,"path_per_floor":["M","M","?","M","M","M","R","M","T","?","$","E","M","M","R"],"character_chosen":"THE_SILENT","items_purchased":["Bottled Flame"],"campfire_rested":1,"item_purchase_floors":[11],"current_hp_per_floor":[70,70,59,59,59,56,56,49,49,32,32,29,27,14,35,0],"gold":100,"neow_bonus":"","is_prod":false,"is_daily":false,"chose_seed":false,"campfire_upgraded":1,"win_rate":0.0,"timestamp":1530644670,"path_taken":["M","M","?","M","M","M","R","M","T","?","$","E","M","M","R","BOSS"],"build_version":"2018-06-28","purchased_purges":0,"victory":false,"max_hp_per_floor":[70,70,70,70,70,70,70,70,70,70,70,70,70,70,70,70],"card_choices":[{"not_picked":["PiercingWail","Backflip"],"picked":"Underhanded Strike","floor":1},{"not_picked":["Dodge and Roll","Backflip"],"picked":"Blade Dance","floor":2},{"not_picked":["Malaise","Deadly Poison"],"picked":"Escape Plan","floor":4},{"not_picked":["PiercingWail","Dash"],"picked":"Crippling Poison","floor":5},{"not_picked":["Flechettes","Dagger Throw"],"picked":"Outmaneuver","floor":6},{"not_picked":["Slice","Acrobatics"],"picked":"Reflex","floor":8},{"not_picked":["Blade Dance","Deadly Poison"],"picked":"Unload","floor":12},{"not_picked":["Flying Knee","Blur"],"picked":"Dash","floor":13},{"not_picked":["Choke","Dodge and Roll"],"picked":"Outmaneuver","floor":14}],"player_experience":133990,"relics_obtained":[{"floor":9,"key":"Matryoshka"},{"floor":12,"key":"Ancient Tea Set"}],"event_choices":[{"event_name":"World of Goop","player_choice":"Gather Gold","floor":3,"damage_taken":0},{"event_name":"Golden Idol","player_choice":"Take Damage","floor":10,"damage_taken":0}],"boss_relics":[],"items_purged_floors":[],"is_endless":false,"potions_floor_spawned":[4,5,8,13],"killed_by":"The Guardian","ascension_level":0}