{"gold_per_floor":[117,117,117,117,36,36,50,63,63,81,101,101,116,189,201,334,346,372,407,518,553,588,600,626,638,673,698,710,722,734,746,758,872,884,915,927,939,951,479,479,479,479,561,586,599,628,647,663,663,663,663,663,94,120,120],"floor_reached":55,"playtime":2057,"items_purged":["Writhe"],"score":742,"play_id":"93ca9173-22b3-4e2b-9406-592c22077a4a","local_time":"20190315221336","is_ascension_mode":false,"campfire_choices":[{"data":"Zap","floor":6,"key":"SMITH"},{"data":"Defragment","floor":12,"key":"SMITH"},{"floor":15,"key":"REST"},{"floor":23,"key":"REST"},{"floor":25,"key":"REST"},{"data":"Echo Form","floor":32,"key":"SMITH"},{"floor":40,"key":"RECALL"},{"data":"Ghostly","floor":42,"key":"SMITH"},{"floor":49,"key":"REST"},{"data":"Ghostly","floor":52,"key":"SMITH"}],"neow_cost":"NONE","seed_source_timestamp":76944938802276,"circlet_count":0,"master_deck":["Defend_B","Defend_B","Defend_B","Zap+1","Dualcast","Cold Snap","Defragment+1","Static Discharge","Conserve Battery","Capacitor","Conserve Battery","Electrodynamics","Machine Learning+1","Loop+1","BootSequence+1","Redo+1","Barrage","Ball Lightning","Glacier","Consume+1","Echo Form+1","Ghostly+1","Ghostly+1","Ghostly","Ghostly","Ghostly","Creative AI","Steam","Blind","Barrage","Leap","Capacitor","Auto Shields"],"relics":["Cracked Core","NeowsBlessing","Bloody Idol","Pear","Blue Candle","MawBank","Astrolabe","Strawberry","Juzu Bracelet","Inserter","Cables","Bag of Preparation","Emotion Chip","Oddly Smooth Stone","Kunai","Unceasing Top","Boot"],"potions_floor_usage":[11,44,47,55],"damage_taken":[{"damage":0,"enemies":"2 Louse","floor":1,"turns":1},{"damage":0,"enemies":"Small Slimes","floor":7,"turns":1},{"damage":0,"enemies":"Cultist","floor":8,"turns":1},{"damage":5,"enemies":"2 Fungi Beasts","floor":10,"turns":4},{"damage":5,"enemies":"3 Louse","floor":11,"turns":2},{"damage":2,"enemies":"Blue Slaver","floor":13,"turns":3},{"damage":32,"enemies":"Gremlin Nob","floor":14,"turns":6},{"damage":28,"enemies":"The Guardian","floor":16,"turns":12},{"damage":4,"enemies":"3 Byrds","floor":18,"turns":3},{"damage":22,"enemies":"2 Thieves","floor":19,"turns":3},{"damage":15,"enemies":"Snake Plant","floor":21,"turns":4},{"damage":21,"enemies":"Snecko","floor":22,"turns":5},{"damage":9,"enemies":"Centurion and Healer","floor":24,"turns":4},{"damage":19,"enemies":"Snake Plant","floor":27,"turns":3},{"damage":46,"enemies":"Automaton","floor":33,"turns":12},{"damage":23,"enemies":"3 Shapes","floor":35,"turns":4},{"damage":12,"enemies":"Nemesis","floor":44,"turns":9},{"damage":1,"enemies":"Orb Walker","floor":45,"turns":4},{"damage":10,"enemies":"Giant Head","floor":46,"turns":9},{"damage":9,"enemies":"Sphere and 2 Shapes","floor":47,"turns":6},{"damage":0,"enemies":"4 Shapes","floor":48,"turns":5},{"damage":30,"enemies":"Awakened One","floor":50,"turns":13},{"damage":4,"enemies":"Shield and Spear","floor":54,"turns":6},{"damage":43,"enemies":"The Heart","floor":55,"turns":6}],"seed_played":"5516052000070163063","potions_obtained":[{"floor":7,"key":"SteroidPotion"},{"floor":8,"key":"Explosive Potion"},{"floor":10,"key":"FairyPotion"},{"floor":13,"key":"LiquidBronze"},{"floor":45,"key":"Explosive Potion"},{"floor":46,"key":"FocusPotion"},{"floor":48,"key":"GamblersBrew"}],"is_trial":false,"path_per_floor":["?","?","?","M","?","?","?","?","?","?","?","?","?","$","?"],"character_chosen":"DEFECT","items_purchased":["Defragment","Cables","Bag of Preparation","Kunai","Unceasing Top"],"campfire_rested":4,"item_purchase_floors":[5,39,39,53,53],"current_hp_per_floor":[75,69,72,72,72,72,72,72,72,67,62,62,60,28,51,23,79,75,53,53,38,17,40,31,54,61,42,42,75,43,43,43,9,43,25,30,35,40,43,43,43,43,43,36,40,35,31,36,43,13,43,43,43,43,0],"gold":120,"neow_bonus":"THREE_ENEMY_KILL","is_prod":false,"is_daily":false,"chose_seed":false,"campfire_upgraded":5,"win_rate":0,"timestamp":1552684416,"path_taken":["M","?","?","?","$","R","?","M","T","M","M","R","M","?","R","BOSS","M","M","?","M","M","R","M","R","T","M","?","?","?","?","R","BOSS","M","?","?","?","?","R","?","R","T","E","M","E","M","M","R","BOSS","R","$","E","BOSS"],"build_version":"2019-01-23","purchased_purges":1,"victory":false,"max_hp_per_floor":[75,69,79,79,79,79,79,79,79,79,79,79,79,79,79,79,79,79,79,79,79,79,79,79,79,86,86,86,86,43,43,43,43,43,43,43,43,43,43,43,43,43,43,43,43,43,43,43,43,43,43,43,43,43,43],"card_choices":[{"not_picked":["Go for the Eyes","Sweeping Beam"],"picked":"Cold Snap","floor":1},{"not_picked":["Reprogram","Recycle","Coolheaded"],"picked":"SKIP","floor":7},{"not_picked":["Turbo","Stack"],"picked":"Static Discharge","floor":8},{"not_picked":["Steam Power","Recycle"],"picked":"Conserve Battery","floor":10},{"not_picked":["Ball Lightning","Cold Snap"],"picked":"Capacitor","floor":11},{"not_picked":["Barrage","Steam"],"picked":"Conserve Battery","floor":13},{"not_picked":["Amplify","Machine Learning"],"picked":"Electrodynamics","floor":16},{"not_picked":["Rebound","Heatsinks"],"picked":"Redo+1","floor":18},{"not_picked":["Heatsinks","Melter"],"picked":"Barrage","floor":19},{"not_picked":["Fusion+1","Hologram+1"],"picked":"Ball Lightning","floor":21},{"not_picked":["Steam","Ball Lightning+1"],"picked":"Glacier","floor":22},{"not_picked":["Hologram","Sweeping Beam+1"],"picked":"Consume+1","floor":24},{"not_picked":["Double Energy","Conserve Battery"],"picked":"Echo Form","floor":27},{"not_picked":["Reboot","Echo Form"],"picked":"Creative AI","floor":33},{"not_picked":["Beam Cell","Barrage"],"picked":"Steam","floor":35},{"not_picked":["Enlightenment","Sadistic Nature"],"picked":"Blind","floor":38},{"not_picked":["Rebound","Cold Snap"],"picked":"Barrage","floor":44},{"not_picked":["Streamline+1","Sunder+1"],"picked":"Leap","floor":45},{"not_picked":["Steam Power+1","Scrape"],"picked":"Capacitor","floor":46},{"not_picked":["Sweeping Beam+1","Compile Driver+1"],"picked":"Auto Shields","floor":47},{"not_picked":["Self Repair","Turbo","Core Surge"],"picked":"SKIP","floor":48},{"not_picked":["Reprogram","Heatsinks","Stack"],"picked":"SKIP","floor":54}],"player_experience":330951,"relics_obtained":[{"floor":9,"key":"Blue Candle"},{"floor":14,"key":"MawBank"},{"floor":26,"key":"Strawberry"},{"floor":44,"key":"Emotion Chip"},{"floor":46,"key":"Oddly Smooth Stone"},{"floor":54,"key":"Boot"}],"event_choices":[{"damage_healed":0,"gold_gain":0,"player_choice":"Lose Max HP","damage_taken":0,"relics_obtained":["Golden Idol"],"max_hp_gain":0,"max_hp_loss":6,"event_name":"Golden Idol","floor":2,"gold_loss":0},{"damage_healed":0,"gold_gain":0,"player_choice":"Success","damage_taken":7,"relics_obtained":["Pear"],"max_hp_gain":0,"max_hp_loss":0,"event_name":"Scrap Ooze","floor":3,"gold_loss":0},{"cards_removed":["Strike_B"],"damage_healed":0,"gold_gain":0,"player_choice":"Purged","damage_taken":0,"max_hp_gain":0,"max_hp_loss":0,"event_name":"Purifier","floor":4,"gold_loss":0},{"damage_healed":0,"gold_gain":0,"player_choice":"Searched \u00271\u0027 times","damage_taken":0,"max_hp_gain":0,"max_hp_loss":0,"event_name":"Dead Adventurer","floor":14,"gold_loss":0},{"damage_healed":0,"gold_gain":99,"player_choice":"Stole From Cult","damage_taken":0,"max_hp_gain":0,"max_hp_loss":0,"event_name":"Nest","floor":20,"gold_loss":0},{"damage_healed":0,"gold_gain":0,"player_choice":"Gave Idol","damage_taken":0,"relics_obtained":["Bloody Idol"],"max_hp_gain":0,"max_hp_loss":0,"event_name":"Forgotten Altar","floor":28,"relics_lost":["Golden Idol"],"gold_loss":0},{"damage_healed":28,"gold_gain":0,"player_choice":"Heal","damage_taken":0,"max_hp_gain":0,"max_hp_loss":0,"event_name":"The Library","floor":29,"gold_loss":0},{"damage_healed":0,"gold_gain":0,"player_choice":"Became a Ghost","damage_taken":0,"max_hp_gain":0,"max_hp_loss":43,"event_name":"Ghosts","floor":30,"gold_loss":0,"cards_obtained":["Ghostly","Ghostly","Ghostly","Ghostly","Ghostly"]},{"damage_healed":0,"gold_gain":0,"player_choice":"Opened","damage_taken":0,"relics_obtained":["Juzu Bracelet"],"max_hp_gain":0,"max_hp_loss":0,"event_name":"The Mausoleum","floor":31,"gold_loss":0,"cards_obtained":["Writhe"]},{"damage_healed":0,"gold_gain":0,"player_choice":"Ignored","damage_taken":0,"max_hp_gain":0,"max_hp_loss":0,"event_name":"Mysterious Sphere","floor":36,"gold_loss":0},{"damage_healed":0,"gold_gain":0,"player_choice":"Ignored","damage_taken":0,"max_hp_gain":0,"max_hp_loss":0,"event_name":"Tomb of Lord Red Mask","floor":37,"gold_loss":0},{"damage_healed":0,"gold_gain":0,"player_choice":"Memory 1","damage_taken":0,"max_hp_gain":0,"max_hp_loss":0,"event_name":"SensoryStone","floor":38,"gold_loss":0},{"cards_removed":["Defend_B"],"damage_healed":0,"gold_gain":0,"player_choice":"Purged","damage_taken":0,"max_hp_gain":0,"max_hp_loss":0,"event_name":"Purifier","floor":41,"gold_loss":0}],"is_beta":false,"boss_relics":[{"not_picked":["White Beast Statue","Ectoplasm"],"picked":"Astrolabe"},{"not_picked":["Snecko Eye","Calling Bell"],"picked":"Inserter"}],"items_purged_floors":[39],"is_endless":false,"potions_floor_spawned":[7,8,10,13,14,21,22,24,45,46,48],"killed_by":"The Heart","ascension_level":0}