{"gold_per_floor":[119,131,131,131,144,170,170,182,182,182,198,218,218,31,31,128,178,198,209,238,238,258,258,287,287,287,54,65,76,101,117,117,214,214,225,239,239,293,293],"floor_reached":39,"playtime":3750,"items_purged":["Regret"],"score":473,"play_id":"3ea25cab-1a1d-4517-9c7f-c4d4718164d6","local_time":"20190128151215","is_ascension_mode":false,"campfire_choices":[{"floor":10.0,"key":"REST"},{"floor":15.0,"key":"REST"},{"floor":23.0,"key":"REST"},{"floor":25.0,"key":"REST"},{"floor":32.0,"key":"REST"}],"neow_cost":"NONE","seed_source_timestamp":0,"circlet_count":0,"master_deck":["Strike_B+1","Strike_B+1","Strike_B","Strike_B","Defend_B+1","Defend_B+1","Defend_B+1","Zap","Dualcast","Barrage","Doom and Gloom","Stack","Conserve Battery","Leap","Gash","Sweeping Beam","Consume","Enlightenment","Streamline","Electrodynamics","Cold Snap","Go for the Eyes","Streamline","Redo","Thunder Strike","FTL","Self Repair","Beam Cell+1","Barrage","Aggregate","Ball Lightning","All For One","Redo+1","Steam","Writhe","Genetic Algorithm+1"],"special_seed":0,"relics":["Cracked Core","Letter Opener","Mango","War Paint","Bottled Lightning","Tiny House","Red Mask","Bottled Tornado","Sundial","Regal Pillow","Vajra","Inserter","Girya"],"potions_floor_usage":[],"damage_taken":[{"damage":6.0,"enemies":"Jaw Worm","floor":1.0,"turns":4.0},{"damage":0.0,"enemies":"Small Slimes","floor":2.0,"turns":2.0},{"damage":1.0,"enemies":"Cultist","floor":5.0,"turns":3.0},{"damage":49.0,"enemies":"Lagavulin","floor":6.0,"turns":6.0},{"damage":6.0,"enemies":"3 Louse","floor":8.0,"turns":2.0},{"damage":4.0,"enemies":"Blue Slaver","floor":11.0,"turns":3.0},{"damage":1.0,"enemies":"2 Fungi Beasts","floor":12.0,"turns":3.0},{"damage":54.0,"enemies":"Slime Boss","floor":16.0,"turns":12.0},{"damage":1.0,"enemies":"Chosen","floor":18.0,"turns":4.0},{"damage":20.0,"enemies":"2 Thieves","floor":19.0,"turns":3.0},{"damage":17.0,"enemies":"Masked Bandits","floor":20.0,"turns":4.0},{"damage":23.0,"enemies":"Snake Plant","floor":22.0,"turns":5.0},{"damage":24.0,"enemies":"Gremlin Leader","floor":24.0,"turns":6.0},{"damage":18.0,"enemies":"3 Cultists","floor":28.0,"turns":3.0},{"damage":6.0,"enemies":"Cultist and Chosen","floor":29.0,"turns":4.0},{"damage":49.0,"enemies":"Book of Stabbing","floor":30.0,"turns":6.0},{"damage":15.0,"enemies":"Snake Plant","floor":31.0,"turns":3.0},{"damage":70.0,"enemies":"Collector","floor":33.0,"turns":8.0},{"damage":37.0,"enemies":"3 Shapes","floor":35.0,"turns":4.0},{"damage":18.0,"enemies":"Orb Walker","floor":36.0,"turns":3.0},{"damage":62.0,"enemies":"2 Orb Walkers","floor":38.0,"turns":4.0},{"damage":17,"enemies":"Transient","floor":39,"turns":3}],"seed_played":"-5174769198297477809","potions_obtained":[{"floor":1.0,"key":"SkillPotion"},{"floor":11.0,"key":"Energy Potion"},{"floor":12.0,"key":"FairyPotion"},{"floor":17.0,"key":"Ancient Potion"},{"floor":24.0,"key":"LiquidBronze"},{"floor":28.0,"key":"Fire Potion"},{"floor":31.0,"key":"Swift Potion"},{"floor":38,"key":"Dexterity Potion"}],"is_trial":false,"path_per_floor":["?","?","T","M","?","?","?","M","?","?"],"character_chosen":"DEFECT","items_purchased":["Enlightenment","Streamline","Self Repair","Regal Pillow"],"campfire_rested":5,"item_purchase_floors":[14,14,27,27],"current_hp_per_floor":[76,76,76,60,59,24,24,18,18,46,42,41,41,41,69,15,101,100,80,63,63,40,70,46,76,76,76,65,66,24,16,61,17,101,71,53,78,16,0],"gold":293,"neow_bonus":"TEN_PERCENT_HP_BONUS","is_prod":false,"is_daily":false,"chose_seed":false,"campfire_upgraded":0,"win_rate":0.0,"timestamp":1548684735,"path_taken":["M","M","?","?","M","E","?","M","T","R","?","M","?","$","R","BOSS","M","M","?","?","M","R","E","R","T","$","M","M","E","M","R","BOSS","M","?","?","?","M"],"build_version":"2019-01-23","purchased_purges":1,"victory":false,"max_hp_per_floor":[82,82,82,82,82,96,96,96,96,96,96,96,96,96,96,96,101,101,101,101,101,101,101,101,101,101,101,101,101,101,101,101,101,101,101,101,101,101,101],"card_choices":[{"not_picked":["Steam Power","Loop"],"picked":"Barrage","floor":1.0},{"not_picked":["Beam Cell","Conserve Battery"],"picked":"Doom and Gloom","floor":2.0},{"not_picked":["Cold Snap","Sweeping Beam"],"picked":"Stack","floor":5.0},{"not_picked":["Leap","Double Energy"],"picked":"Conserve Battery","floor":6.0},{"not_picked":["Genetic Algorithm","All For One"],"picked":"Leap","floor":8.0},{"not_picked":["Stack","Genetic Algorithm"],"picked":"Gash","floor":11.0},{"not_picked":["Redo","Go for the Eyes"],"picked":"Sweeping Beam","floor":12.0},{"not_picked":["Buffer","Amplify"],"picked":"Electrodynamics","floor":16.0},{"not_picked":["Leap","Ball Lightning"],"picked":"Cold Snap","floor":17.0},{"not_picked":["Heatsinks","Barrage"],"picked":"Go for the Eyes","floor":18.0},{"not_picked":["Beam Cell","Cold Snap"],"picked":"Streamline","floor":19.0},{"not_picked":["Cold Snap","Sweeping Beam"],"picked":"Redo","floor":20.0},{"not_picked":["Steam","Blizzard"],"picked":"Thunder Strike","floor":22.0},{"not_picked":["Cold Snap","Conserve Battery"],"picked":"FTL","floor":24.0},{"not_picked":["Stack","Consume"],"picked":"Beam Cell+1","floor":28.0},{"not_picked":["Conserve Battery","Cold Snap"],"picked":"Barrage","floor":29.0},{"not_picked":["Scrape","Sweeping Beam"],"picked":"Aggregate","floor":30.0},{"not_picked":["Stack+1","Redo"],"picked":"Ball Lightning","floor":31.0},{"not_picked":["Electrodynamics","Machine Learning"],"picked":"All For One","floor":33.0},{"not_picked":["Glacier+1","Stack"],"picked":"Redo+1","floor":35.0},{"not_picked":["Hologram","FTL+1"],"picked":"Steam","floor":36.0},{"not_picked":["Steam+1","Capacitor+1"],"picked":"Genetic Algorithm+1","floor":38}],"player_experience":6628,"relics_obtained":[{"floor":6.0,"key":"Mango"},{"floor":7.0,"key":"War Paint"},{"floor":9.0,"key":"Bottled Lightning"},{"floor":20.0,"key":"Red Mask"},{"floor":24.0,"key":"Bottled Tornado"},{"floor":26.0,"key":"Sundial"},{"floor":30.0,"key":"Vajra"},{"floor":38,"key":"Girya"}],"event_choices":[{"damage_healed":0.0,"max_hp_gain":0.0,"max_hp_loss":0.0,"gold_gain":0.0,"event_name":"Big Fish","player_choice":"Box","floor":3.0,"gold_loss":0.0,"damage_taken":0.0,"relics_obtained":["Letter Opener"],"cards_obtained":["Regret"]},{"damage_healed":0.0,"max_hp_gain":0.0,"max_hp_loss":0.0,"gold_gain":0.0,"event_name":"Shining Light","player_choice":"Entered Light","floor":4.0,"gold_loss":0.0,"damage_taken":16.0,"cards_upgraded":["Strike_B","Strike_B"]},{"damage_healed":0.0,"max_hp_gain":0.0,"max_hp_loss":0.0,"gold_gain":0.0,"cards_transformed":["Defend_B"],"event_name":"Living Wall","player_choice":"Change","floor":13.0,"gold_loss":0.0,"damage_taken":0.0,"cards_obtained":["Consume"]},{"damage_healed":0.0,"max_hp_gain":0.0,"max_hp_loss":0.0,"gold_gain":0.0,"event_name":"Masked Bandits","player_choice":"Fought Bandits","floor":20.0,"gold_loss":0.0,"damage_taken":0.0},{"damage_healed":0.0,"max_hp_gain":0.0,"max_hp_loss":0.0,"gold_gain":0.0,"event_name":"Purifier","player_choice":"Ignored","floor":21.0,"gold_loss":0.0,"damage_taken":0.0},{"damage_healed":25.0,"max_hp_gain":0.0,"max_hp_loss":0.0,"gold_gain":0.0,"event_name":"Winding Halls","player_choice":"Writhe","floor":37.0,"gold_loss":0.0,"damage_taken":0.0,"cards_obtained":["Writhe"]},{"damage_healed":0.0,"max_hp_gain":0.0,"max_hp_loss":0.0,"gold_gain":0.0,"event_name":"Mysterious Sphere","player_choice":"Fight","floor":38.0,"gold_loss":0.0,"damage_taken":0.0}],"is_beta":false,"boss_relics":[{"not_picked":["Astrolabe","Empty Cage"],"picked":"Tiny House"},{"not_picked":["Nuclear Battery","Eternal Feather"],"picked":"Inserter"}],"items_purged_floors":[14],"is_endless":false,"potions_floor_spawned":[1,11,12,19,24,28,31,38],"killed_by":"Transient","ascension_level":0}