{"gold_per_floor":[115,129,129,144,160,160,180,180,228,228,228,228,228,247,247,342,342,358,343,343,343,353,353,452,37,37,37,51,51,51,51,51,153,153,167,22,22,22,36,36,54,54,77,88,88,88,101,115,115,115],"floor_reached":50,"playtime":2265,"items_purged":["Strike_B"],"score":557,"play_id":"b6998377-9369-4da2-8380-4edef47ef2c8","local_time":"20180807012713","is_ascension_mode":false,"campfire_choices":[{"data":"Defragment","floor":6.0,"key":"SMITH"},{"data":"Zap","floor":8.0,"key":"SMITH"},{"data":"Buffer","floor":11.0,"key":"SMITH"},{"data":"Conserve Battery","floor":13.0,"key":"SMITH"},{"data":"Dualcast","floor":15.0,"key":"SMITH"},{"data":"Chaos","floor":23.0,"key":"SMITH"},{"data":"Apotheosis","floor":27.0,"key":"SMITH"},{"data":"Hologram","floor":32.0,"key":"SMITH"},{"data":"Self Repair","floor":40.0,"key":"SMITH"},{"data":"Fusion","floor":46,"key":"SMITH"},{"floor":49,"key":"REST"}],"neow_cost":"","seed_source_timestamp":1989021625851099,"circlet_count":0,"master_deck":["Strike_B","Strike_B","Strike_B+1","Defend_B+1","Defend_B","Defend_B","Zap+1","Dualcast+1","Double Energy","Capacitor","Defragment+1","Chill","Conserve Battery+1","Buffer+1","Coolheaded","Ball Lightning","Redo+1","Defragment+1","Chaos+1","Apotheosis+1","Self Repair+1","Bandage Up","Cold Snap","Hologram+1","Reboot","Go for the Eyes+1","Loop","Fusion+1","Defragment"],"special_seed":0,"relics":["Cracked Core"],"potions_floor_usage":[50,50,50],"damage_taken":[{"damage":1.0,"enemies":"Cultist","floor":1.0,"turns":3.0},{"damage":5.0,"enemies":"2 Louse","floor":2.0,"turns":2.0},{"damage":1.0,"enemies":"Jaw Worm","floor":4.0,"turns":3.0},{"damage":6.0,"enemies":"Gremlin Gang","floor":5.0,"turns":5.0},{"damage":1.0,"enemies":"Exordium Thugs","floor":7.0,"turns":4.0},{"damage":3.0,"enemies":"3 Louse","floor":14.0,"turns":5.0},{"damage":0.0,"enemies":"Slime Boss","floor":16.0,"turns":11.0},{"damage":11.0,"enemies":"Chosen","floor":18.0,"turns":7.0},{"damage":11.0,"enemies":"2 Thieves","floor":19.0,"turns":5.0},{"damage":8.0,"enemies":"Cultist and Chosen","floor":22.0,"turns":7.0},{"damage":23.0,"enemies":"Snake Plant","floor":28.0,"turns":5.0},{"damage":0.0,"enemies":"Champ","floor":33.0,"turns":12.0},{"damage":24.0,"enemies":"3 Darklings","floor":35.0,"turns":7.0},{"damage":8.0,"enemies":"Flame Bruiser 1 Orb","floor":39.0,"turns":7.0},{"damage":25.0,"enemies":"Sphere and 2 Shapes","floor":41.0,"turns":10.0},{"damage":0.0,"floor":42.0,"turns":10.0},{"damage":0,"enemies":"Maw","floor":44,"turns":8},{"damage":17,"enemies":"Flame Bruiser 2 Orb","floor":47,"turns":8},{"damage":66,"enemies":"Spire Growth","floor":48,"turns":6},{"damage":53,"enemies":"Time Eater","floor":50,"turns":12}],"seed_played":"-5589804583354552688","potions_obtained":[{"floor":4.0,"key":"Swift Potion"},{"floor":14.0,"key":"Strength Potion"},{"floor":19.0,"key":"Ancient Potion"},{"floor":33.0,"key":"AttackPotion"},{"floor":39.0,"key":"FearPotion"},{"floor":41.0,"key":"Ancient Potion"}],"is_trial":false,"path_per_floor":["M","M","?","M","M","R","M","R","T","?","R","?","R","M","R","B",null,"M","M","?","?","M","R","?","$","T","R","M","?","?","$","R","B",null,"M","$","?","?","M","R","M","$","T","M","?","R","M","M","R"],"character_chosen":"DEFECT","items_purchased":["Apotheosis","Self Repair","Bandage Up","Cold Snap","Loop"],"campfire_rested":1,"item_purchase_floors":[25,25,25,25,36],"current_hp_per_floor":[74,69,54,53,47,47,46,46,46,46,46,39,39,36,36,36,75,64,53,53,53,45,45,45,45,45,45,29,29,54,54,54,70,75,64,64,64,64,72,72,63,75,75,75,75,75,74,24,46,0],"gold":115,"neow_bonus":"","is_prod":false,"is_daily":false,"chose_seed":false,"campfire_upgraded":10,"win_rate":0,"timestamp":1533626833,"path_taken":["M","M","?","M","M","R","M","R","T","?","R","?","R","?","R","BOSS","M","M","?","?","?","R","?","$","T","R","M","?","?","$","R","BOSS","M","$","?","?","M","R","?","?","T","M","?","R","?","?","R","BOSS"],"build_version":"2018-08-02","purchased_purges":1,"victory":false,"max_hp_per_floor":[75,75,75,75,75,75,75,75,75,75,75,75,75,75,75,75,75,75,75,75,75,75,75,75,75,75,75,75,75,75,75,75,75,75,75,75,75,75,75,75,75,75,75,75,75,75,75,75,75,75],"card_choices":[{"not_picked":["Stack","Beam Cell"],"picked":"Double Energy","floor":1.0},{"not_picked":["Cold Snap","Gash"],"picked":"Capacitor","floor":2.0},{"not_picked":["Hologram","Cold Snap"],"picked":"Defragment","floor":4.0},{"not_picked":["Reinforced Body","Barrage"],"picked":"Chill","floor":5.0},{"not_picked":["Force Field","Streamline"],"picked":"Conserve Battery","floor":7.0},{"not_picked":["Force Field","Steam Power"],"picked":"Coolheaded","floor":14.0},{"not_picked":["Amplify","Thunder Strike"],"picked":"Machine Learning","floor":16.0},{"not_picked":["Heatsinks","Steam+1"],"picked":"Ball Lightning","floor":18.0},{"not_picked":["Coolheaded","Turbo+1"],"picked":"Redo+1","floor":19.0},{"not_picked":["Undo","Melter+1"],"picked":"Chaos","floor":22.0},{"not_picked":["Redo","Reprogram+1"],"picked":"Hologram","floor":28.0},{"not_picked":["Biased Cognition","Multi-Cast"],"picked":"Reboot","floor":33.0},{"not_picked":["Coolheaded","Static Discharge+1"],"picked":"Go for the Eyes+1","floor":35.0},{"not_picked":["Turbo+1","Compile Driver+1","Streamline"],"picked":"SKIP","floor":39.0},{"not_picked":["Blizzard+1","Steam Power","Double Energy"],"picked":"SKIP","floor":41.0},{"not_picked":["Heatsinks+1","Conserve Battery"],"picked":"Fusion","floor":44},{"not_picked":["Steam","Force Field+1","Stack"],"picked":"SKIP","floor":47},{"not_picked":["Steam Power+1","Ball Lightning"],"picked":"Defragment","floor":48}],"player_experience":350379,"relics_obtained":[],"event_choices":[{"event_name":"Shining Light","player_choice":"Entered Light","floor":3.0,"damage_taken":0.0},{"event_name":"Match and Keep!","player_choice":"1 cards matched","floor":10.0,"damage_taken":0.0},{"event_name":"Golden Wing","player_choice":"Card Removal","floor":12.0,"damage_taken":0.0},{"event_name":"Cursed Tome","player_choice":"Ignored","floor":20.0,"damage_taken":0.0},{"event_name":"Duplicator","player_choice":"One dupe","floor":21.0,"damage_taken":0.0},{"event_name":"Nest","player_choice":"Stole From Cult","floor":24.0,"damage_taken":0.0},{"event_name":"Beggar","player_choice":"Ignored","floor":29.0,"damage_taken":0.0},{"event_name":"The Library","player_choice":"Heal","floor":30.0,"damage_taken":0.0},{"event_name":"Falling","player_choice":"Removed Power","floor":37.0,"damage_taken":0.0},{"event_name":"Mysterious Sphere","player_choice":"Ignore","floor":38.0,"damage_taken":0.0},{"event_name":"MindBloom","player_choice":"Fight","floor":42.0,"damage_taken":0.0},{"event_name":"Tomb of Lord Red Mask","player_choice":"Ignored","floor":45,"damage_taken":0}],"is_beta":false,"boss_relics":[{"not_picked":["Empty Cage","Black Star","Runic Pyramid"]},{"not_picked":["Fusion Hammer","Inserter","Pandora\u0027s Box"]}],"items_purged_floors":[36],"is_endless":false,"potions_floor_spawned":[4,14,19,33,39,41,42],"killed_by":"Time Eater","ascension_level":0}