{"gold_per_floor":[118,135,155,105,171,199,374,374,398,411,439,439,439,459,459,459],"floor_reached":16,"playtime":955,"items_purged":[],"score":160,"play_id":"fe8e4123-45a9-4ed8-8d80-055c84584f92","local_time":"20181112121015","is_ascension_mode":true,"campfire_choices":[{"floor":12.0,"key":"REST"},{"data":"Well Laid Plans","floor":15.0,"key":"SMITH"}],"neow_cost":"NONE","seed_source_timestamp":62413982421790,"circlet_count":0,"master_deck":["Defend_G","Defend_G","Defend_G","Defend_G","Defend_G","Strike_G","Strike_G","Strike_G","Strike_G","Survivor","Neutralize","Escape Plan","Well Laid Plans+1","Choke","Dagger Throw","Acrobatics","Backflip","Regret"],"special_seed":0,"relics":["Ring of the Snake","Orichalcum","Lantern","Tingsha","Snake Skull"],"potions_floor_usage":[16,16],"damage_taken":[{"damage":0.0,"enemies":"Jaw Worm","floor":1.0,"turns":7.0},{"damage":2.0,"enemies":"2 Louse","floor":2.0,"turns":4.0},{"damage":0.0,"enemies":"Cultist","floor":3.0,"turns":4.0},{"damage":34.0,"enemies":"Lagavulin","floor":6.0,"turns":8.0},{"damage":2.0,"enemies":"Large Slime","floor":10.0,"turns":8.0},{"damage":15.0,"enemies":"3 Sentries","floor":11.0,"turns":11.0},{"damage":1.0,"enemies":"Exordium Thugs","floor":14.0,"turns":4.0},{"damage":45,"enemies":"Slime Boss","floor":16,"turns":10}],"seed_played":"-4755297248051920844","potions_obtained":[{"floor":3.0,"key":"EssenceOfSteel"},{"floor":6.0,"key":"Weak Potion"},{"floor":10.0,"key":"GhostInAJar"},{"floor":11.0,"key":"Dexterity Potion"}],"is_trial":false,"path_per_floor":["M","M","M","?","?","E","?","?","T","M","E","R","?","M","R","B"],"character_chosen":"THE_SILENT","items_purchased":[],"campfire_rested":1,"item_purchase_floors":[],"current_hp_per_floor":[70,68,68,68,68,34,34,34,34,32,17,40,40,39,39,0],"gold":459,"neow_bonus":"TEN_PERCENT_HP_BONUS","is_prod":false,"is_daily":false,"chose_seed":false,"campfire_upgraded":1,"win_rate":0,"timestamp":1542053415,"path_taken":["M","M","M","?","?","E","?","?","T","?","E","R","?","M","R","BOSS"],"build_version":"2018-11-08","purchased_purges":0,"victory":false,"max_hp_per_floor":[77,77,77,77,77,77,77,77,77,77,77,77,77,77,77,77],"card_choices":[{"not_picked":["Flying Knee","Concentrate"],"picked":"Escape Plan","floor":1.0},{"not_picked":["Quick Slash","Crippling Poison"],"picked":"Well Laid Plans","floor":2.0},{"not_picked":["Outmaneuver","Caltrops"],"picked":"Choke","floor":3.0},{"not_picked":["Flying Knee","Riddle With Holes"],"picked":"Dagger Throw","floor":6.0},{"not_picked":["Underhanded Strike","Concentrate"],"picked":"Acrobatics","floor":10.0},{"not_picked":["Flying Knee","Night Terror"],"picked":"Backflip","floor":11.0},{"not_picked":["Dodge and Roll","Reflex","Blade Dance"],"picked":"SKIP","floor":14.0}],"player_experience":559408,"relics_obtained":[{"floor":6.0,"key":"Orichalcum"},{"floor":9.0,"key":"Lantern"},{"floor":11.0,"key":"Tingsha"}],"event_choices":[{"cards_removed":["Strike_G"],"damage_healed":0.0,"max_hp_gain":0.0,"max_hp_loss":0.0,"gold_gain":0.0,"event_name":"The Cleric","player_choice":"Card Removal","floor":4.0,"gold_loss":50.0,"damage_taken":0.0},{"damage_healed":0.0,"max_hp_gain":0.0,"max_hp_loss":0.0,"gold_gain":66.0,"event_name":"Golden Wing","player_choice":"Gained Gold","floor":5.0,"gold_loss":0.0,"damage_taken":0.0},{"damage_healed":0.0,"max_hp_gain":0.0,"max_hp_loss":0.0,"gold_gain":175.0,"event_name":"Liars Game","player_choice":"AGREE","floor":7.0,"gold_loss":0.0,"damage_taken":0.0,"cards_obtained":["Doubt"]},{"cards_removed":["Doubt"],"damage_healed":0.0,"max_hp_gain":0.0,"max_hp_loss":0.0,"gold_gain":0.0,"event_name":"Fountain of Cleansing","player_choice":"Removed Curses","floor":8.0,"gold_loss":0.0,"damage_taken":0.0},{"damage_healed":0.0,"max_hp_gain":0.0,"max_hp_loss":0.0,"gold_gain":0.0,"event_name":"Big Fish","player_choice":"Box","floor":13.0,"gold_loss":0.0,"damage_taken":0.0,"relics_obtained":["Snake Skull"],"cards_obtained":["Regret"]}],"is_beta":false,"boss_relics":[],"items_purged_floors":[],"is_endless":false,"potions_floor_spawned":[3,6,10,11],"killed_by":"Slime Boss","ascension_level":9}