{"gold_per_floor":[118,18,37,52,52,52,64,92,119,119,119,146,104,118,118,220,220,240,240,240,257,257,285,285,285],"floor_reached":25,"playtime":788,"items_purged":[],"score":265,"play_id":"3a678073-e293-4f37-895a-fd1a97780956","local_time":"20190312185124","is_ascension_mode":true,"campfire_choices":[{"data":"Zap","floor":6,"key":"SMITH"},{"data":"Redo","floor":11,"key":"SMITH"},{"data":"Defragment","floor":15,"key":"SMITH"},{"floor":24,"key":"REST"}],"neow_cost":"NONE","seed_source_timestamp":37644912107516,"circlet_count":0,"master_deck":["Strike_B+1","Strike_B","Strike_B+1","Defend_B","Defend_B","Defend_B","Zap+1","Dualcast","Conserve Battery","Capacitor","Redo+1","Self Repair","Defragment+1","Loop","Leap","Steam","Static Discharge","Conserve Battery","Ghostly","Ghostly","Ghostly","Ghostly","Ghostly","Leap+1"],"relics":["Cracked Core","Smiling Mask","Singing Bowl","Bronze Scales","Happy Flower","PreservedInsect","Whetstone","Empty Cage","Centennial Puzzle","SsserpentHead","DataDisk"],"potions_floor_usage":[],"damage_taken":[{"damage":0,"enemies":"Cultist","floor":1,"turns":3},{"damage":6,"enemies":"Jaw Worm","floor":3,"turns":3},{"damage":0,"enemies":"2 Louse","floor":4,"turns":3},{"damage":8,"enemies":"Looter","floor":7,"turns":3},{"damage":22,"enemies":"Lagavulin","floor":8,"turns":8},{"damage":17,"enemies":"3 Sentries","floor":12,"turns":5},{"damage":6,"enemies":"Blue Slaver","floor":14,"turns":3},{"damage":33,"enemies":"The Guardian","floor":16,"turns":10},{"damage":15,"enemies":"Spheric Guardian","floor":18,"turns":4},{"damage":14,"enemies":"3 Byrds","floor":21,"turns":4},{"damage":27,"enemies":"Slavers","floor":23,"turns":4},{"damage":31,"enemies":"Gremlin Leader","floor":25,"turns":6}],"seed_played":"-6956958113042100794","potions_obtained":[{"floor":3,"key":"Poison Potion"},{"floor":7,"key":"SkillPotion"},{"floor":8,"key":"SteroidPotion"}],"is_trial":false,"path_per_floor":["M","M","T","?","?","?","?","?"],"character_chosen":"DEFECT","items_purchased":["Capacitor","Redo"],"campfire_rested":1,"item_purchase_floors":[2,2],"current_hp_per_floor":[75,75,69,75,75,75,74,59,59,59,59,49,49,50,50,26,77,69,38,38,31,31,13,25,0],"gold":285,"neow_bonus":"RANDOM_COMMON_RELIC","is_prod":false,"is_daily":false,"chose_seed":false,"campfire_upgraded":3,"win_rate":0,"timestamp":1552413084,"path_taken":["M","$","?","?","?","R","M","E","T","?","R","E","?","M","R","BOSS","M","?","?","M","?","E","R","E"],"build_version":"2019-01-23","purchased_purges":0,"victory":false,"max_hp_per_floor":[75,75,75,75,75,75,75,75,75,75,75,75,75,75,75,77,77,77,38,38,38,38,40,40,40],"card_choices":[{"not_picked":["Cold Snap","Sunder"],"picked":"Conserve Battery","floor":1},{"not_picked":["Force Field","Hologram"],"picked":"Self Repair","floor":3},{"not_picked":["Consume","Go for the Eyes"],"picked":"Defragment","floor":4},{"not_picked":["Turbo","Buffer"],"picked":"Loop","floor":7},{"not_picked":["FTL","Blizzard"],"picked":"Leap","floor":8},{"not_picked":["Cold Snap","Fission"],"picked":"Steam","floor":12},{"not_picked":["Lockon","Chaos"],"picked":"Static Discharge","floor":14},{"not_picked":["Reboot","Seek","Core Surge"],"picked":"Singing Bowl","floor":16},{"not_picked":["Coolheaded","Turbo"],"picked":"Conserve Battery","floor":18},{"not_picked":["Sweeping Beam+1","Meteor Strike"],"picked":"Leap+1","floor":21},{"not_picked":["Steam","Undo","Coolheaded"],"picked":"Singing Bowl","floor":23}],"player_experience":239593,"relics_obtained":[{"floor":5,"key":"Singing Bowl"},{"floor":8,"key":"Bronze Scales"},{"floor":9,"key":"Happy Flower"},{"floor":12,"key":"Whetstone"},{"floor":23,"key":"DataDisk"}],"event_choices":[{"damage_healed":0,"gold_gain":0,"player_choice":"Searched \u00271\u0027 times","damage_taken":0,"relics_obtained":["PreservedInsect"],"max_hp_gain":0,"max_hp_loss":0,"event_name":"Dead Adventurer","floor":10,"gold_loss":0},{"damage_healed":0,"gold_gain":0,"player_choice":"Left Gold","damage_taken":0,"max_hp_gain":0,"max_hp_loss":0,"event_name":"World of Goop","floor":13,"gold_loss":42},{"damage_healed":0,"gold_gain":0,"player_choice":"Became a Ghost","damage_taken":0,"max_hp_gain":0,"max_hp_loss":39,"event_name":"Ghosts","floor":19,"gold_loss":0,"cards_obtained":["Ghostly","Ghostly","Ghostly","Ghostly","Ghostly"]},{"damage_healed":0,"gold_gain":0,"player_choice":"Opened","damage_taken":0,"relics_obtained":["Centennial Puzzle"],"max_hp_gain":0,"max_hp_loss":0,"event_name":"The Mausoleum","floor":20,"gold_loss":0},{"damage_healed":0,"gold_gain":0,"player_choice":"Trade","damage_taken":0,"relics_obtained":["SsserpentHead"],"max_hp_gain":0,"max_hp_loss":0,"event_name":"FaceTrader","floor":22,"gold_loss":0}],"is_beta":false,"boss_relics":[{"not_picked":["White Beast Statue","Tiny House"],"picked":"Empty Cage"}],"items_purged_floors":[],"is_endless":false,"potions_floor_spawned":[3,7,8,14,18,23],"killed_by":"Gremlin Leader","ascension_level":1}