{"gold_per_floor":[110,110,123,142,142,142,171,184,210,237,109,109,109,126,126,225,225,237,252,3,3,19,19,47,47,47,47,0,11,11,11,11,112,112,126,126,1,21,21,21,37,49,73,25,25,25,48,61,61,61],"floor_reached":51,"playtime":3390,"items_purged":["Strike_R","Defend_R","Defend_R"],"score":748,"play_id":"a56d4c7e-43e8-4fd1-b3a8-269c93baf250","local_time":"20190320131345","is_ascension_mode":false,"campfire_choices":[{"data":"Bash","floor":6.0,"key":"SMITH"},{"data":"Barricade","floor":12.0,"key":"SMITH"},{"data":"Entrench","floor":15.0,"key":"SMITH"},{"data":"Combust","floor":23.0,"key":"SMITH"},{"floor":25.0,"key":"REST"},{"floor":30,"key":"REST"},{"floor":32,"key":"REST"},{"floor":40,"key":"REST"},{"floor":45,"key":"REST"},{"floor":49,"key":"REST"}],"neow_cost":"","seed_source_timestamp":644236867306407,"circlet_count":0,"master_deck":["Strike_R+1","Bash+1","Thunderclap+1","Iron Wave+1","Combust+1","Ghostly Armor+1","Entrench+1","Clothesline+1","Combust+1","Barricade+1","Shrug It Off+1","Offering+1","Shrug It Off+1","Dropkick+1","Combust+1","Shockwave+1","Combust+1","Rupture+1","Berserk+1","Impervious+1","Pommel Strike+1","Feed+1","Burning Pact+1","Body Slam+1","Body Slam+1","Master of Strategy","Shockwave+1"],"special_seed":0,"relics":["Black Blood","Bag of Marbles","Centennial Puzzle","Vajra","FossilizedHelix","Thread and Needle","Astrolabe","FaceOfCleric","Mark of the Bloom","Bag of Preparation","Pen Nib"],"potions_floor_usage":[38,42,48,48],"damage_taken":[{"damage":0.0,"enemies":"2 Louse","floor":1.0,"turns":5.0},{"damage":5.0,"enemies":"Cultist","floor":3.0,"turns":4.0},{"damage":2.0,"enemies":"Small Slimes","floor":4.0,"turns":3.0},{"damage":18.0,"enemies":"3 Sentries","floor":7.0,"turns":6.0},{"damage":18.0,"enemies":"Exordium Thugs","floor":8.0,"turns":5.0},{"damage":14.0,"enemies":"Gremlin Nob","floor":10.0,"turns":4.0},{"damage":7.0,"enemies":"Large Slime","floor":14.0,"turns":5.0},{"damage":29.0,"enemies":"The Guardian","floor":16.0,"turns":14.0},{"damage":18.0,"enemies":"Chosen","floor":18.0,"turns":6.0},{"damage":37.0,"enemies":"Shell Parasite","floor":19.0,"turns":11.0},{"damage":32.0,"enemies":"Shelled Parasite and Fungi","floor":22.0,"turns":6.0},{"damage":14.0,"enemies":"Book of Stabbing","floor":24.0,"turns":7.0},{"damage":18,"enemies":"Cultist and Chosen","floor":29,"turns":6},{"damage":60,"enemies":"Champ","floor":33,"turns":12},{"damage":17,"enemies":"3 Darklings","floor":35,"turns":9},{"damage":17,"enemies":"Orb Walker","floor":38,"turns":4},{"damage":30,"enemies":"Maw","floor":41,"turns":8},{"damage":0,"enemies":"Transient","floor":42,"turns":5},{"damage":7,"enemies":"4 Shapes","floor":48,"turns":6},{"damage":10,"enemies":"Awakened One","floor":50,"turns":9}],"seed_played":"3226035274194237323","potions_obtained":[{"floor":1.0,"key":"PowerPotion"},{"floor":4.0,"key":"AttackPotion"},{"floor":8.0,"key":"Block Potion"},{"floor":14.0,"key":"FearPotion"},{"floor":16.0,"key":"Weak Potion"},{"floor":18.0,"key":"LiquidBronze"},{"floor":35,"key":"Explosive Potion"},{"floor":41,"key":"Fire Potion"},{"floor":48,"key":"Fire Potion"}],"is_trial":false,"path_per_floor":["M","?","M","M","?","R","E","M","T","E","$","R","?","M","R","B",null,"M","M","$","?","M","R","E","R","T","?","?","M","R","$","R","B",null,"M","?","$","M","?","R","M","M","T","$","R","?","T","M","R","B",null],"character_chosen":"IRONCLAD","items_purchased":["Shrug It Off","Combust","Shockwave","PowerPotion"],"campfire_rested":6,"item_purchase_floors":[11,20,20,44],"current_hp_per_floor":[80,80,80,80,80,80,68,56,56,48,48,48,48,47,47,24,80,72,45,45,45,23,23,19,43,43,28,28,20,45,45,70,20,85,78,78,78,72,72,72,42,42,42,42,42,42,42,35,35,25],"gold":61,"neow_bonus":"","is_prod":false,"is_daily":false,"chose_seed":false,"campfire_upgraded":4,"win_rate":0.0,"timestamp":1553102025,"path_taken":["M","?","?","M","?","R","E","M","T","E","?","R","?","M","R","BOSS","M","M","$","?","M","R","E","R","T","?","?","M","R","$","R","BOSS","M","?","$","?","?","R","M","M","T","$","R","?","?","?","R","BOSS"],"build_version":"2019-01-23","purchased_purges":3,"victory":true,"max_hp_per_floor":[80,80,80,80,80,80,80,80,80,80,80,80,80,80,80,80,80,80,80,80,80,80,80,80,80,80,85,85,85,85,85,85,85,85,85,85,85,86,86,86,87,88,88,88,88,88,88,89,89,90],"card_choices":[{"not_picked":["Pommel Strike","Twin Strike"],"picked":"Thunderclap","floor":1.0},{"not_picked":["Twin Strike","Thunderclap"],"picked":"Combust","floor":3.0},{"not_picked":["Searing Blow","Feed"],"picked":"Ghostly Armor","floor":4.0},{"not_picked":["Pommel Strike","Headbutt"],"picked":"Clothesline","floor":7.0},{"not_picked":["Body Slam","Perfected Strike"],"picked":"Combust","floor":8.0},{"not_picked":["Twin Strike","Dropkick"],"picked":"Barricade","floor":10.0},{"not_picked":["Feel No Pain","Flex","Clash"],"picked":"SKIP","floor":14.0},{"not_picked":["Fiend Fire","Double Tap"],"picked":"Offering","floor":16.0},{"not_picked":["Clothesline","Bloodletting"],"picked":"Shrug It Off","floor":18.0},{"not_picked":["Armaments","Flex"],"picked":"Dropkick+1","floor":19.0},{"not_picked":["Twin Strike","Iron Wave","Thunderclap"],"picked":"SKIP","floor":22.0},{"not_picked":["Feel No Pain","Corruption"],"picked":"Rupture","floor":24.0},{"not_picked":["Rage","Double Tap","Iron Wave+1"],"picked":"SKIP","floor":29},{"not_picked":["Barricade","Bludgeon"],"picked":"Berserk","floor":33},{"not_picked":["Warcry","Thunderclap","Second Wind+1"],"picked":"SKIP","floor":35},{"not_picked":["Warcry+1","Power Through+1"],"picked":"Burning Pact+1","floor":38},{"not_picked":["Inflame+1","Fire Breathing+1"],"picked":"Body Slam+1","floor":41},{"not_picked":["Iron Wave+1","Dropkick+1"],"picked":"Body Slam+1","floor":42},{"not_picked":["Madness","Purity"],"picked":"Master of Strategy","floor":46},{"not_picked":["Feel No Pain+1","Body Slam+1"],"picked":"Shockwave+1","floor":48}],"player_experience":0,"relics_obtained":[{"floor":7.0,"key":"Bag of Marbles"},{"floor":9.0,"key":"Centennial Puzzle"},{"floor":10.0,"key":"Vajra"},{"floor":24.0,"key":"FossilizedHelix"},{"floor":26.0,"key":"Thread and Needle"},{"floor":43,"key":"Bag of Preparation"},{"floor":47,"key":"Pen Nib"}],"event_choices":[{"cards_removed":["Defend_R"],"damage_healed":0.0,"max_hp_gain":0.0,"max_hp_loss":0.0,"gold_gain":0.0,"event_name":"NoteForYourself","player_choice":"Took Card","floor":2.0,"gold_loss":0.0,"damage_taken":0.0,"cards_obtained":["Iron Wave"]},{"damage_healed":0.0,"max_hp_gain":0.0,"max_hp_loss":0.0,"gold_gain":0.0,"cards_transformed":["Strike_R"],"event_name":"Transmorgrifier","player_choice":"Transformed","floor":5.0,"gold_loss":0.0,"damage_taken":0.0,"cards_obtained":["Entrench"]},{"damage_healed":0.0,"max_hp_gain":0.0,"max_hp_loss":0.0,"gold_gain":0.0,"event_name":"Golden Idol","player_choice":"Ignored","floor":13.0,"gold_loss":0.0,"damage_taken":0.0},{"damage_healed":0.0,"max_hp_gain":0.0,"max_hp_loss":0.0,"gold_gain":0.0,"event_name":"The Library","player_choice":"Read","floor":21.0,"gold_loss":0.0,"damage_taken":0.0,"cards_obtained":["Combust"]},{"damage_healed":0.0,"max_hp_gain":5.0,"max_hp_loss":0.0,"gold_gain":0.0,"event_name":"Forgotten Altar","player_choice":"Shed Blood","floor":27.0,"gold_loss":0.0,"damage_taken":20.0},{"damage_healed":0.0,"max_hp_gain":0.0,"max_hp_loss":0.0,"gold_gain":0.0,"event_name":"Masked Bandits","player_choice":"Paid Fearfully","floor":28.0,"gold_loss":47.0,"damage_taken":0.0},{"damage_healed":0,"gold_gain":0,"player_choice":"Trade","damage_taken":0,"relics_obtained":["FaceOfCleric"],"max_hp_gain":0,"max_hp_loss":0,"event_name":"FaceTrader","floor":36,"gold_loss":0},{"damage_healed":0,"gold_gain":0,"player_choice":"Upgrade","damage_taken":0,"relics_obtained":["Mark of the Bloom"],"max_hp_gain":0,"max_hp_loss":0,"event_name":"MindBloom","floor":39,"gold_loss":0,"cards_upgraded":["Strike_R","Thunderclap","Iron Wave","Ghostly Armor","Clothesline","Combust","Shrug It Off","Offering","Shrug It Off","Combust","Shockwave","Combust","Rupture","Berserk"]},{"damage_healed":0,"gold_gain":0,"player_choice":"Memory 1","damage_taken":0,"max_hp_gain":0,"max_hp_loss":0,"event_name":"SensoryStone","floor":46,"gold_loss":0}],"is_beta":false,"boss_relics":[{"not_picked":["Calling Bell","Snecko Eye"],"picked":"Black Blood"},{"not_picked":["Philosopher\u0027s Stone","Tiny House"],"picked":"Astrolabe"}],"items_purged_floors":[11,20,37],"is_endless":false,"potions_floor_spawned":[1,4,8,14,16,18,19,22,35,41,48],"ascension_level":0}