{"gold_per_floor":[109,120,136,136,156,156,172,182,182,182,193,193,216,216,216,336,336,359,359,374,389,403,403,422,443,491,491,511,530,88,88],"floor_reached":31,"playtime":2199,"items_purged":[],"score":237,"play_id":"36d6fb49-04b1-4da5-89a6-81e833ca8455","local_time":"20180702012404","is_ascension_mode":false,"campfire_choices":[{"data":"Setup","floor":6,"key":"SMITH"},{"floor":10,"key":"REST"},{"floor":15,"key":"REST"},{"data":"Phantasmal Killer","floor":23,"key":"SMITH"},{"floor":27,"key":"REST"}],"neow_cost":"NONE","seed_source_timestamp":23832659485561,"circlet_count":0,"master_deck":["Defend_G","Defend_G","Defend_G","Defend_G","Defend_G","Survivor","Neutralize","Bouncing Flask","Bane","Setup+1","Malaise","Phantasmal Killer+1","Flying Knee+1","Sucker Punch","PiercingWail","Flechettes+1","Tactician+1","Adrenaline","Cloak And Dagger+1","Choke+1","Tools of the Trade+1","Sucker Punch+1","Backflip+1","Outmaneuver+1","Outmaneuver+1","Flying Knee+1","Flying Knee","Panache"],"relics":["Ring of the Snake","Toolbox","Golden Idol","Astrolabe","Enchiridion","Whetstone","Meat on the Bone"],"potions_floor_usage":[13,13,13,13,13,31,31,31],"damage_taken":[{"damage":0,"enemies":"Cultist","floor":1,"turns":3},{"damage":2,"enemies":"Jaw Worm","floor":2,"turns":4},{"damage":14,"enemies":"Small Slimes","floor":3,"turns":5},{"damage":6,"enemies":"Blue Slaver","floor":5,"turns":4},{"damage":17,"enemies":"Large Slime","floor":7,"turns":9},{"damage":24,"enemies":"Gremlin Gang","floor":8,"turns":5},{"damage":0,"enemies":"3 Louse","floor":11,"turns":5},{"damage":9,"enemies":"Exordium Wildlife","floor":13,"turns":5},{"damage":7,"enemies":"Hexaghost","floor":16,"turns":12},{"damage":0,"enemies":"Chosen","floor":18,"turns":4},{"damage":11,"enemies":"2 Thieves","floor":20,"turns":5},{"damage":0,"enemies":"Centurion and Healer","floor":21,"turns":7},{"damage":0,"enemies":"Snake Plant","floor":22,"turns":2},{"damage":16,"enemies":"Slaver and Parasite","floor":24,"turns":7},{"damage":4,"enemies":"Centurion and Healer","floor":25,"turns":6},{"damage":12,"enemies":"Snake Plant","floor":28,"turns":5},{"damage":14,"enemies":"Snecko","floor":29,"turns":6},{"damage":23,"enemies":"Cultist and Chosen","floor":31,"turns":5}],"seed_played":"6524732050276574389","potions_obtained":[{"floor":2,"key":"EntropicBrew"},{"floor":7,"key":"FearPotion"},{"floor":13,"key":"Fire Potion"},{"floor":16,"key":"SteroidPotion"},{"floor":20,"key":"SteroidPotion"}],"is_trial":false,"path_per_floor":["M","M","M","?","M","R","M","M","T","R","M","?","M","?","R","B",null,"M","?","M","M","M","R","M","M","T","R","M","M","$"],"character_chosen":"THE_SILENT","items_purchased":["Meat on the Bone","Panache"],"campfire_rested":3,"item_purchase_floors":[30,30],"current_hp_per_floor":[70,68,54,54,48,48,31,7,7,28,28,11,2,2,23,16,70,70,54,43,43,43,43,27,23,23,44,32,18,18,0],"gold":88,"neow_bonus":"TRANSFORM_CARD","is_prod":false,"is_daily":false,"chose_seed":false,"campfire_upgraded":2,"win_rate":0.0,"timestamp":1530516244,"path_taken":["M","M","M","?","M","R","M","M","T","R","M","?","M","?","R","BOSS","M","?","M","M","M","R","M","M","T","R","M","M","$","M"],"build_version":"2018-06-28","purchased_purges":0,"victory":false,"max_hp_per_floor":[70,70,70,70,70,70,70,70,70,70,70,70,70,70,70,70,70,70,70,70,70,70,70,70,70,70,70,70,70,70,70],"card_choices":[{"not_picked":["Dodge and Roll","Quick Slash"],"picked":"Bane","floor":1},{"not_picked":["Slice","Deadly Poison"],"picked":"Setup","floor":2},{"not_picked":["Slice","Prepared"],"picked":"Malaise","floor":3},{"not_picked":["Heel Hook","Choke"],"picked":"Flying Knee","floor":5},{"not_picked":["Blur","Backstab"],"picked":"Sucker Punch","floor":7},{"not_picked":["Sucker Punch","Backflip"],"picked":"PiercingWail","floor":8},{"not_picked":["Acrobatics","Backflip"],"picked":"Flechettes","floor":11},{"not_picked":["Sucker Punch","Outmaneuver"],"picked":"Tactician","floor":13},{"not_picked":["Die Die Die","Phantasmal Killer"],"picked":"Adrenaline","floor":16},{"not_picked":["Flying Knee","Acrobatics"],"picked":"Sucker Punch+1","floor":18},{"not_picked":["Choke","Quick Slash"],"picked":"Backflip+1","floor":20},{"not_picked":["PiercingWail","Dagger Spray"],"picked":"Outmaneuver+1","floor":21},{"not_picked":["Deflect","Deadly Poison"],"picked":"Outmaneuver+1","floor":22},{"not_picked":["Catalyst","Bane+1"],"picked":"Flying Knee+1","floor":24},{"not_picked":["Flechettes","Deadly Poison","Catalyst+1"],"picked":"SKIP","floor":25},{"not_picked":["Bane","Bullet Time","Malaise"],"picked":"SKIP","floor":28},{"not_picked":["Underhanded Strike","Quick Slash"],"picked":"Flying Knee","floor":29}],"player_experience":111727,"relics_obtained":[{"floor":9,"key":"Toolbox"},{"floor":19,"key":"Enchiridion"},{"floor":26,"key":"Whetstone"}],"event_choices":[{"event_name":"Living Wall","player_choice":"Change","floor":4,"damage_taken":0},{"event_name":"Golden Idol","player_choice":"Take Damage","floor":12,"damage_taken":0},{"event_name":"Upgrade Shrine","player_choice":"Upgraded","floor":14,"damage_taken":0},{"event_name":"Cursed Tome","player_choice":"Obtained Book","floor":19,"damage_taken":0}],"boss_relics":[{"not_picked":["Tiny House","Cursed Key"],"picked":"Astrolabe"}],"items_purged_floors":[],"is_endless":false,"potions_floor_spawned":[2,7,13,16,20,28,29],"killed_by":"Cultist and Chosen","ascension_level":0}