{"gold_per_floor":[113,130,305,44,57,57,77,77,77,95,195,213,232,52,52,155,155,173,192,202,4,4,4,20,20,20,120,120,20,20,48,60,169,181,211,240,252,284,296,308,330,352,417,10,22,13,27,27,27,27],"floor_reached":51,"playtime":4069,"items_purged":["Doubt","Dagger Throw"],"score":693,"play_id":"1538d0e4-6c87-4b99-a35a-af6817639689","local_time":"20190306134028","is_ascension_mode":false,"campfire_choices":[{"data":"After Image","floor":8.0,"key":"SMITH"},{"data":"Survivor","floor":15.0,"key":"SMITH"},{"floor":23.0,"key":"REST"},{"floor":28,"key":"REST"},{"floor":32,"key":"REST"},{"floor":40,"key":"REST"},{"floor":49,"key":"REST"}],"neow_cost":"NONE","seed_source_timestamp":0,"circlet_count":0,"master_deck":["Survivor+1","Neutralize","Escape Plan","Bouncing Flask","Backflip+1","After Image+1","Blade Dance+1","Apotheosis+1","Storm of Steel+1","Flying Knee","Blur+1","Expertise+1","Phantasmal Killer+1","Escape Plan+1","Storm of Steel+1","Dash","Cloak And Dagger+1","PiercingWail+1","Burst+1","Blade Dance+1","Infinite Blades+1","Backstab","Blade Dance+1","Corpse Explosion+1","Blade Dance+1","Accuracy+1","Blade Dance+1","Cloak And Dagger+1"],"special_seed":0,"relics":["Ring of the Snake","NeowsBlessing","Toxic Egg 2","Ninja Scroll","Frozen Egg 2","Pandora\u0027s Box","Membership Card","Incense Burner","Bird Faced Urn","The Courier","MawBank","Fusion Hammer","Regal Pillow","Lee\u0027s Waffle","Centennial Puzzle","Anchor","Boot","Kunai"],"potions_floor_usage":[33],"damage_taken":[{"damage":0.0,"enemies":"2 Louse","floor":1.0,"turns":1.0},{"damage":0.0,"enemies":"Jaw Worm","floor":2.0,"turns":1.0},{"damage":0.0,"enemies":"Small Slimes","floor":5.0,"turns":1.0},{"damage":0.0,"enemies":"Exordium Thugs","floor":7.0,"turns":6.0},{"damage":0.0,"enemies":"2 Fungi Beasts","floor":10.0,"turns":4.0},{"damage":0.0,"enemies":"Red Slaver","floor":12.0,"turns":3.0},{"damage":0.0,"enemies":"3 Louse","floor":13.0,"turns":3.0},{"damage":15.0,"enemies":"Hexaghost","floor":16.0,"turns":12.0},{"damage":9.0,"enemies":"Spheric Guardian","floor":18.0,"turns":4.0},{"damage":5.0,"enemies":"3 Byrds","floor":19.0,"turns":5.0},{"damage":6.0,"enemies":"Snecko","floor":20.0,"turns":3.0},{"damage":7.0,"enemies":"Centurion and Healer","floor":24.0,"turns":8.0},{"damage":11,"enemies":"Colosseum Slavers","floor":27,"turns":4},{"damage":9,"enemies":"Colosseum Nobs","floor":27,"turns":5},{"damage":7,"enemies":"Snake Plant","floor":31,"turns":4},{"damage":48,"enemies":"Automaton","floor":33,"turns":9},{"damage":8,"enemies":"Orb Walker","floor":35,"turns":3},{"damage":0,"enemies":"3 Darklings","floor":36,"turns":4},{"damage":14,"enemies":"Transient","floor":38,"turns":5},{"damage":0,"enemies":"4 Shapes","floor":41,"turns":2},{"damage":23,"enemies":"Jaw Worm Horde","floor":42,"turns":3},{"damage":0,"enemies":"Sphere and 2 Shapes","floor":45,"turns":4},{"damage":0,"enemies":"3 Darklings","floor":47,"turns":3},{"damage":43,"enemies":"Donu and Deca","floor":50,"turns":7}],"seed_played":"6834387995768686126","potions_obtained":[{"floor":2.0,"key":"SpeedPotion"},{"floor":7.0,"key":"GhostInAJar"},{"floor":13.0,"key":"Regen Potion"},{"floor":16.0,"key":"GamblersBrew"},{"floor":20.0,"key":"LiquidBronze"},{"floor":31,"key":"Poison Potion"},{"floor":33,"key":"Energy Potion"},{"floor":35,"key":"Fire Potion"},{"floor":37,"key":"FairyPotion"},{"floor":37,"key":"FairyPotion"}],"is_trial":false,"path_per_floor":["?","T","?","M","$","?","M","?","?","$","?","?","M","?","M","$","M","?"],"character_chosen":"THE_SILENT","items_purchased":["Toxic Egg 2","Apotheosis+1","Membership Card","Infinite Blades+1","Backstab","Lee\u0027s Waffle","Centennial Puzzle","Anchor","Boot","Kunai","Cloak And Dagger+1"],"campfire_rested":5,"item_purchase_floors":[4,14,21,29,29,44,44,44,44,44,46],"current_hp_per_floor":[70,70,70,70,70,70,70,70,70,70,70,70,70,70,70,55,70,61,56,50,50,50,70,63,63,63,43,64,64,64,61,70,22,70,62,66,66,56,56,70,70,47,47,77,77,77,77,77,77,35],"gold":27,"neow_bonus":"THREE_ENEMY_KILL","is_prod":false,"is_daily":false,"chose_seed":false,"campfire_upgraded":2,"win_rate":0.0,"timestamp":1551876028,"path_taken":["M","M","?","$","M","?","M","R","T","M","?","M","?","?","R","BOSS","M","M","M","$","?","R","?","?","T","?","R","?","?","M","R","BOSS","M","M","?","?","?","R","M","?","T","$","M","?","?","?","R","BOSS"],"build_version":"2019-01-23","purchased_purges":2,"victory":true,"max_hp_per_floor":[70,70,70,70,70,70,70,70,70,70,70,70,70,70,70,70,70,70,70,70,70,70,70,70,70,70,70,70,70,70,70,70,70,70,70,70,70,70,70,70,70,70,70,77,77,77,77,77,77,77],"card_choices":[{"not_picked":["Quick Slash","Dagger Throw"],"picked":"Escape Plan","floor":1.0},{"not_picked":["Quick Slash","Bane"],"picked":"Bouncing Flask","floor":2.0},{"not_picked":["Dodge and Roll+1","Distraction+1"],"picked":"Backflip+1","floor":5.0},{"not_picked":["Deadly Poison+1","Blade Dance+1"],"picked":"After Image","floor":7.0},{"not_picked":["PiercingWail+1","Outmaneuver+1"],"picked":"Blade Dance+1","floor":10.0},{"not_picked":["Finisher","Distraction+1","Calculated Gamble+1"],"picked":"SKIP","floor":12.0},{"not_picked":["Outmaneuver+1","Deadly Poison+1","Prepared+1"],"picked":"SKIP","floor":13.0},{"not_picked":["Outmaneuver+1","Deadly Poison+1","Prepared+1"],"picked":"SKIP","floor":13.0},{"not_picked":["Phantasmal Killer+1","Night Terror+1"],"picked":"Storm of Steel+1","floor":16.0},{"not_picked":["PiercingWail+1","Dagger Throw"],"picked":"Cloak And Dagger+1","floor":18.0},{"not_picked":["Sucker Punch","Dodge and Roll+1","Well Laid Plans+1"],"picked":"SKIP","floor":19.0},{"not_picked":["Quick Slash","Dagger Throw+1","Underhanded Strike+1"],"picked":"SKIP","floor":20.0},{"not_picked":["Calculated Gamble+1","Sucker Punch+1"],"picked":"Burst+1","floor":24.0},{"not_picked":["Poisoned Stab+1","Quick Slash"],"picked":"Blade Dance+1","floor":31},{"not_picked":["Envenom+1","Night Terror+1"],"picked":"Corpse Explosion+1","floor":33},{"not_picked":["Deadly Poison+1","Deflect+1","Dagger Throw+1"],"picked":"SKIP","floor":35},{"not_picked":["Cloak And Dagger+1","Flechettes"],"picked":"Blade Dance+1","floor":36},{"not_picked":["Well Laid Plans+1","Quick Slash+1","Prepared+1"],"picked":"SKIP","floor":38},{"not_picked":["Backflip+1","Dagger Spray","Malaise+1"],"picked":"SKIP","floor":41},{"not_picked":["Expertise+1","Flechettes"],"picked":"Accuracy+1","floor":42},{"not_picked":["Well Laid Plans+1","Deflect+1"],"picked":"Blade Dance+1","floor":45},{"not_picked":["Backflip+1","Sucker Punch"],"picked":"Cloak And Dagger+1","floor":47}],"player_experience":146784,"relics_obtained":[{"floor":6.0,"key":"Ninja Scroll"},{"floor":9.0,"key":"Frozen Egg 2"},{"floor":26.0,"key":"Incense Burner"},{"floor":27,"key":"Bird Faced Urn"},{"floor":27,"key":"The Courier"},{"floor":43,"key":"Regal Pillow"}],"event_choices":[{"damage_healed":0.0,"max_hp_gain":0.0,"max_hp_loss":0.0,"gold_gain":175.0,"event_name":"Liars Game","player_choice":"AGREE","floor":3.0,"gold_loss":0.0,"damage_taken":0.0,"cards_obtained":["Doubt"]},{"damage_healed":0.0,"max_hp_gain":0.0,"max_hp_loss":0.0,"gold_gain":100.0,"event_name":"Wheel of Change","player_choice":"Gold","floor":11.0,"gold_loss":0.0,"damage_taken":0.0},{"damage_healed":0.0,"max_hp_gain":0.0,"max_hp_loss":0.0,"gold_gain":0.0,"cards_transformed":["Eviscerate"],"event_name":"Transmorgrifier","player_choice":"Transformed","floor":22.0,"gold_loss":0.0,"damage_taken":0.0,"cards_obtained":["PiercingWail"]},{"damage_healed":0.0,"max_hp_gain":0.0,"max_hp_loss":0.0,"gold_gain":0.0,"event_name":"The Library","player_choice":"Read","floor":25.0,"gold_loss":0.0,"damage_taken":0.0,"cards_obtained":["Blade Dance"]},{"damage_healed":0,"gold_gain":0,"player_choice":"Fight","damage_taken":0,"max_hp_gain":0,"max_hp_loss":0,"event_name":"Colosseum","floor":27,"gold_loss":0},{"damage_healed":0,"gold_gain":0,"player_choice":"Fought Nobs","damage_taken":0,"max_hp_gain":0,"max_hp_loss":0,"event_name":"Colosseum","floor":27,"gold_loss":0},{"damage_healed":0,"gold_gain":0,"player_choice":"Opened","damage_taken":0,"relics_obtained":["MawBank"],"max_hp_gain":0,"max_hp_loss":0,"event_name":"The Mausoleum","floor":30,"gold_loss":0},{"damage_healed":0,"gold_gain":0,"player_choice":"Got Potions","damage_taken":0,"max_hp_gain":0,"max_hp_loss":0,"event_name":"Lab","floor":37,"gold_loss":0},{"cards_removed":["Dagger Spray"],"damage_healed":0,"gold_gain":0,"player_choice":"Purged","damage_taken":0,"max_hp_gain":0,"max_hp_loss":0,"event_name":"Purifier","floor":39,"gold_loss":0},{"cards_removed":["Cloak And Dagger"],"damage_healed":0,"gold_gain":0,"player_choice":"Removed Skill","damage_taken":0,"max_hp_gain":0,"max_hp_loss":0,"event_name":"Falling","floor":48,"gold_loss":0}],"is_beta":false,"boss_relics":[{"not_picked":["HoveringKite","Calling Bell"],"picked":"Pandora\u0027s Box"},{"not_picked":["Sozu","Runic Dome"],"picked":"Fusion Hammer"}],"items_purged_floors":[29,44],"is_endless":false,"potions_floor_spawned":[2,7,13,16,19,20,31,33,35,42,45],"ascension_level":0}