{"gold_per_floor":[114,189,16,16,16,16,16,16,16,16,28,48,80,100,100,195,195,215,33,44,44,64,64,64,84,84,104,104,104,16,29,29,132,132,144,144,156,52,52,52,52,2,2,2,2,13,13,13,13,13],"floor_reached":51,"playtime":1900,"items_purged":["Strike_R","Strike_R","Strike_R","Strike_R"],"score":696,"play_id":"0988aa22-bee1-49fd-ab8d-863109e0dfd6","local_time":"20180915020418","is_ascension_mode":true,"campfire_choices":[{"floor":6,"key":"REST"},{"data":"Cleave","floor":8,"key":"SMITH"},{"data":"Bash","floor":10,"key":"SMITH"},{"data":"Limit Break","floor":15,"key":"SMITH"},{"data":"Battle Trance","floor":23,"key":"SMITH"},{"data":"Heavy Blade","floor":29,"key":"SMITH"},{"data":"Whirlwind","floor":32,"key":"SMITH"},{"data":"True Grit","floor":40,"key":"SMITH"},{"data":"True Grit","floor":45,"key":"SMITH"},{"data":"Deep Breath","floor":47,"key":"SMITH"},{"data":"Warcry","floor":49,"key":"SMITH"}],"neow_cost":"NONE","seed_source_timestamp":465596877527221,"circlet_count":0,"master_deck":["Strike_R","Defend_R","Defend_R","Defend_R+1","Bash+1","Shrug It Off+1","Cleave+1","Flex","Clothesline","Warcry+1","Limit Break+1","Berserk+1","Battle Trance+1","Shrug It Off","Heavy Blade+1","Flex","Writhe","Inflame+1","Shrug It Off","Whirlwind+1","Twin Strike+1","Demon Form+1","Shrug It Off+1","Deep Breath+1","Pommel Strike+1","True Grit+1","True Grit+1"],"relics":["Burning Blood","Frozen Egg 2","Charon\u0027s Ashes","Smiling Mask","Coffee Dripper","Pantograph","Juzu Bracelet","Cursed Key"],"potions_floor_usage":[16,16,33,50,50,50],"damage_taken":[{"damage":5,"enemies":"Jaw Worm","floor":1,"turns":5},{"damage":0,"enemies":"2 Louse","floor":11,"turns":1},{"damage":0,"enemies":"Small Slimes","floor":12,"turns":2},{"damage":13,"enemies":"3 Sentries","floor":13,"turns":4},{"damage":2,"enemies":"Exordium Wildlife","floor":14,"turns":4},{"damage":19,"enemies":"Slime Boss","floor":16,"turns":8},{"damage":6,"enemies":"Shell Parasite","floor":18,"turns":5},{"damage":17,"enemies":"2 Thieves","floor":20,"turns":4},{"damage":0,"enemies":"Snecko","floor":22,"turns":4},{"damage":0,"enemies":"Centurion and Healer","floor":25,"turns":7},{"damage":24,"enemies":"Shelled Parasite and Fungi","floor":27,"turns":4},{"damage":15,"enemies":"Colosseum Slavers","floor":28,"turns":4},{"damage":1,"enemies":"Snecko","floor":31,"turns":3},{"damage":44,"enemies":"Collector","floor":33,"turns":7},{"damage":16,"enemies":"3 Shapes","floor":35,"turns":2},{"damage":2,"enemies":"Orb Walker","floor":37,"turns":3},{"damage":11,"enemies":"3 Darklings","floor":46,"turns":4},{"damage":70,"enemies":"Donu and Deca","floor":50,"turns":8}],"seed_played":"-7273206279988371813","potions_obtained":[{"floor":0,"key":"Swift Potion"},{"floor":0,"key":"Poison Potion"},{"floor":0,"key":"Fire Potion"},{"floor":1,"key":"SneckoOil"},{"floor":20,"key":"Energy Potion"},{"floor":25,"key":"Dexterity Potion"},{"floor":33,"key":"SteroidPotion"}],"is_trial":false,"path_per_floor":["M","?","$","?","?","R","?","R","T","R","M","M","E","M","R","B",null,"M","$","M","?","M","R","?","M","T","M","?","R","$","M","R","B",null,"M","?","M","$","?","R","?","$","T","$","R","M","R","?","R","B"],"character_chosen":"IRONCLAD","items_purchased":["Cleave","Flex","Battle Trance","Shrug It Off","Whirlwind","True Grit","True Grit"],"campfire_rested":1,"item_purchase_floors":[3,3,19,19,30,38,42],"current_hp_per_floor":[80,69,69,51,35,59,59,59,59,59,65,71,64,68,68,55,80,80,80,69,69,75,75,75,80,80,62,53,53,53,58,58,42,80,70,70,74,74,74,74,74,74,74,74,74,69,69,69,69,12],"gold":13,"neow_bonus":"THREE_SMALL_POTIONS","is_prod":false,"is_daily":false,"chose_seed":false,"campfire_upgraded":10,"win_rate":1,"timestamp":1536969858,"path_taken":["M","?","$","?","?","R","?","R","T","R","M","M","E","M","R","BOSS","M","$","?","?","M","R","?","M","T","M","?","R","$","M","R","BOSS","M","?","M","$","?","R","?","?","T","$","R","M","R","?","R","BOSS"],"build_version":"2018-09-12","purchased_purges":4,"victory":true,"max_hp_per_floor":[80,80,80,80,80,80,80,80,80,80,80,80,80,80,80,80,80,80,80,80,80,80,80,80,80,80,80,80,80,80,80,80,80,80,80,80,80,80,80,80,80,80,80,80,80,80,80,76,76,76],"card_choices":[{"not_picked":["Rupture","Disarm"],"picked":"Shrug It Off","floor":1},{"not_picked":["Perfected Strike","Carnage"],"picked":"Clothesline","floor":11},{"not_picked":["Seeing Red","Clothesline"],"picked":"Warcry","floor":12},{"not_picked":["Sever Soul","Infernal Blade","Perfected Strike"],"picked":"SKIP","floor":13},{"not_picked":["Clothesline","Sword Boomerang"],"picked":"Limit Break","floor":14},{"not_picked":["Brutality+1","Juggernaut+1"],"picked":"Berserk+1","floor":16},{"not_picked":["Perfected Strike","Blood for Blood","Rage"],"picked":"SKIP","floor":18},{"not_picked":["Iron Wave","Combust+1"],"picked":"Heavy Blade","floor":20},{"not_picked":["Heavy Blade","Combust+1"],"picked":"Flex","floor":22},{"not_picked":["Pommel Strike","Sword Boomerang"],"picked":"Inflame+1","floor":25},{"not_picked":["Flex","Seeing Red+1"],"picked":"Shrug It Off","floor":27},{"not_picked":["Sword Boomerang","Impervious"],"picked":"Twin Strike+1","floor":31},{"not_picked":["Bludgeon","Impervious"],"picked":"Demon Form+1","floor":33},{"not_picked":["Pummel","Spot Weakness+1"],"picked":"Shrug It Off+1","floor":35},{"not_picked":["Good Instincts","Bandage Up"],"picked":"Deep Breath","floor":36},{"not_picked":["Intimidate+1","Flex+1"],"picked":"Pommel Strike+1","floor":37},{"not_picked":["Iron Wave","Dropkick","Perfected Strike"],"picked":"SKIP","floor":46}],"player_experience":12543,"relics_obtained":[{"floor":9,"key":"Charon\u0027s Ashes"},{"floor":13,"key":"Smiling Mask"},{"floor":26,"key":"Juzu Bracelet"}],"event_choices":[{"event_name":"World of Goop","player_choice":"Gather Gold","floor":2,"damage_taken":0},{"event_name":"Scrap Ooze","player_choice":"success","floor":4,"damage_taken":18},{"event_name":"Shining Light","player_choice":"Entered Light","floor":5,"damage_taken":0},{"event_name":"The Cleric","player_choice":"Leave","floor":7,"damage_taken":0},{"event_name":"Vampires","player_choice":"Ignored","floor":21,"damage_taken":0},{"event_name":"The Mausoleum","player_choice":"Yes","floor":24,"damage_taken":0},{"event_name":"Colosseum","player_choice":"Fight","floor":28,"damage_taken":0},{"event_name":"Colosseum","player_choice":"Fled From Nobs","floor":28,"damage_taken":0},{"event_name":"SensoryStone","player_choice":"Memory 1","floor":36,"damage_taken":0},{"event_name":"SecretPortal","player_choice":"Rejected Portal.","floor":39,"damage_taken":0},{"event_name":"Falling","player_choice":"Removed Skill","floor":41,"damage_taken":0},{"event_name":"Winding Halls","player_choice":"Max HP","floor":48,"damage_taken":0}],"is_beta":true,"boss_relics":[{"not_picked":["Orrery","Calling Bell"],"picked":"Coffee Dripper"},{"not_picked":["Black Blood","Astrolabe"],"picked":"Cursed Key"}],"items_purged_floors":[3,19,30,38],"is_endless":false,"potions_floor_spawned":[1,11,20,25,28,33,46],"ascension_level":1}