{"gold_per_floor":[117,128,128,128,144,144,169,42,42,42,62,62,75,91,91,194,194,134,19,19,0,0,0,0,0,0,0,0,0,0,0,0,0],"floor_reached":33,"playtime":1300,"items_purged":["Strike_G"],"score":299,"play_id":"59f6a81f-c54d-4373-98ef-851b8f9215d0","local_time":"20190311105922","is_ascension_mode":true,"campfire_choices":[{"floor":6,"key":"REST"},{"floor":10,"key":"REST"},{"data":"Noxious Fumes","floor":15,"key":"SMITH"},{"floor":27,"key":"REST"},{"floor":32,"key":"REST"}],"neow_cost":"NONE","seed_source_timestamp":506116090003555,"circlet_count":0,"master_deck":["Defend_G","Defend_G+1","Defend_G","Defend_G","Defend_G+1","Strike_G","Strike_G","Strike_G","Strike_G+1","Survivor","Neutralize+1","Quick Slash","Noxious Fumes+1","Deadly Poison","Bane","Poisoned Stab","Deflect","Shame","Backstab","Backstab","Footwork+1"],"relics":["Black Star","Bird Faced Urn","Centennial Puzzle","The Courier","Ectoplasm","Snake Skull","Lantern","Du-Vu Doll","Boot","Frozen Egg 2","Orichalcum","Whetstone"],"potions_floor_usage":[16,23,28,33],"damage_taken":[{"damage":4,"enemies":"Cultist","floor":1,"turns":5},{"damage":1,"enemies":"2 Louse","floor":2,"turns":3},{"damage":3,"enemies":"Jaw Worm","floor":5,"turns":6},{"damage":31,"enemies":"Lagavulin","floor":7,"turns":7},{"damage":8,"enemies":"Lots of Slimes","floor":11,"turns":5},{"damage":1,"enemies":"Red Slaver","floor":13,"turns":4},{"damage":9,"enemies":"Exordium Wildlife","floor":14,"turns":4},{"damage":12,"enemies":"The Guardian","floor":16,"turns":9},{"damage":5,"enemies":"2 Thieves","floor":18,"turns":4},{"damage":39,"enemies":"Slavers","floor":23,"turns":6},{"damage":0,"enemies":"3 Byrds","floor":24,"turns":5},{"damage":13,"enemies":"Snecko","floor":25,"turns":5},{"damage":26,"enemies":"Book of Stabbing","floor":28,"turns":6},{"damage":5,"enemies":"3 Cultists","floor":29,"turns":5},{"damage":44,"enemies":"Automaton","floor":33,"turns":6}],"seed_played":"4476063150693458228","potions_obtained":[{"floor":1,"key":"SteroidPotion"},{"floor":5,"key":"PowerPotion"},{"floor":7,"key":"Weak Potion"},{"floor":18,"key":"Explosive Potion"},{"floor":24,"key":"SneckoOil"},{"floor":29,"key":"EssenceOfSteel"}],"is_trial":false,"path_per_floor":["M","?","?","M","$","?","?","?","T","$","?"],"character_chosen":"THE_SILENT","items_purchased":["Poisoned Stab","Snake Skull"],"campfire_rested":4,"item_purchase_floors":[8,19],"current_hp_per_floor":[66,65,51,51,48,69,38,38,38,59,53,70,69,60,60,52,70,65,65,65,65,65,28,30,19,19,40,16,13,13,13,34,0],"gold":0,"neow_bonus":"BOSS_RELIC","is_prod":false,"is_daily":false,"chose_seed":false,"campfire_upgraded":1,"win_rate":0,"timestamp":1552298362,"path_taken":["M","?","?","?","?","R","E","?","T","R","M","?","M","M","R","BOSS","M","$","?","?","?","E","M","M","T","R","E","M","?","?","R","BOSS"],"build_version":"2019-01-23","purchased_purges":1,"victory":false,"max_hp_per_floor":[70,70,70,70,70,70,70,70,70,70,70,70,70,70,70,70,70,70,70,70,70,70,70,70,70,70,70,70,70,70,70,70,70],"card_choices":[{"not_picked":["Calculated Gamble","Prepared"],"picked":"Quick Slash","floor":1},{"not_picked":["Finisher","Cloak And Dagger"],"picked":"Noxious Fumes","floor":2},{"not_picked":["Distraction","Blade Dance","Dagger Spray"],"picked":"SKIP","floor":5},{"not_picked":["Dagger Throw","Flying Knee"],"picked":"Bane","floor":7},{"not_picked":["Choke","PiercingWail","Prepared"],"picked":"SKIP","floor":11},{"not_picked":["Predator","Blur","Flying Knee"],"picked":"SKIP","floor":13},{"not_picked":["PiercingWail","Calculated Gamble"],"picked":"Deflect","floor":14},{"not_picked":["Setup","Flying Knee","Calculated Gamble"],"picked":"SKIP","floor":18},{"not_picked":["Unload","Wraith Form v2","Caltrops"],"picked":"SKIP","floor":23},{"not_picked":["Heel Hook+1","Cloak And Dagger+1","Dodge and Roll+1"],"picked":"SKIP","floor":24},{"not_picked":["Bane","Dodge and Roll+1"],"picked":"Backstab","floor":25},{"not_picked":["Bane","Flying Knee"],"picked":"Backstab","floor":28},{"not_picked":["Dagger Throw","Underhanded Strike"],"picked":"Footwork+1","floor":29}],"player_experience":212723,"relics_obtained":[{"floor":7,"key":"Bird Faced Urn"},{"floor":7,"key":"Centennial Puzzle"},{"floor":9,"key":"The Courier"},{"floor":23,"key":"Du-Vu Doll"},{"floor":23,"key":"Boot"},{"floor":26,"key":"Frozen Egg 2"},{"floor":28,"key":"Orichalcum"},{"floor":28,"key":"Whetstone"}],"event_choices":[{"damage_healed":0,"gold_gain":0,"player_choice":"Entered Light","damage_taken":14,"max_hp_gain":0,"max_hp_loss":0,"event_name":"Shining Light","floor":3,"gold_loss":0,"cards_upgraded":["Defend_G","Defend_G"]},{"damage_healed":0,"gold_gain":0,"player_choice":"1 cards matched","damage_taken":0,"max_hp_gain":0,"max_hp_loss":0,"event_name":"Match and Keep!","floor":4,"gold_loss":0,"cards_obtained":["Deadly Poison"]},{"damage_healed":23,"gold_gain":0,"player_choice":"Banana","damage_taken":0,"max_hp_gain":0,"max_hp_loss":0,"event_name":"Big Fish","floor":12,"gold_loss":0},{"damage_healed":0,"gold_gain":0,"player_choice":"Stole Relic","damage_taken":0,"relics_obtained":["Lantern"],"max_hp_gain":0,"max_hp_loss":0,"event_name":"Addict","floor":20,"gold_loss":0,"cards_obtained":["Shame"]},{"damage_healed":0,"gold_gain":0,"player_choice":"Paid Fearfully","damage_taken":0,"max_hp_gain":0,"max_hp_loss":0,"event_name":"Masked Bandits","floor":21,"gold_loss":19},{"damage_healed":0,"gold_gain":0,"player_choice":"Ignored","damage_taken":0,"max_hp_gain":0,"max_hp_loss":0,"event_name":"Cursed Tome","floor":31,"gold_loss":0}],"is_beta":false,"boss_relics":[{"not_picked":["Astrolabe","Lizard Tail"],"picked":"Ectoplasm"}],"items_purged_floors":[8],"is_endless":false,"potions_floor_spawned":[1,5,7,11,18,24,29],"killed_by":"Automaton","ascension_level":1}