{"gold_per_floor":[119,119,134,134,152,178,178,191,191,191,191,203,219,251,251,251],"floor_reached":16,"playtime":1127,"items_purged":[],"score":112,"play_id":"9a955cbb-d5e6-4138-abe1-29d2529186e3","local_time":"20190307233108","is_ascension_mode":false,"campfire_choices":[{"floor":7,"key":"REST"},{"floor":10,"key":"REST"},{"floor":15,"key":"REST"}],"neow_cost":"NONE","seed_source_timestamp":940878835541171,"circlet_count":0,"master_deck":["Strike_B","Strike_B","Strike_B","Defend_B","Defend_B","Defend_B","Defend_B","Zap","Dualcast","Cold Snap","Go for the Eyes","Recycle","Echo Form","Steam","Coolheaded","Turbo","Double Energy"],"relics":["Cracked Core","Blood Vial","Nunchaku","Darkstone Periapt","Ornamental Fan","FaceOfCleric","Lantern"],"potions_floor_usage":[6,8,14],"damage_taken":[{"damage":1,"enemies":"2 Louse","floor":1,"turns":2},{"damage":0,"enemies":"Small Slimes","floor":3,"turns":2},{"damage":0,"enemies":"Cultist","floor":5,"turns":3},{"damage":27,"enemies":"3 Sentries","floor":6,"turns":12},{"damage":18,"enemies":"Gremlin Gang","floor":8,"turns":6},{"damage":5,"enemies":"Looter","floor":12,"turns":4},{"damage":13,"enemies":"Red Slaver","floor":13,"turns":5},{"damage":29,"enemies":"Gremlin Nob","floor":14,"turns":5},{"damage":61,"enemies":"Hexaghost","floor":16,"turns":15}],"seed_played":"5442282488789216637","potions_obtained":[{"floor":3,"key":"Poison Potion"},{"floor":6,"key":"FearPotion"},{"floor":8,"key":"Explosive Potion"}],"is_trial":false,"path_per_floor":["M","?","M","?","M","E","R","M","T","R","?","M","M","E","R","B"],"character_chosen":"DEFECT","items_purchased":[],"campfire_rested":3,"item_purchase_floors":[],"current_hp_per_floor":[74,67,69,62,64,39,61,45,45,67,67,65,55,29,52,0],"gold":251,"neow_bonus":"RANDOM_COMMON_RELIC","is_prod":false,"is_daily":false,"chose_seed":false,"campfire_upgraded":0,"win_rate":0,"timestamp":1552012268,"path_taken":["M","?","M","?","M","E","R","M","T","R","?","?","M","E","R","BOSS"],"build_version":"2019-01-23","purchased_purges":0,"victory":false,"max_hp_per_floor":[75,75,75,75,75,75,75,75,75,75,75,76,77,78,78,78],"card_choices":[{"not_picked":["Rebound","Stack"],"picked":"Cold Snap","floor":1},{"not_picked":["Beam Cell","Turbo"],"picked":"Go for the Eyes","floor":3},{"not_picked":["Barrage","Chaos"],"picked":"Recycle","floor":5},{"not_picked":["Hologram","Heatsinks"],"picked":"Echo Form","floor":6},{"not_picked":["Rebound","Redo"],"picked":"Steam","floor":8},{"not_picked":["Consume","Redo"],"picked":"Coolheaded","floor":12},{"not_picked":["BootSequence","Stack"],"picked":"Turbo","floor":13},{"not_picked":["Streamline","Loop"],"picked":"Double Energy","floor":14}],"player_experience":34619,"relics_obtained":[{"floor":6,"key":"Darkstone Periapt"},{"floor":9,"key":"Ornamental Fan"},{"floor":14,"key":"Lantern"}],"event_choices":[{"cards_removed":["Strike_B"],"damage_healed":0,"gold_gain":0,"player_choice":"Card Removal","damage_taken":7,"max_hp_gain":0,"max_hp_loss":0,"event_name":"Golden Wing","floor":2,"gold_loss":0},{"damage_healed":0,"gold_gain":0,"player_choice":"Success","damage_taken":7,"relics_obtained":["Nunchaku"],"max_hp_gain":0,"max_hp_loss":0,"event_name":"Scrap Ooze","floor":4,"gold_loss":0},{"damage_healed":0,"gold_gain":0,"player_choice":"Trade","damage_taken":0,"relics_obtained":["FaceOfCleric"],"max_hp_gain":0,"max_hp_loss":0,"event_name":"FaceTrader","floor":11,"gold_loss":0}],"is_beta":false,"boss_relics":[],"items_purged_floors":[],"is_endless":false,"potions_floor_spawned":[3,6,8],"killed_by":"Hexaghost","ascension_level":0}