{"gold_per_floor":[110,122,133,61,80,112,126,141,141,141,69,69,96,107,107,209,209,228,247,264,13,25,25,85,85,138,138,138,88,163,181,181,181],"floor_reached":33,"playtime":1031,"items_purged":["Strike_G"],"score":279,"play_id":"774b9b07-ccf6-4f1f-ab11-11ca6a26ac44","local_time":"20180911165520","is_ascension_mode":false,"campfire_choices":[{"floor":10,"key":"REST"},{"data":"Bouncing Flask","floor":12,"key":"SMITH"},{"data":"Bouncing Flask","floor":15,"key":"SMITH"},{"floor":23,"key":"REST"},{"floor":25,"key":"REST"},{"floor":32,"key":"REST"}],"neow_cost":"NONE","seed_source_timestamp":64035279474218,"circlet_count":0,"master_deck":["Defend_G","Defend_G","Defend_G","Defend_G","Defend_G","Strike_G","Strike_G","Strike_G","Strike_G","Survivor","Neutralize+1","Bouncing Flask+1","Calculated Gamble","Dash","Sucker Punch","Deadly Poison","Poisoned Stab","Acrobatics","Blur","Bouncing Flask+1","Footwork","Envenom","Prepared+1","Good Instincts","Flying Knee+1","Terror","Crippling Poison"],"relics":["Ring of the Snake","Bird Faced Urn","Bottled Lightning","Oddly Smooth Stone","White Beast Statue","Art of War","Tiny Chest","Smiling Mask","Happy Flower","SsserpentHead","Dream Catcher"],"potions_floor_usage":[3,3,8,18,18,20,24,24,31,33],"damage_taken":[{"damage":0,"enemies":"Cultist","floor":1,"turns":4},{"damage":0,"enemies":"Jaw Worm","floor":2,"turns":4},{"damage":11,"enemies":"2 Louse","floor":3,"turns":3},{"damage":17,"enemies":"Large Slime","floor":5,"turns":7},{"damage":19,"enemies":"Gremlin Nob","floor":6,"turns":5},{"damage":2,"enemies":"Looter","floor":7,"turns":3},{"damage":10,"enemies":"Gremlin Gang","floor":8,"turns":2},{"damage":6,"enemies":"Lagavulin","floor":13,"turns":5},{"damage":6,"enemies":"Blue Slaver","floor":14,"turns":3},{"damage":4,"enemies":"Hexaghost","floor":16,"turns":8},{"damage":9,"enemies":"2 Thieves","floor":18,"turns":5},{"damage":1,"enemies":"Spheric Guardian","floor":19,"turns":4},{"damage":22,"enemies":"Centurion and Healer","floor":20,"turns":9},{"damage":21,"enemies":"Snake Plant","floor":22,"turns":4},{"damage":41,"enemies":"Slavers","floor":24,"turns":7},{"damage":24,"enemies":"3 Cultists","floor":31,"turns":6},{"damage":49,"enemies":"Collector","floor":33,"turns":5}],"seed_played":"-2237251580875480251","potions_obtained":[{"floor":1,"key":"Weak Potion"},{"floor":2,"key":"EntropicBrew"},{"floor":7,"key":"GhostInAJar"},{"floor":13,"key":"GhostInAJar"},{"floor":18,"key":"PowerPotion"},{"floor":19,"key":"Fire Potion"},{"floor":20,"key":"Ancient Potion"},{"floor":24,"key":"Regen Potion"},{"floor":31,"key":"Fire Potion"}],"is_trial":false,"path_per_floor":["M","M","M","$","M","E","M","M","T","R","$","R","E","M","R","B",null,"M","M","M","$","M","R","E","R","T","T","?","$","T","M","R"],"character_chosen":"THE_SILENT","items_purchased":["Sucker Punch","Deadly Poison","Footwork","Art of War","Good Instincts"],"campfire_rested":4,"item_purchase_floors":[4,4,11,21,21],"current_hp_per_floor":[70,70,59,59,42,23,21,11,11,32,32,32,28,22,22,20,70,61,60,40,40,23,44,9,30,30,30,30,30,30,22,43,0],"gold":181,"neow_bonus":"UPGRADE_CARD","is_prod":false,"is_daily":false,"chose_seed":false,"campfire_upgraded":2,"win_rate":0,"timestamp":1536706520,"path_taken":["M","M","M","$","M","E","M","M","T","R","$","R","E","M","R","BOSS","M","M","?","$","M","R","E","R","T","?","?","$","?","M","R","BOSS"],"build_version":"2018-09-06","purchased_purges":1,"victory":false,"max_hp_per_floor":[70,70,70,70,70,70,70,70,70,70,70,70,70,70,70,70,70,70,70,70,70,70,70,70,70,70,70,70,70,70,70,70,70],"card_choices":[{"not_picked":["Dagger Spray","Slice"],"picked":"Bouncing Flask","floor":1},{"not_picked":["Endless Agony","Quick Slash"],"picked":"Calculated Gamble","floor":2},{"not_picked":["PiercingWail","Underhanded Strike"],"picked":"Dash","floor":3},{"not_picked":["Setup","Prepared"],"picked":"Poisoned Stab","floor":5},{"not_picked":["Dagger Spray","Dodge and Roll"],"picked":"Acrobatics","floor":6},{"not_picked":["Riddle With Holes","Storm of Steel"],"picked":"Blur","floor":7},{"not_picked":["Outmaneuver","Slice"],"picked":"Bouncing Flask","floor":8},{"not_picked":["Dagger Spray","Endless Agony","Quick Slash"],"picked":"SKIP","floor":13},{"not_picked":["Dagger Throw","Underhanded Strike","Cloak And Dagger"],"picked":"SKIP","floor":14},{"not_picked":["Grand Finale","Wraith Form v2"],"picked":"Envenom","floor":16},{"not_picked":["Eviscerate","Caltrops","Finisher"],"picked":"SKIP","floor":18},{"not_picked":["Sucker Punch","Bane","Dagger Spray+1"],"picked":"SKIP","floor":19},{"not_picked":["Dodge and Roll+1","Deflect"],"picked":"Prepared+1","floor":20},{"not_picked":["Phantasmal Killer","PiercingWail"],"picked":"Flying Knee+1","floor":22},{"not_picked":["Dodge and Roll","Underhanded Strike","Die Die Die"],"picked":"SKIP","floor":24},{"not_picked":["Bane","PiercingWail+1"],"picked":"Terror","floor":31},{"not_picked":["Flying Knee","Concentrate"],"picked":"Crippling Poison","floor":32}],"player_experience":475306,"relics_obtained":[{"floor":6,"key":"Bird Faced Urn"},{"floor":9,"key":"Bottled Lightning"},{"floor":13,"key":"Oddly Smooth Stone"},{"floor":24,"key":"Tiny Chest"},{"floor":26,"key":"Smiling Mask"},{"floor":27,"key":"Happy Flower"},{"floor":30,"key":"Dream Catcher"}],"event_choices":[{"event_name":"FaceTrader","player_choice":"Trade","floor":28,"damage_taken":0}],"is_beta":false,"boss_relics":[{"not_picked":["HoveringKite","Eternal Feather"],"picked":"White Beast Statue"}],"items_purged_floors":[29],"is_endless":false,"potions_floor_spawned":[1,2,7,13,16,18,19,20,22,24,31],"killed_by":"Collector","ascension_level":0}