{"gold_per_floor":[119,41,216,229,1,30,30,30,55,71,36,36,36,51,51,155,155,174,174,89,89,17,17,17,48,48,48,65,65,65,65,65,166,166,179,179,179,189,205,205,220,220,296,310,310,310,337,337,337,337],"floor_reached":51,"playtime":1672,"items_purged":["Doubt"],"score":911,"play_id":"8d95ac1f-fd69-406c-9caa-5c201819b3e6","local_time":"20190314101801","is_ascension_mode":true,"campfire_choices":[{"data":"Storm","floor":7,"key":"SMITH"},{"data":"Zap","floor":12,"key":"SMITH"},{"data":"Steam","floor":15,"key":"SMITH"},{"floor":23,"key":"REST"},{"floor":27,"key":"REST"},{"data":"Defragment","floor":29,"key":"SMITH"},{"data":"Ghostly","floor":32,"key":"SMITH"},{"floor":40,"key":"REST"},{"data":"Ghostly","floor":42,"key":"SMITH"},{"floor":49,"key":"REST"}],"neow_cost":"NONE","seed_source_timestamp":178743512876227,"circlet_count":0,"master_deck":["Strike_B+1","Strike_B+1","Strike_B+1","Strike_B+1","Defend_B+1","Defend_B+1","Defend_B+1","Zap+1","Dualcast+1","Static Discharge+1","Self Repair+1","Storm+1","Electrodynamics+1","Regret","Steam+1","Defragment+1","Capacitor+1","Ball Lightning+1","Barrage+1","Ghostly+1","Ghostly+1","Ghostly+1","Ghostly+1","Ghostly+1","Conserve Battery+1","Lockon+1","Capacitor+1","Defragment+1","Barrage+1","Trip+1","Redo+1"],"relics":["FrozenCore","NeowsBlessing","DataDisk","Torii","Dream Catcher","Happy Flower","Question Card","Emotion Chip","Symbiotic Virus","Mango","Matryoshka","Lizard Tail","PreservedInsect","Pantograph","Thread and Needle","Mark of the Bloom"],"potions_floor_usage":[25,39,47,50,50,50],"damage_taken":[{"damage":0,"enemies":"2 Louse","floor":1,"turns":1},{"damage":0,"enemies":"Jaw Worm","floor":4,"turns":1},{"damage":0,"enemies":"3 Sentries","floor":6,"turns":2},{"damage":2,"enemies":"Small Slimes","floor":10,"turns":2},{"damage":7,"enemies":"Looter","floor":14,"turns":3},{"damage":27,"enemies":"The Guardian","floor":16,"turns":9},{"damage":3,"enemies":"Shell Parasite","floor":18,"turns":5},{"damage":29,"enemies":"Slavers","floor":25,"turns":3},{"damage":7,"enemies":"Chosen","floor":28,"turns":3},{"damage":4,"enemies":"Automaton","floor":33,"turns":8},{"damage":3,"enemies":"3 Darklings","floor":35,"turns":4},{"damage":4,"enemies":"Orb Walker","floor":38,"turns":4},{"damage":26,"enemies":"Maw","floor":39,"turns":6},{"damage":1,"enemies":"3 Darklings","floor":41,"turns":4},{"damage":0,"enemies":"Spire Growth","floor":44,"turns":4},{"damage":2,"enemies":"Giant Head","floor":47,"turns":7},{"damage":7,"enemies":"Donu and Deca","floor":50,"turns":6}],"seed_played":"8911355026396489186","potions_obtained":[{"floor":16,"key":"SkillPotion"},{"floor":25,"key":"FocusPotion"},{"floor":28,"key":"PowerPotion"},{"floor":35,"key":"Poison Potion"},{"floor":41,"key":"Block Potion"},{"floor":47,"key":"AttackPotion"}],"is_trial":false,"path_per_floor":["?","?","?","$","?","?","?","$","T","M","?","$","?","?","M","?","?","?"],"character_chosen":"DEFECT","items_purchased":["Self Repair","DataDisk","Defragment"],"campfire_rested":4,"item_purchase_floors":[2,5,22],"current_hp_per_floor":[75,75,75,75,75,75,75,75,75,73,73,73,73,73,73,53,75,75,61,61,61,61,80,80,72,72,94,87,87,47,47,47,43,47,47,47,45,41,22,35,41,41,41,45,45,45,45,45,45,38],"gold":337,"neow_bonus":"THREE_ENEMY_KILL","is_prod":false,"is_daily":false,"chose_seed":false,"campfire_upgraded":6,"win_rate":0,"timestamp":1552555081,"path_taken":["M","$","?","M","$","E","R","?","T","M","?","R","?","M","R","BOSS","M","?","?","?","?","R","?","E","T","R","?","R","?","?","R","BOSS","M","?","?","M","?","R","M","R","T","M","?","?","E","?","R","BOSS"],"build_version":"2019-01-23","purchased_purges":1,"victory":true,"max_hp_per_floor":[75,75,75,75,75,75,75,75,75,75,75,75,75,75,75,75,75,75,80,80,80,80,80,80,94,94,94,94,94,47,47,47,47,47,47,47,45,45,45,45,45,45,45,45,45,45,45,45,45,45],"card_choices":[{"not_picked":["Stack","Conserve Battery"],"picked":"Static Discharge","floor":1},{"not_picked":["Coolheaded","Undo"],"picked":"Storm","floor":4},{"not_picked":["Gash","Sweeping Beam"],"picked":"Electrodynamics","floor":6},{"not_picked":["Hologram","Beam Cell","Rebound"],"picked":"SKIP","floor":10},{"not_picked":["Cold Snap","Compile Driver"],"picked":"Steam","floor":14},{"not_picked":["Streamline","Hologram","Rebound+1"],"picked":"SKIP","floor":18},{"not_picked":["Steam Power+1","Cold Snap+1","Ball Lightning"],"picked":"Capacitor","floor":23},{"not_picked":["Machine Learning","Barrage+1","Reprogram+1"],"picked":"Ball Lightning","floor":25},{"not_picked":["Turbo","Cold Snap","Compile Driver"],"picked":"Barrage","floor":27},{"not_picked":["Hologram","Machine Learning","Blizzard","Scrape+1"],"picked":"SKIP","floor":28},{"not_picked":["Hello World+1","Barrage+1","Gash+1"],"picked":"Conserve Battery+1","floor":35},{"not_picked":["Sunder+1","Genetic Algorithm+1","Aggregate"],"picked":"Lockon+1","floor":38},{"not_picked":["Rebound","Cold Snap","Gash","Genetic Algorithm+1"],"picked":"SKIP","floor":39},{"not_picked":["Sweeping Beam+1","Rebound+1","Hologram+1"],"picked":"Capacitor+1","floor":40},{"not_picked":["Reinforced Body+1","Conserve Battery+1","Melter"],"picked":"Defragment+1","floor":41},{"not_picked":["Ball Lightning+1","Compile Driver+1","Double Energy"],"picked":"Barrage","floor":44},{"not_picked":["Purity","Mayhem","Good Instincts"],"picked":"Trip","floor":45},{"not_picked":["Genetic Algorithm+1","Streamline+1","Scrape"],"picked":"Redo+1","floor":47}],"player_experience":278501,"relics_obtained":[{"floor":6,"key":"Torii"},{"floor":9,"key":"Happy Flower"},{"floor":24,"key":"Symbiotic Virus"},{"floor":25,"key":"Mango"},{"floor":26,"key":"Matryoshka"},{"floor":43,"key":"PreservedInsect"},{"floor":43,"key":"Pantograph"},{"floor":47,"key":"Thread and Needle"}],"event_choices":[{"damage_healed":0,"gold_gain":175,"player_choice":"AGREE","damage_taken":0,"max_hp_gain":0,"max_hp_loss":0,"event_name":"Liars Game","floor":3,"gold_loss":0,"cards_obtained":["Doubt"]},{"damage_healed":0,"gold_gain":0,"player_choice":"Box","damage_taken":0,"relics_obtained":["Dream Catcher"],"max_hp_gain":0,"max_hp_loss":0,"event_name":"Big Fish","floor":8,"gold_loss":0,"cards_obtained":["Regret"]},{"damage_healed":0,"gold_gain":0,"player_choice":"Left Gold","damage_taken":0,"max_hp_gain":0,"max_hp_loss":0,"event_name":"World of Goop","floor":11,"gold_loss":35},{"damage_healed":0,"gold_gain":0,"player_choice":"Shed Blood","damage_taken":19,"max_hp_gain":5,"max_hp_loss":0,"event_name":"Forgotten Altar","floor":19,"gold_loss":0},{"damage_healed":0,"gold_gain":0,"player_choice":"Obtained Relic","damage_taken":0,"relics_obtained":["Question Card"],"max_hp_gain":0,"max_hp_loss":0,"event_name":"Addict","floor":20,"gold_loss":85},{"damage_healed":0,"gold_gain":0,"player_choice":"Opened","damage_taken":0,"relics_obtained":["Emotion Chip"],"max_hp_gain":0,"max_hp_loss":0,"event_name":"The Mausoleum","floor":21,"gold_loss":0},{"damage_healed":0,"gold_gain":0,"player_choice":"Became a Ghost","damage_taken":0,"max_hp_gain":0,"max_hp_loss":47,"event_name":"Ghosts","floor":30,"gold_loss":0,"cards_obtained":["Ghostly","Ghostly","Ghostly","Ghostly","Ghostly"]},{"cards_removed":["Defend_B"],"damage_healed":0,"gold_gain":0,"player_choice":"Removed Skill","damage_taken":0,"max_hp_gain":0,"max_hp_loss":0,"event_name":"Falling","floor":36,"gold_loss":0},{"damage_healed":0,"gold_gain":0,"player_choice":"Max HP","damage_taken":0,"max_hp_gain":0,"max_hp_loss":2,"event_name":"Winding Halls","floor":37,"gold_loss":0},{"damage_healed":0,"gold_gain":0,"player_choice":"Memory 1","damage_taken":0,"max_hp_gain":0,"max_hp_loss":0,"event_name":"SensoryStone","floor":45,"gold_loss":0},{"damage_healed":0,"gold_gain":0,"player_choice":"Ignored","damage_taken":0,"max_hp_gain":0,"max_hp_loss":0,"event_name":"Mysterious Sphere","floor":46,"gold_loss":0},{"damage_healed":0,"gold_gain":0,"player_choice":"Upgrade","damage_taken":0,"relics_obtained":["Mark of the Bloom"],"max_hp_gain":0,"max_hp_loss":0,"event_name":"MindBloom","floor":48,"gold_loss":0,"cards_upgraded":["Strike_B","Strike_B","Strike_B","Strike_B","Defend_B","Defend_B","Defend_B","Dualcast","Static Discharge","Self Repair","Electrodynamics","Capacitor","Ball Lightning","Barrage","Ghostly","Ghostly","Ghostly","Barrage","Trip"]}],"is_beta":false,"boss_relics":[{"not_picked":["White Beast Statue","Pandora\u0027s Box"],"picked":"FrozenCore"},{"not_picked":["Black Star","Runic Pyramid"],"picked":"Lizard Tail"}],"items_purged_floors":[5],"is_endless":false,"potions_floor_spawned":[16,25,28,35,41,47],"ascension_level":2}