{"gold_per_floor":[115,115,73,89,107,107,137,137,186,186,33,53,53,77,77,208,208,229,229,0,0,21,21,21,21,47,81,81],"floor_reached":28,"playtime":881,"items_purged":["Strike_B"],"score":246,"play_id":"497c20d6-7b56-4cef-a856-eaa17ccb6e20","local_time":"20190309133834","is_ascension_mode":true,"campfire_choices":[{"data":"Creative AI","floor":6,"key":"SMITH"},{"floor":8,"key":"REST"},{"data":"Redo","floor":10,"key":"SMITH"},{"data":"Defragment","floor":15,"key":"SMITH"},{"floor":23,"key":"REST"},{"data":"Steam","floor":25,"key":"SMITH"}],"neow_cost":"PERCENT_DAMAGE","seed_source_timestamp":343293744192888,"circlet_count":0,"master_deck":["Strike_B","Strike_B","Strike_B","Defend_B","Defend_B","Defend_B","Defend_B","Zap","Dualcast","Thunder Strike","Redo+1","Creative AI+1","Steam+1","Defragment+1","Thunder Strike","Ball Lightning","Conserve Battery+1","Leap"],"relics":["Cracked Core","Regal Pillow","PreservedInsect","Golden Idol","Runic Pyramid","Nunchaku","Blood Vial","The Courier"],"potions_floor_usage":[16,27],"damage_taken":[{"damage":1,"enemies":"2 Louse","floor":1,"turns":3},{"damage":0,"enemies":"Small Slimes","floor":4,"turns":3},{"damage":3,"enemies":"Jaw Worm","floor":5,"turns":5},{"damage":21,"enemies":"3 Sentries","floor":7,"turns":4},{"damage":10,"enemies":"Looter","floor":12,"turns":2},{"damage":0,"enemies":"Large Slime","floor":14,"turns":6},{"damage":34,"enemies":"The Guardian","floor":16,"turns":8},{"damage":22,"enemies":"Spheric Guardian","floor":18,"turns":5},{"damage":30,"enemies":"2 Thieves","floor":22,"turns":4},{"damage":49,"enemies":"Gremlin Leader","floor":27,"turns":6},{"damage":10,"enemies":"Colosseum Slavers","floor":28,"turns":1}],"seed_played":"758141532322659538","potions_obtained":[{"floor":7,"key":"FocusPotion"},{"floor":14,"key":"SpeedPotion"}],"is_trial":false,"path_per_floor":["?","?","$","?","?","?","$","?","?"],"character_chosen":"DEFECT","items_purchased":["Defragment"],"campfire_rested":2,"item_purchase_floors":[11],"current_hp_per_floor":[53,53,53,53,50,50,29,66,66,66,66,56,56,56,56,22,69,47,47,47,47,17,52,52,52,52,5,0],"gold":81,"neow_bonus":"THREE_RARE_CARDS","is_prod":false,"is_daily":false,"chose_seed":false,"campfire_upgraded":4,"win_rate":0,"timestamp":1552135114,"path_taken":["M","?","?","M","M","R","E","R","T","R","?","M","?","M","R","BOSS","M","?","?","?","M","R","?","R","T","E","?"],"build_version":"2019-01-23","purchased_purges":1,"victory":false,"max_hp_per_floor":[75,75,75,75,75,75,75,75,75,75,75,75,69,69,69,69,69,69,69,69,69,69,69,69,69,69,69,69],"card_choices":[{"not_picked":["Rainbow","Buffer"],"picked":"Thunder Strike","floor":0},{"not_picked":["Turbo","Conserve Battery"],"picked":"Redo","floor":1},{"not_picked":["Hologram","Fusion"],"picked":"Creative AI","floor":4},{"not_picked":["Coolheaded","Compile Driver","Double Energy"],"picked":"SKIP","floor":5},{"not_picked":["Hologram","Undo"],"picked":"Steam","floor":7},{"not_picked":["FTL","Undo","Scrape"],"picked":"SKIP","floor":12},{"not_picked":["Coolheaded","Genetic Algorithm","Skim"],"picked":"SKIP","floor":14},{"not_picked":["Core Surge","Machine Learning"],"picked":"Thunder Strike","floor":16},{"not_picked":["Defragment","Genetic Algorithm"],"picked":"Ball Lightning","floor":18},{"not_picked":["Aggregate","Coolheaded"],"picked":"Conserve Battery+1","floor":22},{"not_picked":["Genetic Algorithm","Gash"],"picked":"Leap","floor":27}],"player_experience":185628,"relics_obtained":[{"floor":7,"key":"Regal Pillow"},{"floor":9,"key":"PreservedInsect"},{"floor":26,"key":"Blood Vial"},{"floor":27,"key":"The Courier"}],"event_choices":[{"damage_healed":0,"gold_gain":0,"player_choice":"Ignored","damage_taken":0,"max_hp_gain":0,"max_hp_loss":0,"event_name":"Liars Game","floor":2,"gold_loss":0},{"damage_healed":0,"gold_gain":0,"player_choice":"Left Gold","damage_taken":0,"max_hp_gain":0,"max_hp_loss":0,"event_name":"World of Goop","floor":3,"gold_loss":42},{"damage_healed":0,"gold_gain":0,"player_choice":"Lose Max HP","damage_taken":0,"relics_obtained":["Golden Idol"],"max_hp_gain":0,"max_hp_loss":6,"event_name":"Golden Idol","floor":13,"gold_loss":0},{"damage_healed":0,"gold_gain":0,"player_choice":"Opened","damage_taken":0,"relics_obtained":["Nunchaku"],"max_hp_gain":0,"max_hp_loss":0,"event_name":"The Mausoleum","floor":19,"gold_loss":0},{"damage_healed":0,"gold_gain":0,"player_choice":"Paid Fearfully","damage_taken":0,"max_hp_gain":0,"max_hp_loss":0,"event_name":"Masked Bandits","floor":20,"gold_loss":229},{"damage_healed":0,"gold_gain":0,"player_choice":"Ignored","damage_taken":0,"max_hp_gain":0,"max_hp_loss":0,"event_name":"Ghosts","floor":24,"gold_loss":0},{"damage_healed":0,"gold_gain":0,"player_choice":"Fight","damage_taken":0,"max_hp_gain":0,"max_hp_loss":0,"event_name":"Colosseum","floor":28,"gold_loss":0}],"is_beta":false,"boss_relics":[{"not_picked":["Cursed Key","Astrolabe"],"picked":"Runic Pyramid"}],"items_purged_floors":[11],"is_endless":false,"potions_floor_spawned":[7,14],"killed_by":"Colosseum Slavers","ascension_level":1}