{"gold_per_floor":[117,42,42,58,58,58,70,70,95,108,58,81,94,109,109,109],"floor_reached":16,"playtime":1359,"items_purged":["Battle Trance"],"score":99,"play_id":"4d51ef79-d49e-42d4-ac9c-a0363a6b4336","local_time":"20190512031019","is_ascension_mode":true,"campfire_choices":[{"data":"Pommel Strike","floor":6,"key":"SMITH"},{"floor":15,"key":"REST"}],"neow_cost":"NONE","seed_source_timestamp":37719419035196,"circlet_count":0,"master_deck":["Strike_R","Defend_R","Defend_R","Defend_R","Defend_R","Bash","Pommel Strike+1","Flex"],"relics":["Burning Blood","Golden Idol","Ancient Tea Set"],"potions_floor_usage":[12,16],"damage_taken":[{"damage":7,"enemies":"2 Louse","floor":1,"turns":2},{"damage":0,"enemies":"Small Slimes","floor":4,"turns":4},{"damage":11,"enemies":"Jaw Worm","floor":7,"turns":2},{"damage":16,"enemies":"Exordium Wildlife","floor":10,"turns":4},{"damage":19,"enemies":"Exordium Thugs","floor":12,"turns":8},{"damage":2,"enemies":"Looter","floor":13,"turns":5},{"damage":6,"enemies":"3 Louse","floor":14,"turns":5},{"damage":85,"enemies":"The Guardian","floor":16,"turns":10}],"seed_played":"-952936690112384102","potions_obtained":[{"floor":1,"key":"SteroidPotion"},{"floor":12,"key":"FearPotion"},{"floor":14,"key":"FearPotion"}],"is_trial":false,"path_per_floor":["M","$","?","M","?","R","M","?","T","M","?","M","M","M","R","B"],"character_chosen":"IRONCLAD","items_purchased":[],"campfire_rested":1,"item_purchase_floors":[],"current_hp_per_floor":[79,79,72,78,78,78,73,53,53,43,43,30,34,34,58,0],"gold":109,"neow_bonus":"REMOVE_CARD","is_prod":false,"is_daily":false,"chose_seed":false,"campfire_upgraded":1,"win_rate":0,"timestamp":1557627019,"path_taken":["M","$","?","M","?","R","M","?","T","M","?","M","M","M","R","BOSS"],"build_version":"2019-01-23","purchased_purges":1,"victory":false,"max_hp_per_floor":[80,80,80,80,80,80,80,80,80,80,80,80,80,80,80,80],"card_choices":[{"not_picked":["Seeing Red","Reckless Charge"],"picked":"Battle Trance","floor":1},{"not_picked":["Warcry","Anger"],"picked":"Pommel Strike","floor":4},{"not_picked":["Immolate","Wild Strike"],"picked":"Flex","floor":7},{"not_picked":["Dual Wield","Flex","Thunderclap"],"picked":"SKIP","floor":10},{"not_picked":["Twin Strike","Iron Wave","Heavy Blade"],"picked":"SKIP","floor":12},{"not_picked":["Flex","Shrug It Off","Pommel Strike"],"picked":"SKIP","floor":13},{"not_picked":["Exhume","Shockwave","Pommel Strike"],"picked":"SKIP","floor":14}],"player_experience":199988,"relics_obtained":[{"floor":9,"key":"Ancient Tea Set"}],"event_choices":[{"cards_removed":["Strike_R"],"damage_healed":0,"gold_gain":0,"player_choice":"Card Removal","damage_taken":7,"max_hp_gain":0,"max_hp_loss":0,"event_name":"Golden Wing","floor":3,"gold_loss":0},{"cards_removed":["Strike_R"],"damage_healed":0,"gold_gain":0,"player_choice":"Forget","damage_taken":0,"max_hp_gain":0,"max_hp_loss":0,"event_name":"Living Wall","floor":5,"gold_loss":0},{"damage_healed":0,"gold_gain":0,"player_choice":"Take Damage","damage_taken":20,"relics_obtained":["Golden Idol"],"max_hp_gain":0,"max_hp_loss":0,"event_name":"Golden Idol","floor":8,"gold_loss":0},{"cards_removed":["Strike_R"],"damage_healed":0,"gold_gain":0,"player_choice":"Card Removal","damage_taken":0,"max_hp_gain":0,"max_hp_loss":0,"event_name":"The Cleric","floor":11,"gold_loss":50}],"is_beta":false,"boss_relics":[],"items_purged_floors":[2],"is_endless":false,"potions_floor_spawned":[1,12,14],"killed_by":"The Guardian","ascension_level":1}