{"gold_per_floor":[112,123,136,153,26,59,59,93,120,140,168,168,184,197,197,294,294,306,319,319,319,329,329,359,359,386,386,420,438,473,489,489,588,588,600,615,615,665,665,665,665,209,209,209,223,323,348,49,49,49],"floor_reached":50,"playtime":6349,"items_purged":["Fire Breathing","Writhe","Body Slam"],"score":685,"play_id":"b088453d-08b2-4134-b234-09f4b4c56f24","local_time":"20190713180214","is_ascension_mode":true,"campfire_choices":[{"data":"Perfected Strike","floor":7.0,"key":"SMITH"},{"floor":15.0,"key":"REST"},{"data":"Perfected Strike","floor":23.0,"key":"SMITH"},{"data":"Armaments","floor":25.0,"key":"SMITH"},{"floor":32.0,"key":"REST"},{"data":"Double Tap","floor":40.0,"key":"SMITH"},{"data":"Limit Break","floor":44.0,"key":"SMITH"},{"floor":49.0,"key":"REST"}],"neow_cost":"TEN_PERCENT_HP_LOSS","seed_source_timestamp":0,"circlet_count":0,"master_deck":["Strike_R","Strike_R","Strike_R","Strike_R","Bash","Perfected Strike+1","Metallicize","Twin Strike","Clothesline","Shrug It Off","Armaments+1","Demon Form","Dual Wield","Offering","Pommel Strike","Feed","Carnage","Corruption","Perfected Strike+1","Thunderclap","Flex","Infernal Blade","Spot Weakness+1","Flame Barrier","Uppercut","Double Tap+1","Perfected Strike+1","Bandage Up","Limit Break+1","Feel No Pain","Twin Strike+1","Perfected Strike+1","Shrug It Off","Perfected Strike+1"],"special_seed":0,"relics":["Burning Blood","Dream Catcher","Bag of Marbles","Anchor","Blood Vial","Philosopher\u0027s Stone","Lantern","Oddly Smooth Stone","Ancient Tea Set","Happy Flower","Pen Nib","Mark of Pain","Peace Pipe","ClockworkSouvenir","Molten Egg 2","Paper Frog"],"potions_floor_usage":[50,50],"damage_taken":[{"damage":6.0,"enemies":"Cultist","floor":1.0,"turns":3.0},{"damage":0.0,"enemies":"Small Slimes","floor":2.0,"turns":4.0},{"damage":9.0,"enemies":"2 Louse","floor":3.0,"turns":3.0},{"damage":11.0,"enemies":"Looter","floor":4.0,"turns":4.0},{"damage":26.0,"enemies":"Lagavulin","floor":6.0,"turns":8.0},{"damage":25.0,"enemies":"3 Sentries","floor":8.0,"turns":9.0},{"damage":0.0,"enemies":"Large Slime","floor":10.0,"turns":4.0},{"damage":24.0,"enemies":"Gremlin Nob","floor":11.0,"turns":4.0},{"damage":7.0,"enemies":"2 Fungi Beasts","floor":13.0,"turns":3.0},{"damage":8.0,"enemies":"Exordium Thugs","floor":14.0,"turns":4.0},{"damage":46.0,"enemies":"Hexaghost","floor":16.0,"turns":11.0},{"damage":15.0,"enemies":"2 Thieves","floor":18.0,"turns":3.0},{"damage":10.0,"enemies":"Spheric Guardian","floor":19.0,"turns":3.0},{"damage":6.0,"enemies":"Cultist and Chosen","floor":22.0,"turns":3.0},{"damage":45.0,"enemies":"Slavers","floor":24.0,"turns":5.0},{"damage":0.0,"enemies":"Gremlin Leader","floor":28.0,"turns":5.0},{"damage":8.0,"enemies":"Snake Plant","floor":29.0,"turns":3.0},{"damage":26.0,"enemies":"Book of Stabbing","floor":30.0,"turns":3.0},{"damage":20.0,"enemies":"Shelled Parasite and Fungi","floor":31.0,"turns":2.0},{"damage":15.0,"enemies":"Collector","floor":33.0,"turns":4.0},{"damage":38.0,"enemies":"3 Shapes","floor":35.0,"turns":4.0},{"damage":17.0,"enemies":"3 Darklings","floor":36.0,"turns":3.0},{"damage":15.0,"enemies":"2 Orb Walkers","floor":38.0,"turns":3.0},{"damage":16.0,"enemies":"Maw","floor":45.0,"turns":5.0},{"damage":29.0,"enemies":"Nemesis","floor":47.0,"turns":3.0},{"damage":57,"enemies":"Time Eater","floor":50,"turns":5}],"seed_played":"671616290727228398","potions_obtained":[{"floor":3.0,"key":"AttackPotion"},{"floor":4.0,"key":"Weak Potion"},{"floor":8.0,"key":"SteroidPotion"},{"floor":11.0,"key":"Regen Potion"},{"floor":13.0,"key":"SkillPotion"},{"floor":18.0,"key":"SteroidPotion"},{"floor":22.0,"key":"Energy Potion"},{"floor":31.0,"key":"SkillPotion"},{"floor":33.0,"key":"SpeedPotion"},{"floor":36.0,"key":"Fire Potion"},{"floor":47.0,"key":"GamblersBrew"}],"is_trial":false,"path_per_floor":["M","M","M","M","$","E","R","E","T","M","E","?","M","M","R","B",null,"M","M","?","?","M","R","E","R","T","?","E","M","E","M","R","B",null,"M","M","?","?","?","R","?","$","T","R","M","?","E","$","R","B"],"character_chosen":"IRONCLAD","items_purchased":["Shrug It Off","ClockworkSouvenir","Limit Break","Perfected Strike+1","Shrug It Off","Block Potion","Dexterity Potion"],"campfire_rested":3,"item_purchase_floors":[5,42,42,48,48,48,48],"current_hp_per_floor":[72,72,69,64,64,44,44,25,25,31,13,13,14,14,35,12,72,63,61,61,61,66,66,29,29,29,29,37,37,19,10,33,26,78,49,40,40,33,33,33,33,33,33,33,29,29,8,8,32,0],"gold":49,"neow_bonus":"TRANSFORM_TWO_CARDS","is_prod":false,"is_daily":false,"chose_seed":false,"campfire_upgraded":5,"win_rate":0,"timestamp":1563066134,"path_taken":["M","?","M","M","$","E","R","E","T","M","E","?","M","M","R","BOSS","M","M","?","?","M","R","E","R","T","?","E","M","E","M","R","BOSS","M","M","?","?","?","R","?","$","T","R","?","?","E","$","R","BOSS"],"build_version":"2019-07-05","purchased_purges":3,"victory":false,"max_hp_per_floor":[72,72,72,72,72,72,72,72,72,72,72,72,72,72,72,72,72,72,72,72,72,75,75,75,75,75,75,75,75,75,78,78,78,78,81,81,81,81,81,81,81,81,81,81,81,81,81,81,81,81],"card_choices":[{"not_picked":["Heavy Blade","Searing Blow"],"picked":"Metallicize","floor":1.0},{"not_picked":["Iron Wave","Sword Boomerang"],"picked":"Twin Strike","floor":2.0},{"not_picked":["Rampage","Sword Boomerang"],"picked":"Clothesline","floor":3.0},{"not_picked":["True Grit","Warcry"],"picked":"Headbutt","floor":4.0},{"not_picked":["Cleave","Heavy Blade"],"picked":"Armaments","floor":6.0},{"not_picked":["Heavy Blade","Entrench"],"picked":"Demon Form","floor":8.0},{"not_picked":["Sword Boomerang","Cleave"],"picked":"Dual Wield","floor":10.0},{"not_picked":["Burning Pact","Iron Wave"],"picked":"Offering","floor":11.0},{"not_picked":["Clothesline","Dropkick","True Grit"],"picked":"SKIP","floor":13.0},{"not_picked":["Combust","Pummel"],"picked":"Body Slam","floor":14.0},{"not_picked":["Thunderclap","Anger"],"picked":"Pommel Strike","floor":15.0},{"not_picked":["Demon Form","Dark Embrace"],"picked":"Feed","floor":16.0},{"not_picked":["Body Slam","Iron Wave"],"picked":"Carnage","floor":18.0},{"not_picked":["Dual Wield","Clash"],"picked":"Corruption","floor":19.0},{"not_picked":["Rupture+1","Heavy Blade"],"picked":"Thunderclap","floor":22.0},{"not_picked":["Intimidate","Fire Breathing","Bloodletting"],"picked":"SKIP","floor":24.0},{"not_picked":["Cleave","True Grit","Sever Soul"],"picked":"SKIP","floor":28.0},{"not_picked":["Dropkick","Shrug It Off"],"picked":"Spot Weakness+1","floor":29.0},{"not_picked":["Sword Boomerang","Pummel","Searing Blow"],"picked":"SKIP","floor":30.0},{"not_picked":["Heavy Blade","Rupture+1"],"picked":"Flame Barrier","floor":31.0},{"not_picked":["Seeing Red","Flex"],"picked":"Uppercut","floor":32.0},{"not_picked":["Feed","Impervious"],"picked":"Double Tap","floor":33.0},{"not_picked":["Iron Wave","Shrug It Off"],"picked":"Perfected Strike+1","floor":35.0},{"not_picked":["Sword Boomerang","Clash+1","Warcry"],"picked":"SKIP","floor":36.0},{"not_picked":["Rampage+1","Flex+1"],"picked":"Feel No Pain","floor":45.0},{"not_picked":["Corruption","Power Through+1"],"picked":"Twin Strike+1","floor":47.0},{"not_picked":["Shrug It Off","Iron Wave+1"],"picked":"Perfected Strike+1","floor":49.0}],"player_experience":29527,"relics_obtained":[{"floor":6.0,"key":"Dream Catcher"},{"floor":8.0,"key":"Bag of Marbles"},{"floor":9.0,"key":"Anchor"},{"floor":11.0,"key":"Blood Vial"},{"floor":24.0,"key":"Oddly Smooth Stone"},{"floor":26.0,"key":"Ancient Tea Set"},{"floor":28.0,"key":"Happy Flower"},{"floor":30.0,"key":"Pen Nib"},{"floor":38.0,"key":"Peace Pipe"},{"floor":43.0,"key":"Molten Egg 2"},{"floor":47.0,"key":"Paper Frog"}],"event_choices":[{"cards_removed":["Defend_R"],"damage_healed":0.0,"max_hp_gain":0.0,"max_hp_loss":0.0,"gold_gain":0.0,"event_name":"Living Wall","player_choice":"Forget","floor":12.0,"gold_loss":0.0,"damage_taken":0.0},{"damage_healed":0.0,"max_hp_gain":0.0,"max_hp_loss":0.0,"gold_gain":0.0,"event_name":"The Mausoleum","player_choice":"Opened","floor":20.0,"gold_loss":0.0,"damage_taken":0.0,"relics_obtained":["Lantern"],"cards_obtained":["Writhe"]},{"damage_healed":0.0,"max_hp_gain":0.0,"max_hp_loss":0.0,"gold_gain":0.0,"event_name":"The Library","player_choice":"Read","floor":21.0,"gold_loss":0.0,"damage_taken":0.0,"cards_obtained":["Perfected Strike"]},{"damage_healed":0.0,"max_hp_gain":0.0,"max_hp_loss":0.0,"gold_gain":0.0,"cards_transformed":["Defend_R","Defend_R"],"event_name":"Drug Dealer","player_choice":"Became Test Subject","floor":27.0,"gold_loss":0.0,"damage_taken":0.0,"cards_obtained":["Flex","Infernal Blade"]},{"damage_healed":0.0,"max_hp_gain":0.0,"max_hp_loss":0.0,"gold_gain":0.0,"event_name":"The Moai Head","player_choice":"Ignored","floor":37.0,"gold_loss":0.0,"damage_taken":0.0},{"damage_healed":0.0,"max_hp_gain":0.0,"max_hp_loss":0.0,"gold_gain":0.0,"event_name":"Mysterious Sphere","player_choice":"Fight","floor":38.0,"gold_loss":0.0,"damage_taken":0.0},{"cards_removed":["Headbutt"],"damage_healed":0.0,"max_hp_gain":0.0,"max_hp_loss":0.0,"gold_gain":0.0,"event_name":"Falling","player_choice":"Removed Attack","floor":39.0,"gold_loss":0.0,"damage_taken":0.0},{"damage_healed":0.0,"max_hp_gain":0.0,"max_hp_loss":0.0,"gold_gain":0.0,"event_name":"Match and Keep!","player_choice":"1 cards matched","floor":41.0,"gold_loss":0.0,"damage_taken":0.0,"cards_obtained":["Bandage Up"]},{"damage_healed":0.0,"max_hp_gain":0.0,"max_hp_loss":0.0,"gold_gain":100.0,"event_name":"Golden Shrine","player_choice":"Pray","floor":46.0,"gold_loss":0.0,"damage_taken":0.0}],"is_beta":false,"boss_relics":[{"not_picked":["White Beast Statue","Sozu"],"picked":"Philosopher\u0027s Stone"},{"not_picked":["Lizard Tail","Runic Cube"],"picked":"Mark of Pain"}],"items_purged_floors":[5,42,48],"is_endless":false,"potions_floor_spawned":[3,4,8,11,13,18,22,31,33,36,47],"killed_by":"Time Eater","ascension_level":2}