{"gold_per_floor":[115,134,146,100,100,133,133,167,167,167,22,47,47,88,88,211,211,225,225,265,289,303,303,334,334,334,42,42,56,96,21,21,21],"floor_reached":33,"playtime":7685,"items_purged":["Defend_R"],"score":326,"play_id":"bddd124e-ab2e-4d49-a07c-1e6c67428d8f","local_time":"20190706002723","is_ascension_mode":false,"campfire_choices":[{"floor":7.0,"key":"REST"},{"data":"Searing Blow+1","floor":13.0,"key":"SMITH"},{"floor":15.0,"key":"REST"},{"floor":23.0,"key":"REST"},{"data":"1","floor":32,"key":"LIFT"}],"neow_cost":"NONE","seed_source_timestamp":0,"circlet_count":0,"master_deck":["Strike_R","Strike_R","Strike_R","Strike_R","Strike_R","Defend_R","Defend_R","Defend_R","Bash","Flex","Body Slam","Cleave","Pommel Strike","Twin Strike","Searing Blow+2","Thunderclap","Double Tap","Feed","Pommel Strike","J.A.X.","Shrug It Off","Metallicize+1","Inflame+1","Carnage","Carnage+1","Armaments"],"special_seed":0,"relics":["Burning Blood","Golden Idol","Regal Pillow","Mercury Hourglass","Ancient Tea Set","PreservedInsect","Blood Vial","White Beast Statue","Red Mask","Strawberry","Lantern","Girya","Kunai"],"potions_floor_usage":[33,33],"damage_taken":[{"damage":6.0,"enemies":"Cultist","floor":1.0,"turns":3.0},{"damage":1.0,"enemies":"2 Louse","floor":2.0,"turns":3.0},{"damage":1.0,"enemies":"Jaw Worm","floor":3.0,"turns":3.0},{"damage":39.0,"enemies":"3 Sentries","floor":6.0,"turns":7.0},{"damage":28.0,"enemies":"Gremlin Nob","floor":8.0,"turns":4.0},{"damage":0.0,"enemies":"2 Fungi Beasts","floor":12.0,"turns":2.0},{"damage":13.0,"enemies":"3 Sentries","floor":14.0,"turns":3.0},{"damage":58.0,"enemies":"The Guardian","floor":16.0,"turns":9.0},{"damage":41.0,"enemies":"2 Thieves","floor":18.0,"turns":4.0},{"damage":46.0,"enemies":"Masked Bandits","floor":20.0,"turns":5.0},{"damage":11.0,"enemies":"Shell Parasite","floor":21.0,"turns":3.0},{"damage":19.0,"enemies":"Snake Plant","floor":22.0,"turns":4.0},{"damage":28.0,"enemies":"Book of Stabbing","floor":24.0,"turns":4.0},{"damage":14.0,"enemies":"Cultist and Chosen","floor":29.0,"turns":4.0},{"damage":14.0,"enemies":"Slavers","floor":30.0,"turns":3.0},{"damage":127,"enemies":"Champ","floor":33,"turns":11}],"seed_played":"-6404432526882605199","potions_obtained":[{"floor":3.0,"key":"Dexterity Potion"},{"floor":6.0,"key":"Strength Potion"},{"floor":8.0,"key":"Energy Potion"},{"floor":18.0,"key":"Weak Potion"},{"floor":20.0,"key":"PowerPotion"},{"floor":21.0,"key":"BloodPotion"},{"floor":22.0,"key":"BloodPotion"},{"floor":24.0,"key":"Explosive Potion"},{"floor":29.0,"key":"LiquidBronze"},{"floor":30.0,"key":"Explosive Potion"}],"is_trial":false,"path_per_floor":["M","M","M","$","?","E","R","E","T","?","$","M","R","E","R","B",null,"M","?","?","M","M","R","E","?","T","$","?","M","E","$","R","B"],"character_chosen":"IRONCLAD","items_purchased":["Pommel Strike","PreservedInsect","Girya"],"campfire_rested":3,"item_purchase_floors":[4,11,27],"current_hp_per_floor":[88,88,88,88,66,33,74,52,52,52,52,58,58,51,88,36,88,56,56,21,18,30,73,60,93,93,93,93,90,87,87,87,0],"gold":21,"neow_bonus":"TEN_PERCENT_HP_BONUS","is_prod":false,"is_daily":false,"chose_seed":false,"campfire_upgraded":1,"win_rate":0.0,"timestamp":1562398043,"path_taken":["M","M","M","?","?","E","R","E","T","?","$","M","R","E","R","BOSS","M","?","?","M","M","R","E","?","T","$","?","M","E","$","R","BOSS"],"build_version":"2019-07-05","purchased_purges":1,"victory":false,"max_hp_per_floor":[88,88,88,88,88,88,88,88,88,88,88,88,88,88,88,88,88,91,91,94,94,94,94,101,101,101,101,101,104,107,107,107,107],"card_choices":[{"not_picked":["Sword Boomerang","Burning Pact"],"picked":"Flex","floor":1.0},{"not_picked":["Metallicize","Flame Barrier"],"picked":"Body Slam","floor":2.0},{"not_picked":["Twin Strike","Clash"],"picked":"Cleave","floor":3.0},{"not_picked":["Second Wind","Hemokinesis"],"picked":"Twin Strike","floor":6.0},{"not_picked":["Body Slam","Blood for Blood"],"picked":"Searing Blow","floor":8.0},{"not_picked":["Sword Boomerang","Cleave"],"picked":"Thunderclap","floor":12.0},{"not_picked":["Anger","Berserk"],"picked":"Double Tap","floor":14.0},{"not_picked":["Fiend Fire","Brutality"],"picked":"Feed","floor":16.0},{"not_picked":["Shockwave","Sword Boomerang"],"picked":"Pommel Strike","floor":18.0},{"not_picked":["Iron Wave","Feel No Pain"],"picked":"Shrug It Off","floor":20.0},{"not_picked":["Body Slam","Flex"],"picked":"Metallicize+1","floor":21.0},{"not_picked":["Rupture","Carnage+1"],"picked":"Inflame+1","floor":22.0},{"not_picked":["Rampage","Juggernaut"],"picked":"Carnage","floor":24.0},{"not_picked":["Intimidate","Rupture"],"picked":"Carnage+1","floor":29.0},{"not_picked":["Iron Wave+1","Hemokinesis"],"picked":"Armaments","floor":30.0}],"player_experience":1311,"relics_obtained":[{"floor":6.0,"key":"Regal Pillow"},{"floor":8.0,"key":"Mercury Hourglass"},{"floor":9.0,"key":"Ancient Tea Set"},{"floor":14.0,"key":"Blood Vial"},{"floor":20.0,"key":"Red Mask"},{"floor":24.0,"key":"Strawberry"},{"floor":26.0,"key":"Lantern"},{"floor":30.0,"key":"Kunai"}],"event_choices":[{"damage_healed":0.0,"max_hp_gain":0.0,"max_hp_loss":0.0,"gold_gain":0.0,"event_name":"Golden Idol","player_choice":"Take Damage","floor":5.0,"gold_loss":0.0,"damage_taken":22.0,"relics_obtained":["Golden Idol"]},{"damage_healed":0.0,"max_hp_gain":0.0,"max_hp_loss":0.0,"gold_gain":0.0,"event_name":"Living Wall","player_choice":"Grow","floor":10.0,"gold_loss":0.0,"damage_taken":0.0,"cards_upgraded":["Searing Blow"]},{"damage_healed":0.0,"max_hp_gain":0.0,"max_hp_loss":0.0,"gold_gain":0.0,"event_name":"Drug Dealer","player_choice":"Obtain J.A.X.","floor":19.0,"gold_loss":0.0,"damage_taken":0.0,"cards_obtained":["J.A.X."]},{"damage_healed":0.0,"max_hp_gain":0.0,"max_hp_loss":0.0,"gold_gain":0.0,"event_name":"Masked Bandits","player_choice":"Fought Bandits","floor":20.0,"gold_loss":0.0,"damage_taken":0.0},{"damage_healed":33.0,"max_hp_gain":0.0,"max_hp_loss":0.0,"gold_gain":0.0,"event_name":"The Library","player_choice":"Heal","floor":25.0,"gold_loss":0.0,"damage_taken":0.0}],"is_beta":false,"boss_relics":[{"not_picked":["Runic Pyramid","Mark of Pain"],"picked":"White Beast Statue"}],"items_purged_floors":[31],"is_endless":false,"potions_floor_spawned":[3,6,8,12,18,20,21,22,24,29,30],"killed_by":"Champ","ascension_level":0}