{"gold_per_floor":[110,121,121,121,121,121,137,149,229,229,249,267,38,66,66,167,167,179,195,205,130,130,164,164,174,174,174,174,187,187,221,221,323,323,335,345,359,182,200,200,233,233,233,233,268,280,280,190,190,190],"floor_reached":50,"playtime":1836,"items_purged":["Strike_B","Strike_B"],"score":730,"play_id":"f3721e34-dd6e-4365-9df4-09b3b04f4f03","local_time":"20190714153200","is_ascension_mode":true,"campfire_choices":[{"data":"Zap","floor":6,"key":"SMITH"},{"data":"Chill","floor":10,"key":"SMITH"},{"floor":15,"key":"REST"},{"floor":24,"key":"REST"},{"data":"Defragment","floor":27,"key":"SMITH"},{"data":"Barrage","floor":30,"key":"SMITH"},{"floor":32,"key":"REST"},{"data":"Tempest","floor":40,"key":"SMITH"},{"floor":42,"key":"REST"},{"floor":47,"key":"REST"},{"floor":49,"key":"RECALL"}],"neow_cost":"NONE","seed_source_timestamp":1187620794399731,"circlet_count":0,"master_deck":["Defend_B","Defend_B","Defend_B","Defend_B","Zap+1","Undo","Ball Lightning","Steam","Leap","Chill+1","Defragment+1","Chaos","Conserve Battery","Tempest+1","Biased Cognition","Barrage+1","Ball Lightning","Capacitor+1","Electrodynamics","Storm","Tempest+1","Seek"],"relics":["Cracked Core","Bronze Scales","Meat on the Bone","Runic Capacitor","Pear","Nuclear Battery","DataDisk","Thread and Needle","Red Mask","Velvet Choker","Dream Catcher","Anchor"],"potions_floor_usage":[14,14,16,19,23,25,29,33,33,45,50,50],"damage_taken":[{"damage":3,"enemies":"Small Slimes","floor":1,"turns":4},{"damage":7,"enemies":"Jaw Worm","floor":2,"turns":3},{"damage":0,"enemies":"Cultist","floor":7,"turns":3},{"damage":0,"enemies":"3 Louse","floor":8,"turns":3},{"damage":4,"enemies":"Exordium Wildlife","floor":11,"turns":5},{"damage":4,"enemies":"Gremlin Gang","floor":12,"turns":4},{"damage":18,"enemies":"Gremlin Nob","floor":14,"turns":5},{"damage":20,"enemies":"Hexaghost","floor":16,"turns":8},{"damage":1,"enemies":"Shell Parasite","floor":18,"turns":4},{"damage":1,"enemies":"Spheric Guardian","floor":19,"turns":3},{"damage":10,"enemies":"Centurion and Healer","floor":20,"turns":7},{"damage":54,"enemies":"Gremlin Leader","floor":23,"turns":7},{"damage":0,"enemies":"Shelled Parasite and Fungi","floor":25,"turns":3},{"damage":0,"enemies":"Sentry and Sphere","floor":29,"turns":3},{"damage":0,"enemies":"Masked Bandits","floor":31,"turns":4},{"damage":50,"enemies":"Collector","floor":33,"turns":7},{"damage":0,"enemies":"3 Darklings","floor":35,"turns":4},{"damage":0,"enemies":"3 Shapes","floor":36,"turns":2},{"damage":9,"enemies":"Writhing Mass","floor":37,"turns":4},{"damage":0,"enemies":"3 Darklings","floor":39,"turns":3},{"damage":36,"enemies":"Giant Head","floor":41,"turns":6},{"damage":24,"enemies":"Nemesis","floor":45,"turns":5},{"damage":0,"enemies":"Sphere and 2 Shapes","floor":46,"turns":3},{"damage":84,"enemies":"Time Eater","floor":50,"turns":8}],"seed_played":"-3260591813643764605","potions_obtained":[{"floor":8,"key":"GamblersBrew"},{"floor":11,"key":"Strength Potion"},{"floor":12,"key":"Dexterity Potion"},{"floor":14,"key":"Dexterity Potion"},{"floor":16,"key":"Fruit Juice"},{"floor":19,"key":"FearPotion"},{"floor":23,"key":"LiquidBronze"},{"floor":25,"key":"AttackPotion"},{"floor":29,"key":"FocusPotion"},{"floor":41,"key":"Swift Potion"},{"floor":45,"key":"Fire Potion"},{"floor":46,"key":"PowerPotion"}],"is_trial":false,"path_per_floor":["M","M","?","?","?","R","M","M","T","R","M","M","$","E","R","B",null,"M","M","M","$","?","E","R","M","T","R","?","M","R","?","R","B",null,"M","M","M","$","M","R","E","R","T","?","E","M","R","?","R","B"],"character_chosen":"DEFECT","items_purchased":["Runic Capacitor","Conserve Battery","Tempest"],"campfire_rested":5,"item_purchase_floors":[13,13,38],"current_hp_per_floor":[65,58,40,65,65,65,65,65,65,65,61,57,57,49,74,59,82,81,80,70,70,70,28,55,55,55,55,55,55,55,55,82,44,79,79,79,70,70,70,70,46,73,73,73,49,49,76,76,76,0],"gold":190,"neow_bonus":"TRANSFORM_CARD","is_prod":false,"is_daily":false,"chose_seed":false,"campfire_upgraded":5,"win_rate":0,"timestamp":1563132720,"path_taken":["M","M","?","?","?","R","M","M","T","R","M","M","$","E","R","BOSS","M","M","M","$","?","E","R","M","T","R","?","?","R","?","R","BOSS","M","M","M","$","M","R","E","R","T","?","E","M","R","?","R","BOSS"],"build_version":"2019-07-05","purchased_purges":2,"victory":false,"max_hp_per_floor":[75,75,75,75,75,75,75,75,75,75,75,75,75,85,85,90,90,90,90,90,90,90,90,90,90,90,90,90,90,90,90,90,90,90,90,90,90,90,90,90,90,90,90,90,90,90,90,90,90,90],"card_choices":[{"not_picked":["Hologram","Stack"],"picked":"Ball Lightning","floor":1},{"not_picked":["Streamline","Steam Power"],"picked":"Steam","floor":2},{"not_picked":["Consume","Storm"],"picked":"Leap","floor":7},{"not_picked":["Double Energy","Blizzard"],"picked":"Chill","floor":8},{"not_picked":["Compile Driver","Coolheaded"],"picked":"Defragment","floor":11},{"not_picked":["Melter","Rebound"],"picked":"Chaos","floor":12},{"not_picked":["Sweeping Beam","Streamline"],"picked":"Tempest","floor":14},{"not_picked":["Seek","Buffer"],"picked":"Biased Cognition","floor":16},{"not_picked":["Double Energy+1","Coolheaded+1","Rebound"],"picked":"SKIP","floor":18},{"not_picked":["BootSequence+1","Stack+1"],"picked":"Barrage","floor":19},{"not_picked":["Sweeping Beam","Stack","Steam"],"picked":"SKIP","floor":20},{"not_picked":["Conserve Battery","Streamline"],"picked":"Ball Lightning","floor":23},{"not_picked":["Hologram","Heatsinks","Go for the Eyes"],"picked":"SKIP","floor":25},{"not_picked":["Sweeping Beam","Rip and Tear","Stack"],"picked":"SKIP","floor":29},{"not_picked":["Compile Driver","Melter+1"],"picked":"Capacitor+1","floor":31},{"not_picked":["Machine Learning","All For One"],"picked":"Electrodynamics","floor":33},{"not_picked":["Ball Lightning+1","Rebound+1","Coolheaded+1"],"picked":"SKIP","floor":35},{"not_picked":["Cold Snap+1","Streamline+1"],"picked":"Storm","floor":36},{"not_picked":["FTL","Cold Snap"],"picked":"Doom and Gloom+1","floor":37},{"not_picked":["Undo","Rebound","Blizzard"],"picked":"SKIP","floor":39},{"not_picked":["All For One","Sunder+1"],"picked":"Seek","floor":41},{"not_picked":["Stack+1","Go for the Eyes","Ball Lightning+1"],"picked":"SKIP","floor":45},{"not_picked":["Gash","Steam+1","Conserve Battery"],"picked":"SKIP","floor":46}],"player_experience":182170,"relics_obtained":[{"floor":9,"key":"Meat on the Bone"},{"floor":14,"key":"Pear"},{"floor":23,"key":"DataDisk"},{"floor":26,"key":"Thread and Needle"},{"floor":31,"key":"Red Mask"},{"floor":41,"key":"Dream Catcher"},{"floor":45,"key":"Anchor"}],"event_choices":[{"damage_healed":0,"gold_gain":0,"player_choice":"Success","damage_taken":18,"relics_obtained":["Bronze Scales"],"max_hp_gain":0,"max_hp_loss":0,"event_name":"Scrap Ooze","floor":3,"gold_loss":0},{"damage_healed":25,"gold_gain":0,"player_choice":"Banana","damage_taken":0,"max_hp_gain":0,"max_hp_loss":0,"event_name":"Big Fish","floor":4,"gold_loss":0},{"damage_healed":0,"gold_gain":0,"player_choice":"Ignored","damage_taken":0,"max_hp_gain":0,"max_hp_loss":0,"event_name":"Liars Game","floor":5,"gold_loss":0},{"cards_removed":["Strike_B"],"damage_healed":0,"gold_gain":0,"player_choice":"Elegance","damage_taken":0,"max_hp_gain":0,"max_hp_loss":0,"event_name":"Back to Basics","floor":22,"gold_loss":0},{"damage_healed":0,"gold_gain":0,"player_choice":"Ignored","damage_taken":0,"max_hp_gain":0,"max_hp_loss":0,"event_name":"N\u0027loth","floor":28,"gold_loss":0},{"damage_healed":0,"gold_gain":0,"player_choice":"Fought Bandits","damage_taken":0,"max_hp_gain":0,"max_hp_loss":0,"event_name":"Masked Bandits","floor":31,"gold_loss":0},{"cards_removed":["Doom and Gloom"],"damage_healed":0,"gold_gain":0,"player_choice":"Removed Attack","damage_taken":0,"max_hp_gain":0,"max_hp_loss":0,"event_name":"Falling","floor":44,"gold_loss":0},{"cards_removed":["Dualcast"],"damage_healed":0,"gold_gain":0,"player_choice":"Upgrade and Remove","damage_taken":0,"max_hp_gain":0,"max_hp_loss":0,"event_name":"Designer","floor":48,"gold_loss":90,"cards_upgraded":["Tempest"]}],"is_beta":false,"boss_relics":[{"not_picked":["Cursed Key","Lizard Tail"],"picked":"Nuclear Battery"},{"not_picked":["Black Star","Coffee Dripper"],"picked":"Velvet Choker"}],"items_purged_floors":[21,38],"is_endless":false,"potions_floor_spawned":[8,11,12,14,16,19,23,25,29,41,45,46],"killed_by":"Time Eater","ascension_level":7}