{"gold_per_floor":[117,192,204,204,60,95,95,120,145,145,70,90,90,90],"floor_reached":14,"playtime":1411,"items_purged":["Defend_G"],"score":101,"play_id":"4789a7bd-83fb-4346-b73e-10faec9ac8df","local_time":"20190512033645","is_ascension_mode":true,"campfire_choices":[{"floor":7,"key":"REST"},{"floor":10,"key":"REST"}],"neow_cost":"NONE","seed_source_timestamp":39158803142758,"circlet_count":0,"master_deck":["Defend_G","Defend_G","Defend_G","Defend_G","Strike_G","Strike_G","Strike_G","Strike_G","Strike_G","Survivor","Neutralize","Dramatic Entrance","Grand Finale"],"relics":["Ring of the Snake","Blood Vial","Juzu Bracelet","Gremlin Horn","Anchor"],"potions_floor_usage":[6,14],"damage_taken":[{"damage":0,"enemies":"2 Louse","floor":1,"turns":2},{"damage":0,"enemies":"Jaw Worm","floor":3,"turns":5},{"damage":30,"enemies":"Gremlin Nob","floor":6,"turns":5},{"damage":37,"enemies":"3 Sentries","floor":8,"turns":9},{"damage":2,"enemies":"Cultist","floor":12,"turns":4},{"damage":40,"enemies":"Gremlin Nob","floor":14,"turns":6}],"seed_played":"-4216379976463156232","potions_obtained":[{"floor":1,"key":"AttackPotion"},{"floor":6,"key":"Block Potion"}],"is_trial":false,"path_per_floor":["M","?","M","?","$","E","R","E","T","R","$","M","?","E"],"character_chosen":"THE_SILENT","items_purchased":["Grand Finale"],"campfire_rested":2,"item_purchase_floors":[5],"current_hp_per_floor":[70,59,59,56,56,28,49,14,14,35,35,35,35,0],"gold":90,"neow_bonus":"RANDOM_COLORLESS","is_prod":false,"is_daily":false,"chose_seed":false,"campfire_upgraded":0,"win_rate":0,"timestamp":1557628605,"path_taken":["M","?","M","?","$","E","R","E","T","R","$","M","?","E"],"build_version":"2019-01-23","purchased_purges":1,"victory":false,"max_hp_per_floor":[70,70,70,70,70,70,70,70,70,70,70,70,70,70],"card_choices":[{"not_picked":["Dodge and Roll","PiercingWail","All Out Attack"],"picked":"SKIP","floor":1},{"not_picked":["Acrobatics","Sucker Punch","All Out Attack"],"picked":"SKIP","floor":3},{"not_picked":["Predator","Slice","Deadly Poison"],"picked":"SKIP","floor":6},{"not_picked":["Distraction","Dash","PiercingWail"],"picked":"SKIP","floor":8},{"not_picked":["All Out Attack","Underhanded Strike","Outmaneuver"],"picked":"SKIP","floor":12}],"player_experience":201347,"relics_obtained":[{"floor":6,"key":"Juzu Bracelet"},{"floor":8,"key":"Gremlin Horn"},{"floor":9,"key":"Anchor"}],"event_choices":[{"damage_healed":0,"gold_gain":75,"player_choice":"Gather Gold","damage_taken":11,"max_hp_gain":0,"max_hp_loss":0,"event_name":"World of Goop","floor":2,"gold_loss":0},{"damage_healed":0,"gold_gain":0,"player_choice":"Success","damage_taken":3,"relics_obtained":["Blood Vial"],"max_hp_gain":0,"max_hp_loss":0,"event_name":"Scrap Ooze","floor":4,"gold_loss":0},{"damage_healed":0,"gold_gain":0,"player_choice":"0 cards matched","damage_taken":0,"max_hp_gain":0,"max_hp_loss":0,"event_name":"Match and Keep!","floor":13,"gold_loss":0,"cards_obtained":[]},{"damage_healed":0,"gold_gain":0,"player_choice":"0 cards matched","damage_taken":0,"max_hp_gain":0,"max_hp_loss":0,"event_name":"Match and Keep!","floor":13,"gold_loss":0,"cards_obtained":[]}],"is_beta":false,"boss_relics":[],"items_purged_floors":[11],"is_endless":false,"potions_floor_spawned":[1,6],"killed_by":"Gremlin Nob","ascension_level":1}