{"gold_per_floor":[11,28,28,28,28,56,68,83,83,94,114,125,125,144,144,240,240,260,276,291,309,327,327,342,342,342,342,360,360,391,14,14,111,111,127,52,67,83,97,97,117,127,154,154,0,26,26,40,40,40],"floor_reached":50,"playtime":4012,"items_purged":["Second Wind+1"],"score":524,"play_id":"b73d19c7-78d7-455c-ac4d-ec0aaef6d959","local_time":"20180712113507","is_ascension_mode":false,"campfire_choices":[{"data":"Searing Blow","floor":13,"key":"SMITH"},{"data":"Searing Blow+1","floor":15,"key":"SMITH"},{"data":"Searing Blow+2","floor":23,"key":"SMITH"},{"data":"Searing Blow+3","floor":25,"key":"SMITH"},{"floor":32,"key":"REST"},{"floor":40,"key":"REST"},{"floor":47,"key":"REST"},{"data":"Mind Blast","floor":49,"key":"SMITH"}],"neow_cost":"NO_GOLD","seed_source_timestamp":1483823806353,"circlet_count":0,"master_deck":["Defend_R","Defend_R","Defend_R","Bash","Thunderclap","Iron Wave","Dropkick","Headbutt","Rage+1","Warcry+1","Searing Blow+4","Demon Form","Infernal Blade+1","Clash","Impervious+1","Armaments+1","Heavy Blade","Rage+1","Battle Trance+1","Twin Strike","Flex+1","Bite","Bite","Bite","Bite","Bite","Cleave","RitualDagger","Power Through+1","Immolate","Pommel Strike+1","Combust+1","Clash+1","Flame Barrier+1","Shockwave+1","Hemokinesis+1","Mind Blast+1","Heavy Blade"],"relics":["Burning Blood","Toxic Egg 2","Self Forming Clay","Lizard Tail","Dodecahedron","Bottled Tornado","Mango","Eternal Feather","Pen Nib","Red Mask","Anchor"],"potions_floor_usage":[16,16,22,28,38,38,38,50,50,50],"damage_taken":[{"damage":10,"enemies":"2 Louse","floor":1,"turns":3},{"damage":15,"enemies":"Cultist","floor":2,"turns":4},{"damage":38,"enemies":"3 Sentries","floor":6,"turns":7},{"damage":5,"enemies":"Small Slimes","floor":7,"turns":3},{"damage":0,"enemies":"3 Louse","floor":8,"turns":2},{"damage":11,"enemies":"Exordium Thugs","floor":10,"turns":5},{"damage":7,"enemies":"2 Fungi Beasts","floor":11,"turns":3},{"damage":10,"enemies":"Looter","floor":12,"turns":3},{"damage":3,"enemies":"Red Slaver","floor":14,"turns":3},{"damage":42,"enemies":"The Guardian","floor":16,"turns":8},{"damage":10,"enemies":"Chosen","floor":18,"turns":4},{"damage":2,"enemies":"3 Byrds","floor":19,"turns":7},{"damage":12,"enemies":"Snecko","floor":20,"turns":4},{"damage":18,"enemies":"3 Cultists","floor":21,"turns":4},{"damage":11,"enemies":"Cultist and Chosen","floor":22,"turns":6},{"damage":13,"enemies":"Chosen and Byrds","floor":24,"turns":6},{"damage":16,"enemies":"Snake Plant","floor":28,"turns":3},{"damage":55,"enemies":"Slavers","floor":30,"turns":6},{"damage":71,"enemies":"Collector","floor":33,"turns":10},{"damage":42,"enemies":"3 Darklings","floor":35,"turns":6},{"damage":15,"enemies":"Orb Walker","floor":37,"turns":4},{"damage":65,"enemies":"Maw","floor":38,"turns":8},{"damage":19,"enemies":"Sphere and 2 Shapes","floor":39,"turns":6},{"damage":23,"enemies":"3 Darklings","floor":41,"turns":6},{"damage":34,"enemies":"Maw","floor":42,"turns":8},{"damage":15,"enemies":"4 Shapes","floor":48,"turns":4},{"damage":89,"enemies":"Time Eater","floor":50,"turns":9}],"seed_played":"4607635641369926188","potions_obtained":[{"floor":3,"key":"Weak Potion"},{"floor":3,"key":"SteroidPotion"},{"floor":3,"key":"SneckoOil"},{"floor":10,"key":"PowerPotion"},{"floor":16,"key":"Dexterity Potion"},{"floor":18,"key":"Energy Potion"},{"floor":24,"key":"Regen Potion"},{"floor":33,"key":"Swift Potion"},{"floor":42,"key":"EntropicBrew"},{"floor":48,"key":"Strength Potion"}],"is_trial":false,"path_per_floor":["M","M","?","?","?","E","M","M","T","M","M","M","R","M","R","B",null,"M","M","M","M","M","R","M","R","T","?","M","?","E","$","R","B",null,"M","$","M","M","M","R","M","M","T","?","?","T","R","M","R"],"character_chosen":"IRONCLAD","items_purchased":["Power Through+1","Mango","Poison Potion"],"campfire_rested":3,"item_purchase_floors":[31,31,31],"current_hp_per_floor":[92,83,83,83,83,51,52,58,58,53,52,48,48,51,51,15,96,92,96,90,78,73,73,66,66,66,66,65,59,20,34,58,16,81,51,51,50,48,44,80,66,44,44,44,44,44,81,74,81,0],"gold":40,"neow_bonus":"TWENTY_PERCENT_HP_BONUS","is_prod":false,"is_daily":false,"chose_seed":false,"campfire_upgraded":5,"win_rate":0.0,"timestamp":1531391707,"path_taken":["M","M","?","?","?","E","M","?","T","M","M","M","R","M","R","BOSS","M","M","M","M","M","R","M","R","T","?","M","?","E","$","R","BOSS","M","?","M","M","M","R","M","M","T","?","?","?","R","?","R","BOSS"],"build_version":"2018-07-05","purchased_purges":1,"victory":false,"max_hp_per_floor":[96,96,96,96,96,96,96,96,96,96,96,96,96,96,96,96,96,96,96,96,96,96,96,96,96,96,67,67,67,67,81,81,81,81,81,81,81,81,81,81,81,81,81,81,81,81,81,81,81,81],"card_choices":[{"not_picked":["Headbutt","Heavy Blade"],"picked":"Thunderclap","floor":1},{"not_picked":["Searing Blow","Disarm"],"picked":"Iron Wave","floor":2},{"not_picked":["Iron Wave","Second Wind"],"picked":"Headbutt","floor":6},{"not_picked":["Bloodletting+1","Shockwave+1"],"picked":"Rage+1","floor":7},{"not_picked":["Clash","Evolve"],"picked":"Warcry+1","floor":8},{"not_picked":["Corruption","Anger"],"picked":"Searing Blow","floor":10},{"not_picked":["Intimidate+1","Ghostly Armor+1"],"picked":"Demon Form","floor":11},{"not_picked":["Armaments+1","Iron Wave"],"picked":"Infernal Blade+1","floor":12},{"not_picked":["Dual Wield+1","Shockwave+1"],"picked":"Clash","floor":14},{"not_picked":["Barricade","Fiend Fire"],"picked":"Impervious+1","floor":16},{"not_picked":["Clothesline","Sever Soul"],"picked":"Armaments+1","floor":18},{"not_picked":["Warcry+1","Cleave"],"picked":"Heavy Blade","floor":19},{"not_picked":["Clothesline","Uppercut"],"picked":"Rage+1","floor":20},{"not_picked":["Anger","Reckless Charge"],"picked":"Battle Trance+1","floor":21},{"not_picked":["Warcry+1","Evolve"],"picked":"Twin Strike","floor":22},{"not_picked":["Battle Trance+1","Anger"],"picked":"Flex+1","floor":24},{"not_picked":["Combust","Shockwave+1"],"picked":"Cleave","floor":28},{"not_picked":["Body Slam","Armaments+1"],"picked":"Second Wind+1","floor":30},{"not_picked":["Double Tap+1","Limit Break+1"],"picked":"Immolate","floor":33},{"not_picked":["Clothesline","True Grit+1"],"picked":"Pommel Strike+1","floor":35},{"not_picked":["Sword Boomerang","Brutality"],"picked":"Combust+1","floor":37},{"not_picked":["Feel No Pain+1","Sword Boomerang"],"picked":"Clash+1","floor":38},{"not_picked":["Thunderclap+1","Warcry+1"],"picked":"Flame Barrier+1","floor":39},{"not_picked":["Searing Blow","Heavy Blade+1"],"picked":"Shockwave+1","floor":41},{"not_picked":["Anger","True Grit+1"],"picked":"Hemokinesis+1","floor":42},{"not_picked":["Madness+1","Magnetism"],"picked":"Mind Blast","floor":44},{"not_picked":["Clothesline+1","Power Through+1"],"picked":"Heavy Blade","floor":48}],"player_experience":36690,"relics_obtained":[{"floor":6,"key":"Toxic Egg 2"},{"floor":9,"key":"Self Forming Clay"},{"floor":26,"key":"Dodecahedron"},{"floor":30,"key":"Bottled Tornado"},{"floor":43,"key":"Pen Nib"},{"floor":46,"key":"Anchor"}],"event_choices":[{"event_name":"The Lab","player_choice":"Got Potions","floor":3,"damage_taken":0},{"event_name":"The Cleric","player_choice":"Leave","floor":4,"damage_taken":0},{"event_name":"Transmorgrifier","player_choice":"Transform","floor":5,"damage_taken":0},{"event_name":"Vampires","player_choice":"Became a vampire","floor":27,"damage_taken":0},{"event_name":"Nest","player_choice":"Joined the Cult","floor":29,"damage_taken":0},{"event_name":"SensoryStone","player_choice":"Memory 1","floor":44,"damage_taken":0},{"event_name":"Tomb of Lord Red Mask","player_choice":"Paid","floor":45,"damage_taken":0}],"boss_relics":[{"not_picked":["Coffee Dripper","Philosopher\u0027s Stone"],"picked":"Lizard Tail"},{"not_picked":["Runic Pyramid","Runic Cube"],"picked":"Eternal Feather"}],"items_purged_floors":[36],"is_endless":false,"potions_floor_spawned":[7,10,12,16,18,19,24,33,35,42,48],"killed_by":"Time Eater","ascension_level":0}