{"gold_per_floor":[113,12,12,12,27,27,39,59,59,59,92,166,166,200,200,279,279,294,294,74,92,92,92,109,109,133,133,158,33,8,8,8,83,83,102,112,112,178,228,228,243,262,262,262,28,43,46,65,65,65],"floor_reached":51,"playtime":2518,"items_purged":["Strike_B","Strike_B","Strike_B","Normality"],"score":1078,"play_id":"3acb93e3-7fa6-4b80-8361-bc243707dfde","local_time":"20190713175342","is_ascension_mode":true,"campfire_choices":[{"data":"Dualcast","floor":6,"key":"SMITH"},{"data":"Zap","floor":10,"key":"SMITH"},{"data":"Conserve Battery","floor":13,"key":"SMITH"},{"data":"Capacitor","floor":15,"key":"SMITH"},{"data":"Static Discharge","floor":23,"key":"SMITH"},{"data":"Thunder Strike","floor":25,"key":"SMITH"},{"data":"Melter","floor":27,"key":"SMITH"},{"data":"Ball Lightning","floor":32,"key":"SMITH"},{"floor":40,"key":"REST"},{"floor":44,"key":"REST"},{"floor":49,"key":"REST"}],"neow_cost":"NONE","seed_source_timestamp":950854759201252,"circlet_count":0,"master_deck":["AscendersBane","Strike_B","Defend_B","Defend_B","Defend_B","Defend_B","Zap+1","Dualcast+1","Conserve Battery+1","Capacitor+1","Melter+1","Ball Lightning","Thunder Strike+1","Conserve Battery+1","Coolheaded+1","Static Discharge+1","Cold Snap+1","Ball Lightning+1","Tempest+1","Coolheaded+1","Echo Form","Hologram+1","Go for the Eyes+1","Conserve Battery+1","Bandage Up+1","Stack+1","Discovery+1","Cold Snap","Leap+1","Self Repair"],"relics":["Cracked Core","Blood Vial","Mango","Bag of Preparation","Toxic Egg 2","Pen Nib","Vajra","Sozu","Potion Belt","Emotion Chip","Cursed Key","SsserpentHead","Shuriken"],"potions_floor_usage":[14,16],"damage_taken":[{"damage":0,"enemies":"2 Louse","floor":1,"turns":3},{"damage":2,"enemies":"Small Slimes","floor":5,"turns":3},{"damage":0,"enemies":"Cultist","floor":7,"turns":3},{"damage":1,"enemies":"Looter","floor":8,"turns":3},{"damage":15,"enemies":"3 Sentries","floor":11,"turns":7},{"damage":22,"enemies":"Lagavulin","floor":14,"turns":6},{"damage":42,"enemies":"The Guardian","floor":16,"turns":10},{"damage":7,"enemies":"3 Byrds","floor":18,"turns":5},{"damage":7,"enemies":"Shell Parasite","floor":21,"turns":4},{"damage":0,"enemies":"Sentry and Sphere","floor":24,"turns":2},{"damage":51,"enemies":"Slavers","floor":28,"turns":4},{"damage":60,"enemies":"Champ","floor":33,"turns":7},{"damage":13,"enemies":"Orb Walker","floor":35,"turns":3},{"damage":37,"enemies":"3 Darklings","floor":36,"turns":3},{"damage":23,"enemies":"Jaw Worm Horde","floor":38,"turns":4},{"damage":19,"enemies":"Maw","floor":41,"turns":6},{"damage":6,"enemies":"Writhing Mass","floor":42,"turns":4},{"damage":19,"enemies":"Spire Growth","floor":46,"turns":5},{"damage":26,"enemies":"Maw","floor":48,"turns":5},{"damage":39,"enemies":"Awakened One","floor":50,"turns":11}],"seed_played":"8237334593093489657","potions_obtained":[{"floor":7,"key":"SteroidPotion"},{"floor":11,"key":"Regen Potion"},{"floor":14,"key":"GamblersBrew"}],"is_trial":false,"path_per_floor":["M","$","?","?","M","R","M","M","T","R","E","?","R","E","R","B",null,"M","?","$","M","$","R","M","R","T","R","E","$","$","?","R","B",null,"M","M","?","M","?","R","M","M","T","R","$","M","$","M","R","B",null],"character_chosen":"DEFECT","items_purchased":["Gash","Coolheaded+1","Static Discharge","Coolheaded+1","Discovery+1","Leap+1"],"campfire_rested":3,"item_purchase_floors":[2,20,20,30,45,47],"current_hp_per_floor":[70,70,77,77,77,77,79,80,80,80,67,67,67,62,62,22,72,67,89,89,82,82,82,84,84,84,84,35,35,35,64,64,6,68,57,22,22,1,1,27,16,24,24,50,50,39,39,15,41,17],"gold":65,"neow_bonus":"RANDOM_COMMON_RELIC","is_prod":false,"is_daily":false,"chose_seed":false,"campfire_upgraded":8,"win_rate":0,"timestamp":1563065622,"path_taken":["M","$","?","?","?","R","M","M","T","R","E","?","R","E","R","BOSS","M","?","$","?","$","R","M","R","T","R","E","?","$","?","R","BOSS","M","M","?","?","?","R","M","M","T","R","$","M","?","M","R","BOSS"],"build_version":"2019-07-05","purchased_purges":4,"victory":true,"max_hp_per_floor":[75,75,89,89,89,89,89,89,89,89,89,89,89,89,89,89,89,89,89,89,89,89,89,89,89,89,89,89,89,89,89,89,89,89,89,89,89,89,89,89,89,89,89,89,89,89,89,89,89,89],"card_choices":[{"not_picked":["Auto Shields","Turbo"],"picked":"Conserve Battery","floor":1},{"not_picked":["Coolheaded","Lockon"],"picked":"Capacitor","floor":5},{"not_picked":["Fusion","Stack"],"picked":"FTL","floor":7},{"not_picked":["Conserve Battery","Rebound"],"picked":"Melter","floor":8},{"not_picked":["Turbo+1","Redo+1","Hyperbeam"],"picked":"SKIP","floor":11},{"not_picked":["Gash","Beam Cell"],"picked":"Ball Lightning","floor":14},{"not_picked":["Rainbow+1","Biased Cognition"],"picked":"Thunder Strike","floor":16},{"not_picked":["Hello World+1","Skim+1"],"picked":"Conserve Battery+1","floor":18},{"not_picked":["Self Repair","Stack+1"],"picked":"Cold Snap+1","floor":21},{"not_picked":["Beam Cell","Steam Power+1"],"picked":"Ball Lightning","floor":24},{"not_picked":["Skim+1","Rebound"],"picked":"Tempest+1","floor":28},{"not_picked":["Meteor Strike","Core Surge"],"picked":"Echo Form","floor":33},{"not_picked":["Reprogram+1","Gash"],"picked":"Hologram+1","floor":35},{"not_picked":["Turbo+1","Aggregate+1"],"picked":"Go for the Eyes+1","floor":36},{"not_picked":["Beam Cell","Sweeping Beam"],"picked":"Conserve Battery+1","floor":38},{"not_picked":["Dramatic Entrance","Metamorphosis+1"],"picked":"Bandage Up+1","floor":39},{"not_picked":["Sweeping Beam","Hello World"],"picked":"Stack+1","floor":41},{"not_picked":["Heatsinks","Compile Driver+1","Doom and Gloom+1"],"picked":"SKIP","floor":42},{"not_picked":["Go for the Eyes","Loop"],"picked":"Cold Snap","floor":46},{"not_picked":["Beam Cell","Darkness+1"],"picked":"Self Repair","floor":48}],"player_experience":516073,"relics_obtained":[{"floor":9,"key":"Toxic Egg 2"},{"floor":11,"key":"Pen Nib"},{"floor":14,"key":"Vajra"},{"floor":26,"key":"Potion Belt"},{"floor":28,"key":"Emotion Chip"},{"floor":43,"key":"Shuriken"}],"event_choices":[{"damage_healed":0,"gold_gain":0,"player_choice":"Success","damage_taken":7,"relics_obtained":["Mango"],"max_hp_gain":0,"max_hp_loss":0,"event_name":"Scrap Ooze","floor":3,"gold_loss":0},{"cards_removed":["Gash"],"damage_healed":0,"gold_gain":0,"player_choice":"Gave Card","damage_taken":0,"relics_obtained":["Bag of Preparation"],"max_hp_gain":0,"max_hp_loss":0,"event_name":"WeMeetAgain","floor":4,"gold_loss":0},{"damage_healed":0,"gold_gain":74,"player_choice":"Gained Gold","damage_taken":0,"max_hp_gain":0,"max_hp_loss":0,"event_name":"Golden Wing","floor":12,"gold_loss":0},{"cards_removed":["FTL"],"damage_healed":22,"gold_gain":0,"player_choice":"Offered Uncommon","damage_taken":0,"max_hp_gain":0,"max_hp_loss":0,"event_name":"Bonfire Elementals","floor":19,"gold_loss":0},{"damage_healed":29,"gold_gain":0,"player_choice":"Heal","damage_taken":0,"max_hp_gain":0,"max_hp_loss":0,"event_name":"The Library","floor":31,"gold_loss":0},{"damage_healed":0,"gold_gain":0,"player_choice":"Trade","damage_taken":0,"relics_obtained":["SsserpentHead"],"max_hp_gain":0,"max_hp_loss":0,"event_name":"FaceTrader","floor":37,"gold_loss":0},{"damage_healed":0,"gold_gain":0,"player_choice":"Memory 1","damage_taken":0,"max_hp_gain":0,"max_hp_loss":0,"event_name":"SensoryStone","floor":39,"gold_loss":0}],"is_beta":false,"boss_relics":[{"not_picked":["Calling Bell","Pandora\u0027s Box"],"picked":"Sozu"},{"not_picked":["Black Star","Velvet Choker"],"picked":"Cursed Key"}],"items_purged_floors":[2,20,29,45],"is_endless":false,"potions_floor_spawned":[7,11,14,33,36,38,41,42],"ascension_level":13}