{"gold_per_floor":[119,129,141,151,151,186,186,216,216,227,227,227,257,270,270,348,348,359,370,388,388,50,50,84,95,95,122,139,139,39,54,54,54],"floor_reached":33,"playtime":1955,"items_purged":["Strike_R","Strike_R"],"score":541,"play_id":"e29fa726-7f15-4ff3-a0a3-086793193279","local_time":"20190714133606","is_ascension_mode":true,"campfire_choices":[{"data":"Rampage","floor":7.0,"key":"SMITH"},{"floor":12.0,"key":"REST"},{"data":"Feed","floor":15.0,"key":"SMITH"},{"data":"Iron Wave","floor":23,"key":"SMITH"},{"floor":29,"key":"REST"},{"data":"Carnage","floor":32,"key":"SMITH"}],"neow_cost":"NONE","seed_source_timestamp":0,"circlet_count":0,"master_deck":["AscendersBane","Strike_R","Strike_R+1","Defend_R+1","Defend_R+1","Defend_R","Defend_R","Bash","Headbutt","Pommel Strike","Rampage+1","Battle Trance+1","Pommel Strike","Shockwave+1","Clothesline","Hemokinesis","Feed+1","Iron Wave+1","Immolate","Uppercut","Clothesline+1","Armaments+1","Carnage+1","Ghostly Armor+1","Shrug It Off+1","Headbutt"],"special_seed":0,"relics":["Burning Blood","Toxic Egg 2","Meat on the Bone","Gremlin Horn","Juzu Bracelet","Snecko Eye","Oddly Smooth Stone","Bag of Preparation","War Paint","Vajra"],"potions_floor_usage":[18,27,33],"damage_taken":[{"damage":5.0,"enemies":"2 Louse","floor":1.0,"turns":3.0},{"damage":0.0,"enemies":"Cultist","floor":2.0,"turns":3.0},{"damage":5.0,"enemies":"Small Slimes","floor":3.0,"turns":3.0},{"damage":11.0,"enemies":"Looter","floor":4.0,"turns":2.0},{"damage":26.0,"enemies":"Gremlin Nob","floor":6.0,"turns":4.0},{"damage":23.0,"enemies":"3 Sentries","floor":8.0,"turns":7.0},{"damage":0.0,"enemies":"Large Slime","floor":10.0,"turns":5.0},{"damage":27.0,"enemies":"Gremlin Nob","floor":13.0,"turns":4.0},{"damage":9.0,"enemies":"3 Louse","floor":14.0,"turns":4.0},{"damage":13.0,"enemies":"Slime Boss","floor":16.0,"turns":11.0},{"damage":0,"enemies":"Spheric Guardian","floor":18,"turns":3},{"damage":3,"enemies":"Chosen","floor":19,"turns":3},{"damage":22,"enemies":"Centurion and Healer","floor":20,"turns":5},{"damage":4,"enemies":"Gremlin Leader","floor":24,"turns":2},{"damage":0,"enemies":"Snecko","floor":25,"turns":4},{"damage":68,"enemies":"Book of Stabbing","floor":27,"turns":8},{"damage":21,"enemies":"Snake Plant","floor":28,"turns":4},{"damage":0,"enemies":"Sentry and Sphere","floor":31,"turns":1},{"damage":65,"enemies":"Automaton","floor":33,"turns":6}],"seed_played":"-7746074410950724988","potions_obtained":[{"floor":1.0,"key":"AttackPotion"},{"floor":6.0,"key":"Swift Potion"},{"floor":8.0,"key":"PowerPotion"},{"floor":16.0,"key":"FearPotion"},{"floor":18,"key":"Block Potion"},{"floor":31,"key":"Ancient Potion"}],"is_trial":false,"path_per_floor":["M","M","M","M","?","E","R","E","T","M","?","R","E","M","R","B",null,"M","M","M","?","$","R","E","M","T","E","M","R","$","M","R","B"],"character_chosen":"IRONCLAD","items_purchased":["Armaments+1","Oddly Smooth Stone","Carnage"],"campfire_rested":2,"item_purchase_floors":[22,22,22],"current_hp_per_floor":[69,75,75,70,70,50,50,33,33,51,28,50,41,53,53,50,74,84,86,74,74,74,74,76,82,82,32,29,56,56,62,62,0],"gold":54,"neow_bonus":"RANDOM_COLORLESS","is_prod":false,"is_daily":false,"chose_seed":false,"campfire_upgraded":4,"win_rate":0,"timestamp":1563082566,"path_taken":["M","M","M","M","?","E","R","E","T","?","?","R","E","M","R","BOSS","M","M","M","?","$","R","E","M","T","E","M","R","$","M","R","BOSS"],"build_version":"2019-07-05","purchased_purges":2,"victory":false,"max_hp_per_floor":[75,75,75,75,75,75,75,75,75,75,75,75,75,78,78,82,82,86,86,90,90,90,90,90,90,90,90,90,90,90,90,90,90],"card_choices":[{"not_picked":["Perfected Strike","Sword Boomerang"],"picked":"Headbutt","floor":1.0},{"not_picked":["Power Through","Flex"],"picked":"Pommel Strike","floor":2.0},{"not_picked":["Reckless Charge","Armaments"],"picked":"Rampage","floor":3.0},{"not_picked":["Ghostly Armor","Blood for Blood"],"picked":"Battle Trance","floor":4.0},{"not_picked":["Twin Strike","Rupture"],"picked":"Shockwave","floor":6.0},{"not_picked":["Heavy Blade","Perfected Strike"],"picked":"Clothesline","floor":8.0},{"not_picked":["Flex+1","Second Wind+1"],"picked":"Hemokinesis","floor":10.0},{"not_picked":["Battle Trance+1","Pummel"],"picked":"Feed","floor":13.0},{"not_picked":["Clothesline","Cleave"],"picked":"Iron Wave","floor":14.0},{"not_picked":["Offering+1","Dark Embrace"],"picked":"Immolate","floor":16.0},{"not_picked":["Warcry+1","Cleave"],"picked":"Uppercut","floor":18},{"not_picked":["Pummel+1","Iron Wave+1","Hemokinesis"],"picked":"SKIP","floor":19},{"not_picked":["Heavy Blade","Ghostly Armor+1"],"picked":"Clothesline+1","floor":20},{"not_picked":["Inflame+1","Body Slam"],"picked":"Ghostly Armor+1","floor":24},{"not_picked":["Offering+1","Intimidate+1","Cleave"],"picked":"SKIP","floor":25},{"not_picked":["Cleave","Twin Strike"],"picked":"Shrug It Off+1","floor":27},{"not_picked":["Thunderclap","Armaments+1","Clash"],"picked":"SKIP","floor":28},{"not_picked":["Sword Boomerang","Rupture"],"picked":"Headbutt","floor":31}],"player_experience":852755,"relics_obtained":[{"floor":6.0,"key":"Toxic Egg 2"},{"floor":8.0,"key":"Meat on the Bone"},{"floor":9.0,"key":"Gremlin Horn"},{"floor":13.0,"key":"Juzu Bracelet"},{"floor":24,"key":"Bag of Preparation"},{"floor":26,"key":"War Paint"},{"floor":27,"key":"Vajra"}],"event_choices":[{"damage_healed":0.0,"max_hp_gain":0.0,"max_hp_loss":0.0,"gold_gain":0.0,"cards_transformed":["Strike_R"],"event_name":"Transmorgrifier","player_choice":"Transformed","floor":5.0,"gold_loss":0.0,"damage_taken":0.0,"cards_obtained":["Pommel Strike"]},{"damage_healed":0.0,"max_hp_gain":0.0,"max_hp_loss":0.0,"gold_gain":0.0,"event_name":"Shining Light","player_choice":"Entered Light","floor":11.0,"gold_loss":0.0,"damage_taken":23.0,"cards_upgraded":["Strike_R","Defend_R"]},{"cards_removed":["Finesse"],"damage_healed":0,"gold_gain":0,"player_choice":"Elegance","damage_taken":0,"max_hp_gain":0,"max_hp_loss":0,"event_name":"Back to Basics","floor":21,"gold_loss":0}],"is_beta":false,"boss_relics":[{"not_picked":["Black Blood","Pandora\u0027s Box"],"picked":"Snecko Eye"}],"items_purged_floors":[22,30],"is_endless":false,"potions_floor_spawned":[1,6,8,16,18,25,31],"killed_by":"Automaton","ascension_level":15}