{"gold_per_floor":[109,122,139,154,174,174,202,202,202,40,66,81,81,105,105,208,208,228,248,248,261,276,303,303,337,360,376,407,427,427,427,427,524,524,544,544,557,576,590,590,114,114,114,114,142,142,155,155,155,155],"floor_reached":51,"playtime":5647,"items_purged":["Pain"],"score":790,"play_id":"c84f664a-eb58-40d3-b37e-8ec96c9caa61","local_time":"20190705233541","is_ascension_mode":true,"campfire_choices":[{"data":"Footwork","floor":6,"key":"SMITH"},{"floor":13,"key":"REST"},{"data":"Noxious Fumes","floor":15,"key":"SMITH"},{"data":"Thinking Ahead","floor":24,"key":"SMITH"},{"floor":30,"key":"REST"},{"floor":32,"key":"REST"},{"floor":40,"key":"REST"},{"floor":42,"key":"REST"},{"floor":49,"key":"REST"}],"neow_cost":"NONE","seed_source_timestamp":52550623185367,"circlet_count":0,"master_deck":["Strike_G","Strike_G","Strike_G","Defend_G","Defend_G","Defend_G","Defend_G","Defend_G","Survivor","Neutralize","Backflip","Noxious Fumes+1","Blur","Footwork+1","Backflip","Noxious Fumes","Crippling Poison","Thinking Ahead+1","Crippling Poison","Distraction","After Image","Outmaneuver","Deadly Poison+1","Tools of the Trade","Footwork","Crippling Poison+1","Secret Technique","PiercingWail","Secret Technique"],"relics":["Ring of the Snake","Juzu Bracelet","Molten Egg 2","Dodecahedron","Odd Mushroom","Busted Crown","Darkstone Periapt","Pear","Oddly Smooth Stone","Vajra","Red Mask","Runic Dome","WarpedTongs","Membership Card","Anchor","Thread and Needle","Kunai"],"potions_floor_usage":[4,5,25,25,28,45,50],"damage_taken":[{"damage":0,"enemies":"2 Louse","floor":1,"turns":3},{"damage":1,"enemies":"Jaw Worm","floor":2,"turns":5},{"damage":0,"enemies":"Small Slimes","floor":3,"turns":4},{"damage":2,"enemies":"2 Fungi Beasts","floor":4,"turns":5},{"damage":3,"enemies":"Gremlin Gang","floor":5,"turns":4},{"damage":9,"enemies":"3 Sentries","floor":7,"turns":7},{"damage":23,"enemies":"Gremlin Nob","floor":11,"turns":6},{"damage":0,"enemies":"Large Slime","floor":12,"turns":8},{"damage":0,"enemies":"The Mushroom Lair","floor":14,"turns":5},{"damage":11,"enemies":"The Guardian","floor":16,"turns":11},{"damage":0,"enemies":"Spheric Guardian","floor":18,"turns":5},{"damage":0,"enemies":"3 Byrds","floor":19,"turns":4},{"damage":0,"enemies":"Centurion and Healer","floor":21,"turns":6},{"damage":0,"enemies":"Snecko","floor":22,"turns":6},{"damage":2,"enemies":"Book of Stabbing","floor":23,"turns":8},{"damage":13,"enemies":"Slavers","floor":25,"turns":6},{"damage":0,"enemies":"Shelled Parasite and Fungi","floor":27,"turns":6},{"damage":33,"enemies":"Masked Bandits","floor":28,"turns":7},{"damage":11,"enemies":"Centurion and Healer","floor":29,"turns":7},{"damage":0,"enemies":"Automaton","floor":33,"turns":9},{"damage":1,"enemies":"Orb Walker","floor":35,"turns":5},{"damage":9,"enemies":"3 Shapes","floor":37,"turns":4},{"damage":34,"enemies":"Spire Growth","floor":38,"turns":8},{"damage":17,"enemies":"Jaw Worm Horde","floor":39,"turns":5},{"damage":57,"enemies":"Reptomancer","floor":45,"turns":7},{"damage":0,"enemies":"4 Shapes","floor":47,"turns":5},{"damage":29,"enemies":"Awakened One","floor":50,"turns":19}],"seed_played":"5814784862465543256","potions_obtained":[{"floor":1,"key":"AttackPotion"},{"floor":2,"key":"AttackPotion"},{"floor":4,"key":"GamblersBrew"},{"floor":7,"key":"Swift Potion"},{"floor":16,"key":"SteroidPotion"},{"floor":23,"key":"Weak Potion"},{"floor":25,"key":"Dexterity Potion"},{"floor":29,"key":"SteroidPotion"},{"floor":33,"key":"Strength Potion"},{"floor":35,"key":"SteroidPotion"},{"floor":45,"key":"Weak Potion"}],"is_trial":false,"path_per_floor":["M","M","M","M","M","R","E","?","T","$","E","M","R","?","R","B",null,"M","M","?","M","M","E","R","E","T","M","?","M","R","?","R","B",null,"M","?","M","M","M","R","$","R","T","?","E","?","M","?","R","B",null],"character_chosen":"THE_SILENT","items_purchased":["Thinking Ahead","Membership Card","Anchor","Secret Technique","Regen Potion"],"campfire_rested":6,"item_purchase_floors":[10,41,41,41,41],"current_hp_per_floor":[70,69,69,67,64,64,55,55,55,55,32,32,53,53,53,42,70,70,70,76,76,76,84,84,71,71,71,38,27,52,36,61,61,86,85,91,82,48,31,58,58,85,85,85,37,37,37,37,64,35],"gold":155,"neow_bonus":"THREE_CARDS","is_prod":false,"is_daily":false,"chose_seed":false,"campfire_upgraded":3,"win_rate":0,"timestamp":1562362541,"path_taken":["M","M","M","M","M","R","E","?","T","$","E","M","R","?","R","BOSS","M","M","?","M","M","E","R","E","T","M","?","M","R","?","R","BOSS","M","?","M","M","M","R","$","R","T","?","E","?","M","?","R","BOSS"],"build_version":"2019-07-01","purchased_purges":1,"victory":true,"max_hp_per_floor":[70,70,70,70,70,70,70,70,70,70,70,70,70,70,70,70,70,70,70,76,76,76,86,86,86,86,86,86,86,86,86,86,86,86,86,92,92,92,92,92,92,92,92,92,92,92,92,92,92,92],"card_choices":[{"not_picked":["Expertise","Underhanded Strike"],"picked":"Backflip","floor":0},{"not_picked":["Distraction","Dagger Spray"],"picked":"Noxious Fumes","floor":1},{"not_picked":["Caltrops","Bouncing Flask"],"picked":"Blur","floor":2},{"not_picked":["Heel Hook","Riddle With Holes"],"picked":"Footwork","floor":3},{"not_picked":["Prepared","Backstab"],"picked":"Backflip","floor":4},{"not_picked":["Sucker Punch","Expertise"],"picked":"Noxious Fumes","floor":5},{"not_picked":["Expertise","Tactician"],"picked":"Crippling Poison","floor":7},{"not_picked":["Well Laid Plans","Poisoned Stab+1"],"picked":"Crippling Poison","floor":11},{"not_picked":["Blade Dance","Sucker Punch+1","Underhanded Strike+1"],"picked":"SKIP","floor":12},{"not_picked":["Caltrops","Infinite Blades"],"picked":"Distraction","floor":14},{"not_picked":["Unload+1","Venomology"],"picked":"After Image","floor":16},{"not_picked":[],"picked":"Outmaneuver","floor":18},{"not_picked":["Dagger Spray+1"],"picked":"SKIP","floor":19},{"not_picked":[],"picked":"Deadly Poison+1","floor":21},{"not_picked":[],"picked":"Tools of the Trade","floor":22},{"not_picked":["Endless Agony+1"],"picked":"SKIP","floor":23},{"not_picked":["Deadly Poison+1"],"picked":"SKIP","floor":25},{"not_picked":["Slice+1"],"picked":"SKIP","floor":27},{"not_picked":[],"picked":"Footwork","floor":29},{"not_picked":["Quick Slash+1"],"picked":"SKIP","floor":35},{"not_picked":["Outmaneuver"],"picked":"SKIP","floor":37},{"not_picked":["Underhanded Strike+1"],"picked":"SKIP","floor":38},{"not_picked":[],"picked":"Crippling Poison+1","floor":39},{"not_picked":[],"picked":"PiercingWail","floor":45},{"not_picked":[],"picked":"Secret Technique","floor":46},{"not_picked":["Heel Hook+1"],"picked":"SKIP","floor":47}],"player_experience":25134,"relics_obtained":[{"floor":7,"key":"Juzu Bracelet"},{"floor":9,"key":"Molten Egg 2"},{"floor":11,"key":"Dodecahedron"},{"floor":14,"key":"Odd Mushroom"},{"floor":23,"key":"Pear"},{"floor":25,"key":"Oddly Smooth Stone"},{"floor":26,"key":"Vajra"},{"floor":28,"key":"Red Mask"},{"floor":43,"key":"Thread and Needle"},{"floor":45,"key":"Kunai"}],"event_choices":[{"cards_removed":["Strike_G"],"damage_healed":0,"gold_gain":0,"player_choice":"Forget","damage_taken":0,"max_hp_gain":0,"max_hp_loss":0,"event_name":"Living Wall","floor":8,"gold_loss":0},{"damage_healed":0,"gold_gain":0,"player_choice":"Fought Mushrooms","damage_taken":0,"max_hp_gain":0,"max_hp_loss":0,"event_name":"Mushrooms","floor":14,"gold_loss":0},{"damage_healed":0,"gold_gain":0,"player_choice":"Opened","damage_taken":0,"relics_obtained":["Darkstone Periapt"],"max_hp_gain":0,"max_hp_loss":0,"event_name":"The Mausoleum","floor":20,"gold_loss":0,"cards_obtained":["Writhe"]},{"damage_healed":0,"gold_gain":0,"player_choice":"Fought Bandits","damage_taken":0,"max_hp_gain":0,"max_hp_loss":0,"event_name":"Masked Bandits","floor":28,"gold_loss":0},{"damage_healed":0,"gold_gain":0,"player_choice":"Obtained Book","damage_taken":16,"max_hp_gain":0,"max_hp_loss":0,"event_name":"Cursed Tome","floor":31,"gold_loss":0},{"damage_healed":0,"gold_gain":0,"player_choice":"Rummage","damage_taken":0,"relics_obtained":["WarpedTongs"],"max_hp_gain":0,"max_hp_loss":0,"event_name":"Accursed Blacksmith","floor":36,"gold_loss":0,"cards_obtained":["Pain"]},{"cards_removed":["Writhe"],"damage_healed":0,"gold_gain":0,"player_choice":"Purged","damage_taken":0,"max_hp_gain":0,"max_hp_loss":0,"event_name":"Purifier","floor":44,"gold_loss":0},{"damage_healed":0,"gold_gain":0,"player_choice":"Memory 1","damage_taken":0,"max_hp_gain":0,"max_hp_loss":0,"event_name":"SensoryStone","floor":46,"gold_loss":0},{"cards_removed":["Strike_G"],"damage_healed":0,"gold_gain":0,"player_choice":"Removed Attack","damage_taken":0,"max_hp_gain":0,"max_hp_loss":0,"event_name":"Falling","floor":48,"gold_loss":0}],"is_beta":false,"boss_relics":[{"not_picked":["Astrolabe","Eternal Feather"],"picked":"Busted Crown"},{"not_picked":["Empty Cage","White Beast Statue"],"picked":"Runic Dome"}],"items_purged_floors":[41],"is_endless":false,"potions_floor_spawned":[1,2,4,7,16,22,23,25,29,33,35,45],"ascension_level":1}