{"gold_per_floor":[114,131,144,162,162,162,191,207,233,233,252,272,34,49,49,145,145,126,126,76,76,54,54,71,71,119,153,168,168,168,194,194,194],"floor_reached":33,"playtime":3735,"items_purged":[],"score":362,"play_id":"52938c99-78dd-44f2-a46a-0f5a206f8cd5","local_time":"20180703224135","is_ascension_mode":false,"campfire_choices":[{"floor":6,"key":"REST"},{"floor":10,"key":"REST"},{"floor":15,"key":"REST"},{"data":"Bash","floor":23,"key":"SMITH"},{"data":"Pommel Strike","floor":25,"key":"SMITH"},{"data":"Headbutt","floor":29,"key":"SMITH"},{"floor":32,"key":"REST"}],"neow_cost":"NONE","seed_source_timestamp":46157026424789,"circlet_count":0,"master_deck":["Strike_R+1","Strike_R","Strike_R","Strike_R+1","Strike_R","Defend_R","Defend_R","Defend_R","Defend_R","Bash+1","Flame Barrier+1","Headbutt+1","Cleave","Uppercut","Combust","Pommel Strike+1","Writhe","Bloodletting","Corruption","Blood for Blood","Barricade","Clash+1","Ghostly","Ghostly","Ghostly","Ghostly","Ghostly","Warcry","Warcry+1","Doubt","Twin Strike","Armaments+1","Thunderclap+1"],"relics":["Cursed Key","Incense Burner","Ancient Tea Set","Matryoshka","Velvet Choker","Orichalcum","Whetstone","Bag of Marbles","Bag of Preparation","Champion Belt"],"potions_floor_usage":[28],"damage_taken":[{"damage":1,"enemies":"Jaw Worm","floor":1,"turns":3},{"damage":0,"enemies":"2 Louse","floor":2,"turns":3},{"damage":6,"enemies":"Cultist","floor":3,"turns":3},{"damage":21,"enemies":"Exordium Thugs","floor":4,"turns":4},{"damage":25,"enemies":"Gremlin Nob","floor":7,"turns":5},{"damage":5,"enemies":"Looter","floor":8,"turns":2},{"damage":12,"enemies":"Exordium Wildlife","floor":11,"turns":4},{"damage":3,"enemies":"Large Slime","floor":12,"turns":4},{"damage":24,"enemies":"Gremlin Gang","floor":14,"turns":3},{"damage":29,"enemies":"Hexaghost","floor":16,"turns":9},{"damage":30,"enemies":"2 Thieves","floor":18,"turns":4},{"damage":0,"enemies":"Chosen","floor":24,"turns":7},{"damage":6,"enemies":"Gremlin Leader","floor":27,"turns":9},{"damage":5,"enemies":"Sentry and Sphere","floor":28,"turns":6},{"damage":2,"enemies":"Slavers","floor":31,"turns":7},{"damage":60,"enemies":"Automaton","floor":33,"turns":12}],"seed_played":"6604793302766026276","potions_obtained":[{"floor":3,"key":"PowerPotion"},{"floor":4,"key":"Poison Potion"},{"floor":12,"key":"LiquidBronze"},{"floor":18,"key":"AttackPotion"},{"floor":27,"key":"Ancient Potion"},{"floor":31,"key":"Ancient Potion"}],"is_trial":false,"path_per_floor":["M","M","M","M","?","R","E","M","T","R","M","M","$","M","R","B",null,"M","?","?","?","$","R","M","R","T","E","M","R","?","E","R"],"character_chosen":"IRONCLAD","items_purchased":["Matryoshka","Warcry"],"campfire_rested":4,"item_purchase_floors":[13,22],"current_hp_per_floor":[79,79,73,52,52,76,51,46,46,70,58,55,55,31,55,26,80,50,50,50,40,40,40,40,40,40,34,29,29,29,27,39,0],"gold":194,"neow_bonus":"BOSS_RELIC","is_prod":false,"is_daily":false,"chose_seed":false,"campfire_upgraded":3,"win_rate":0.0,"timestamp":1530654095,"path_taken":["M","M","M","M","?","R","E","M","T","R","M","M","?","M","R","BOSS","M","?","?","?","?","R","M","R","T","E","?","R","?","E","R","BOSS"],"build_version":"2018-06-28","purchased_purges":0,"victory":false,"max_hp_per_floor":[80,80,80,80,80,80,80,80,80,80,80,80,80,80,80,80,80,80,80,80,40,40,40,40,40,40,40,40,40,40,40,40,40],"card_choices":[{"not_picked":["Pommel Strike","Clash"],"picked":"Flame Barrier","floor":1},{"not_picked":["Flex","Shrug It Off"],"picked":"Headbutt","floor":2},{"not_picked":["Perfected Strike","Flame Barrier"],"picked":"Cleave","floor":3},{"not_picked":["Perfected Strike","Flex"],"picked":"Uppercut","floor":4},{"not_picked":["Rage","Sever Soul"],"picked":"Combust","floor":7},{"not_picked":["Hemokinesis","Fire Breathing"],"picked":"Pommel Strike","floor":8},{"not_picked":["Pummel","Dual Wield"],"picked":"Bloodletting","floor":11},{"not_picked":["Twin Strike","Demon Form"],"picked":"Corruption","floor":12},{"not_picked":["Twin Strike","Cleave"],"picked":"Blood for Blood","floor":14},{"not_picked":["Brutality","Double Tap"],"picked":"Barricade","floor":16},{"not_picked":["Inflame","Anger"],"picked":"Clash+1","floor":18},{"not_picked":["Intimidate","Sword Boomerang+1"],"picked":"Warcry+1","floor":24},{"not_picked":["Body Slam","Flex"],"picked":"Twin Strike","floor":27},{"not_picked":["Perfected Strike","Whirlwind"],"picked":"Armaments+1","floor":28},{"not_picked":["Disarm","Juggernaut"],"picked":"Thunderclap+1","floor":31}],"player_experience":5657,"relics_obtained":[{"floor":7,"key":"Incense Burner"},{"floor":9,"key":"Ancient Tea Set"},{"floor":26,"key":"Whetstone"},{"floor":26,"key":"Bag of Marbles"},{"floor":27,"key":"Bag of Preparation"},{"floor":31,"key":"Champion Belt"}],"event_choices":[{"event_name":"Living Wall","player_choice":"Grow","floor":5,"damage_taken":0},{"event_name":"The Mausoleum","player_choice":"Yes","floor":19,"damage_taken":0},{"event_name":"The Joust","player_choice":"Bet on Murderer","floor":20,"damage_taken":0},{"event_name":"Ghosts","player_choice":"Became a Ghost","floor":21,"damage_taken":0},{"event_name":"Purifier","player_choice":"One Purge","floor":30,"damage_taken":0}],"boss_relics":[{"not_picked":["Mark of Pain","Ectoplasm"],"picked":"Velvet Choker"}],"items_purged_floors":[],"is_endless":false,"potions_floor_spawned":[3,4,12,14,18,27,31],"killed_by":"Automaton","ascension_level":0}