{"gold_per_floor":[110,121,135,135,34,34,52,52,52,72,106,125,141,155,155,252,252,272,286,299,2,12,12,40,40,40,40,57,57,0,17,17,116,116,131,151,169,182,182,213,12,26,26,26,41,117,132,148,148,148],"floor_reached":51,"playtime":10576,"items_purged":["Defend_R","Defend_R","Parasite"],"score":709,"play_id":"df7ab6b3-020d-48df-b44a-2a8f92309de3","local_time":"20190706035330","is_ascension_mode":false,"campfire_choices":[{"data":"Perfected Strike","floor":6.0,"key":"SMITH"},{"data":"Warcry","floor":15.0,"key":"SMITH"},{"data":"Whirlwind","floor":23.0,"key":"SMITH"},{"data":"Shockwave","floor":25.0,"key":"SMITH"},{"floor":32.0,"key":"REST"},{"floor":44,"key":"REST"},{"floor":49,"key":"REST"}],"neow_cost":"NONE","seed_source_timestamp":0,"circlet_count":0,"master_deck":["Strike_R","Strike_R","Strike_R","Strike_R","Strike_R","Defend_R","Bash","Whirlwind+1","Battle Trance","Perfected Strike+1","Twin Strike+1","Shrug It Off","Feed","Shockwave+1","Shrug It Off","Warcry+1","Offering","Demon Form+1","Blood for Blood+1","Rupture+1","Thunderclap","Inflame+1","RitualDagger+1","Pommel Strike+1","Double Tap","Whirlwind+1","Warcry+1","Rage","Twin Strike+1"],"special_seed":0,"relics":["Burning Blood","Red Skull","Frozen Egg 2","Velvet Choker","ClockworkSouvenir","Potion Belt","Molten Egg 2","Busted Crown","Pen Nib","Ornamental Fan","Darkstone Periapt"],"potions_floor_usage":[42,50,50,50,50,50],"damage_taken":[{"damage":4.0,"enemies":"2 Louse","floor":1.0,"turns":3.0},{"damage":7.0,"enemies":"Small Slimes","floor":2.0,"turns":2.0},{"damage":6.0,"enemies":"Jaw Worm","floor":3.0,"turns":3.0},{"damage":0.0,"enemies":"2 Fungi Beasts","floor":7.0,"turns":2.0},{"damage":4.0,"enemies":"Blue Slaver","floor":10.0,"turns":2.0},{"damage":14.0,"enemies":"3 Sentries","floor":11.0,"turns":6.0},{"damage":7.0,"enemies":"Gremlin Gang","floor":12.0,"turns":2.0},{"damage":5.0,"enemies":"Exordium Thugs","floor":13.0,"turns":3.0},{"damage":7.0,"enemies":"Looter","floor":14.0,"turns":3.0},{"damage":55.0,"enemies":"Hexaghost","floor":16.0,"turns":8.0},{"damage":6.0,"enemies":"Chosen","floor":18.0,"turns":3.0},{"damage":18.0,"enemies":"Shell Parasite","floor":19.0,"turns":3.0},{"damage":8.0,"enemies":"Cultist and Chosen","floor":20.0,"turns":4.0},{"damage":11.0,"enemies":"Centurion and Healer","floor":22.0,"turns":4.0},{"damage":21.0,"enemies":"Book of Stabbing","floor":24.0,"turns":4.0},{"damage":6.0,"enemies":"3 Cultists","floor":28.0,"turns":3.0},{"damage":10.0,"enemies":"Chosen and Byrds","floor":31.0,"turns":4.0},{"damage":40.0,"enemies":"Automaton","floor":33.0,"turns":5.0},{"damage":18.0,"enemies":"3 Shapes","floor":35.0,"turns":2.0},{"damage":40.0,"enemies":"3 Darklings","floor":36.0,"turns":3.0},{"damage":0.0,"enemies":"Maw","floor":37.0,"turns":4.0},{"damage":18.0,"enemies":"Writhing Mass","floor":38.0,"turns":4.0},{"damage":9,"enemies":"Giant Head","floor":40,"turns":5},{"damage":16,"enemies":"Jaw Worm Horde","floor":42,"turns":3},{"damage":4,"enemies":"3 Darklings","floor":45,"turns":3},{"damage":22,"enemies":"Transient","floor":47,"turns":5},{"damage":12,"enemies":"Maw","floor":48,"turns":4},{"damage":130,"enemies":"Awakened One","floor":50,"turns":9}],"seed_played":"2185707700212078482","potions_obtained":[{"floor":1.0,"key":"Poison Potion"},{"floor":10.0,"key":"GamblersBrew"},{"floor":14.0,"key":"FearPotion"},{"floor":16.0,"key":"Strength Potion"},{"floor":22.0,"key":"PowerPotion"},{"floor":24.0,"key":"SkillPotion"},{"floor":31.0,"key":"AttackPotion"},{"floor":36.0,"key":"Block Potion"},{"floor":38,"key":"BloodPotion"},{"floor":39,"key":"Weak Potion"},{"floor":39,"key":"SpeedPotion"},{"floor":40,"key":"Fire Potion"},{"floor":48,"key":"Regen Potion"}],"is_trial":false,"path_per_floor":["M","M","M","?","$","R","M","?","T","M","E","M","M","M","R","B",null,"M","M","M","$","M","R","E","R","T","?","M","?","?","M","R","B",null,"M","M","M","M","?","E","$","M","T","R","M","T","M","M","R","B",null],"character_chosen":"IRONCLAD","items_purchased":["Twin Strike","ClockworkSouvenir","Rage"],"campfire_rested":3,"item_purchase_floors":[5,21,41],"current_hp_per_floor":[80,79,79,84,84,84,85,85,85,85,80,82,86,85,85,36,94,97,85,83,83,81,81,66,66,66,60,60,40,40,39,71,37,108,99,65,74,65,65,62,62,52,52,86,88,88,72,66,100,19],"gold":148,"neow_bonus":"REMOVE_CARD","is_prod":false,"is_daily":false,"chose_seed":false,"campfire_upgraded":4,"win_rate":0.0,"timestamp":1562410410,"path_taken":["M","M","M","?","$","R","M","?","T","M","E","M","M","M","R","BOSS","M","M","M","$","M","R","E","R","T","?","M","?","?","M","R","BOSS","M","M","M","M","?","E","$","M","T","R","?","?","M","M","R","BOSS"],"build_version":"2019-07-05","purchased_purges":3,"victory":true,"max_hp_per_floor":[80,80,80,85,85,85,85,85,85,85,88,91,94,94,94,94,94,97,97,97,97,100,100,100,100,100,100,100,105,105,108,108,108,108,111,111,114,117,117,117,114,114,114,114,114,114,114,114,114,114],"card_choices":[{"not_picked":["Iron Wave","Second Wind"],"picked":"Whirlwind","floor":1.0},{"not_picked":["Body Slam","Thunderclap"],"picked":"Battle Trance","floor":2.0},{"not_picked":["Cleave","Twin Strike"],"picked":"Perfected Strike","floor":3.0},{"not_picked":["Clothesline","Warcry"],"picked":"Shrug It Off","floor":7.0},{"not_picked":["Carnage","Burning Pact"],"picked":"Feed","floor":10.0},{"not_picked":["Anger","Body Slam"],"picked":"Shockwave","floor":11.0},{"not_picked":["Sever Soul","Rage"],"picked":"Shrug It Off","floor":12.0},{"not_picked":["Flame Barrier","Entrench"],"picked":"Warcry","floor":13.0},{"not_picked":["Headbutt","Thunderclap"],"picked":"Offering","floor":14.0},{"not_picked":["Barricade+1","Juggernaut+1"],"picked":"Demon Form+1","floor":16.0},{"not_picked":["Iron Wave","Hemokinesis"],"picked":"Blood for Blood+1","floor":18.0},{"not_picked":["Burning Pact","Bloodletting","True Grit"],"picked":"SKIP","floor":19.0},{"not_picked":["Whirlwind","Clothesline"],"picked":"Rupture+1","floor":20.0},{"not_picked":["Body Slam+1","Fire Breathing+1"],"picked":"Thunderclap","floor":22.0},{"not_picked":["Entrench","Sever Soul"],"picked":"Inflame+1","floor":24.0},{"not_picked":["Entrench","Power Through+1"],"picked":"Pommel Strike+1","floor":28.0},{"not_picked":["True Grit","Cleave+1","Shrug It Off"],"picked":"SKIP","floor":31.0},{"not_picked":["Reaper+1","Demon Form+1"],"picked":"Double Tap","floor":33.0},{"not_picked":[],"picked":"Whirlwind+1","floor":35.0},{"not_picked":["Rupture+1"],"picked":"SKIP","floor":36.0},{"not_picked":["Rupture+1"],"picked":"SKIP","floor":36.0},{"not_picked":[],"picked":"Warcry+1","floor":37.0},{"not_picked":["Thunderclap+1"],"picked":"SKIP","floor":38},{"not_picked":["Rupture+1"],"picked":"SKIP","floor":40},{"not_picked":["Anger+1"],"picked":"SKIP","floor":42},{"not_picked":["Burning Pact+1"],"picked":"SKIP","floor":45},{"not_picked":[],"picked":"Twin Strike+1","floor":47},{"not_picked":["Metallicize+1"],"picked":"SKIP","floor":48}],"player_experience":8996,"relics_obtained":[{"floor":9.0,"key":"Red Skull"},{"floor":11.0,"key":"Frozen Egg 2"},{"floor":24.0,"key":"Potion Belt"},{"floor":26.0,"key":"Molten Egg 2"},{"floor":40,"key":"Pen Nib"},{"floor":43,"key":"Ornamental Fan"},{"floor":46,"key":"Darkstone Periapt"}],"event_choices":[{"damage_healed":0.0,"max_hp_gain":5.0,"max_hp_loss":0.0,"gold_gain":0.0,"event_name":"Big Fish","player_choice":"Donut","floor":4.0,"gold_loss":0.0,"damage_taken":0.0},{"damage_healed":0.0,"max_hp_gain":0.0,"max_hp_loss":0.0,"gold_gain":0.0,"event_name":"Living Wall","player_choice":"Grow","floor":8.0,"gold_loss":0.0,"damage_taken":0.0,"cards_upgraded":["Twin Strike"]},{"damage_healed":0.0,"max_hp_gain":0.0,"max_hp_loss":0.0,"gold_gain":0.0,"event_name":"Nest","player_choice":"Joined the Cult","floor":27.0,"gold_loss":0.0,"damage_taken":6.0,"cards_obtained":["RitualDagger"]},{"damage_healed":0.0,"max_hp_gain":5.0,"max_hp_loss":0.0,"gold_gain":0.0,"event_name":"Forgotten Altar","player_choice":"Shed Blood","floor":29.0,"gold_loss":0.0,"damage_taken":25.0},{"damage_healed":0.0,"max_hp_gain":0.0,"max_hp_loss":0.0,"gold_gain":0.0,"event_name":"Masked Bandits","player_choice":"Paid Fearfully","floor":30.0,"gold_loss":57.0,"damage_taken":0.0},{"damage_healed":0,"gold_gain":0,"player_choice":"Got Potions","damage_taken":0,"max_hp_gain":0,"max_hp_loss":0,"event_name":"Lab","floor":39,"gold_loss":0}],"is_beta":false,"boss_relics":[{"not_picked":["Eternal Feather","Runic Dome"],"picked":"Velvet Choker"},{"not_picked":["Fusion Hammer","Astrolabe"],"picked":"Busted Crown"}],"items_purged_floors":[5,21,41],"is_endless":false,"potions_floor_spawned":[1,10,14,16,22,24,31,36,38,40,48],"ascension_level":0}