{"gold_per_floor":[18,31,31,31,31,58,71,91,116,127,127,5,23,36,36,136,136,153,153,164,164,182,182,197,216,216,216,235,235,245,258,258,258],"floor_reached":33,"playtime":1984,"items_purged":["Defend_R"],"score":280,"play_id":"98626298-9f13-49a1-939b-1e0ae8807731","local_time":"20180725134021","is_ascension_mode":false,"campfire_choices":[{"floor":11,"key":"REST"},{"data":"Flex","floor":15,"key":"SMITH"},{"data":"Fiend Fire","floor":23,"key":"SMITH"},{"floor":29,"key":"REST"},{"data":"Shrug It Off","floor":32,"key":"SMITH"}],"neow_cost":"NO_GOLD","seed_source_timestamp":3010294659601,"circlet_count":0,"master_deck":["Defend_R","Defend_R","Defend_R","Bash","Flex+1","Twin Strike","Reaper","Pommel Strike","Sever Soul","Cleave","Perfected Strike","Thunderclap","Heavy Blade","Fiend Fire+1","Dropkick","Clash","Cleave","Anger","Feel No Pain","Metallicize","Bite","Bite","Bite","Bite","Bite","Thunderclap","Armaments+1","Shrug It Off+1"],"relics":["Burning Blood","Champion Belt","Regal Pillow","Bag of Preparation","Mark of Pain","Dodecahedron"],"potions_floor_usage":[16,16,16,16,33,33,33],"damage_taken":[{"damage":4,"enemies":"Cultist","floor":1,"turns":3},{"damage":8,"enemies":"Jaw Worm","floor":2,"turns":2},{"damage":55,"enemies":"3 Sentries","floor":6,"turns":12},{"damage":5,"enemies":"2 Louse","floor":7,"turns":3},{"damage":8,"enemies":"Large Slime","floor":8,"turns":5},{"damage":5,"enemies":"3 Louse","floor":10,"turns":2},{"damage":6,"enemies":"Exordium Thugs","floor":13,"turns":3},{"damage":10,"enemies":"Large Slime","floor":14,"turns":3},{"damage":59,"enemies":"Hexaghost","floor":16,"turns":9},{"damage":12,"enemies":"3 Byrds","floor":18,"turns":5},{"damage":10,"enemies":"2 Thieves","floor":20,"turns":2},{"damage":17,"enemies":"3 Cultists","floor":22,"turns":4},{"damage":0,"enemies":"Snecko","floor":24,"turns":2},{"damage":25,"enemies":"Chosen and Byrds","floor":25,"turns":5},{"damage":48,"enemies":"Centurion and Healer","floor":28,"turns":5},{"damage":16,"enemies":"3 Cultists","floor":30,"turns":5},{"damage":12,"enemies":"Slaver and Parasite","floor":31,"turns":4},{"damage":69,"enemies":"Champ","floor":33,"turns":6}],"seed_played":"-1423948809519701518","potions_obtained":[{"floor":2,"key":"Dexterity Potion"},{"floor":7,"key":"GamblersBrew"},{"floor":8,"key":"EntropicBrew"},{"floor":20,"key":"GamblersBrew"},{"floor":28,"key":"Weak Potion"},{"floor":30,"key":"FearPotion"},{"floor":31,"key":"LiquidBronze"}],"is_trial":false,"path_per_floor":["M","M","?","?","$","E","M","M","T","M","R","$","M","M","R","B",null,"M","?","M","?","M","R","M","M","T","?","M","R","M","M","R"],"character_chosen":"IRONCLAD","items_purchased":["Perfected Strike"],"campfire_rested":2,"item_purchase_floors":[12],"current_hp_per_floor":[80,78,78,78,78,29,34,43,43,44,80,80,80,76,76,32,80,74,74,70,55,68,68,74,61,61,59,19,51,59,55,55,0],"gold":258,"neow_bonus":"ONE_RARE_RELIC","is_prod":false,"is_daily":false,"chose_seed":false,"campfire_upgraded":3,"win_rate":0.0,"timestamp":1532522421,"path_taken":["M","?","?","?","?","E","?","?","T","?","R","$","M","M","R","BOSS","M","?","M","?","M","R","M","M","T","?","M","R","M","M","R","BOSS"],"build_version":"2018-07-19v2","purchased_purges":1,"victory":false,"max_hp_per_floor":[80,80,80,80,80,80,80,80,80,80,80,80,80,80,80,80,80,80,80,80,85,85,85,85,85,85,59,59,59,59,59,59,59],"card_choices":[{"not_picked":["Sword Boomerang","Heavy Blade"],"picked":"Flex","floor":1},{"not_picked":["Wild Strike","Burning Pact"],"picked":"Twin Strike","floor":2},{"not_picked":["Ghostly Armor","Battle Trance"],"picked":"Reaper","floor":6},{"not_picked":["Fire Breathing","Flex"],"picked":"Pommel Strike","floor":7},{"not_picked":["Wild Strike","Fire Breathing"],"picked":"Sever Soul","floor":8},{"not_picked":["Wild Strike","True Grit"],"picked":"Cleave","floor":10},{"not_picked":["Headbutt","Shrug It Off"],"picked":"Thunderclap","floor":13},{"not_picked":["Clothesline","Hemokinesis"],"picked":"Heavy Blade","floor":14},{"not_picked":["Double Tap","Feed"],"picked":"Fiend Fire","floor":16},{"not_picked":["Ghostly Armor+1","Bloodletting+1"],"picked":"Dropkick","floor":18},{"not_picked":["Heavy Blade","Dual Wield"],"picked":"Cleave","floor":20},{"not_picked":["Pommel Strike","Twin Strike+1"],"picked":"Anger","floor":22},{"not_picked":["Thunderclap+1","Flex"],"picked":"Feel No Pain","floor":24},{"not_picked":["Seeing Red","Blood for Blood"],"picked":"Metallicize","floor":25},{"not_picked":["Combust","Berserk"],"picked":"Thunderclap","floor":28},{"not_picked":["Headbutt","Body Slam"],"picked":"Armaments+1","floor":30},{"not_picked":["Heavy Blade","Clothesline"],"picked":"Shrug It Off","floor":31}],"player_experience":58580,"relics_obtained":[{"floor":6,"key":"Regal Pillow"},{"floor":9,"key":"Bag of Preparation"},{"floor":26,"key":"Dodecahedron"}],"event_choices":[{"event_name":"The Cleric","player_choice":"Leave","floor":3,"damage_taken":0},{"event_name":"Purifier","player_choice":"One Purge","floor":4,"damage_taken":0},{"event_name":"The Library","player_choice":"Read","floor":19,"damage_taken":0},{"event_name":"Forgotten Altar","player_choice":"Shed Blood","floor":21,"damage_taken":0},{"event_name":"Vampires","player_choice":"Became a vampire","floor":27,"damage_taken":0}],"is_beta":false,"boss_relics":[{"not_picked":["Runic Dome","Calling Bell"],"picked":"Mark of Pain"}],"items_purged_floors":[12],"is_endless":false,"potions_floor_spawned":[2,7,8,20,28,30,31],"killed_by":"Champ","ascension_level":0}