{"gold_per_floor":[118,133,133,83,100,100,129,129,129,157,157,189,205,224,224,325,325,336,336,435,61,61,81,107,107,107,123,123,123,123],"floor_reached":30,"playtime":4657,"items_purged":["Pain"],"score":304,"play_id":"6631e75b-308f-441b-9ee2-1f6b3bf0b725","local_time":"20190713195757","is_ascension_mode":true,"campfire_choices":[{"floor":6,"key":"REST"},{"floor":8,"key":"REST"},{"floor":15,"key":"REST"},{"floor":29,"key":"REST"}],"neow_cost":"NONE","seed_source_timestamp":287067133296000,"circlet_count":0,"master_deck":["Strike_B","Strike_B","Defend_B","Defend_B+1","Defend_B+1","Defend_B+1","Zap","Dualcast+1","Consume","Cold Snap","All For One","Redo","Leap","Meteor Strike","Melter","Fission","Heatsinks","Ghostly","Ghostly","Ghostly","Ghostly","Ghostly","Hologram","Bandage Up","Skim","Streamline","Undo+1","Loop"],"relics":["Fusion Hammer","Matryoshka","Anchor","Du-Vu Doll","Potion Belt","WarpedTongs","Lantern","Lizard Tail","War Paint","Nilry\u0027s Codex","Ice Cream","Kunai","Gremlin Horn"],"potions_floor_usage":[10,16,30,30,30],"damage_taken":[{"damage":0,"enemies":"Small Slimes","floor":1,"turns":3},{"damage":0,"enemies":"2 Louse","floor":2,"turns":3},{"damage":0,"enemies":"Cultist","floor":5,"turns":4},{"damage":13,"enemies":"Gremlin Nob","floor":7,"turns":6},{"damage":24,"enemies":"3 Sentries","floor":10,"turns":7},{"damage":17,"enemies":"Lagavulin","floor":12,"turns":7},{"damage":4,"enemies":"Large Slime","floor":13,"turns":6},{"damage":3,"enemies":"2 Fungi Beasts","floor":14,"turns":3},{"damage":18,"enemies":"Slime Boss","floor":16,"turns":11},{"damage":12,"enemies":"2 Thieves","floor":18,"turns":5},{"damage":1,"enemies":"Shell Parasite","floor":23,"turns":5},{"damage":1,"enemies":"Slavers","floor":24,"turns":9},{"damage":0,"enemies":"Cultist and Chosen","floor":27,"turns":8},{"damage":65,"enemies":"Gremlin Leader","floor":30,"turns":7}],"seed_played":"5689372724901582117","potions_obtained":[{"floor":1,"key":"Explosive Potion"},{"floor":10,"key":"Dexterity Potion"},{"floor":13,"key":"Energy Potion"},{"floor":24,"key":"SpeedPotion"},{"floor":27,"key":"Block Potion"}],"is_trial":false,"path_per_floor":["M","M","?","?","M","R","E","R","T","E","?","E","M","M","R","B",null,"M","?","?","$","?","M","E","?","T","M","?","R","E"],"character_chosen":"DEFECT","items_purchased":["Hologram","Bandage Up","War Paint"],"campfire_rested":4,"item_purchase_floors":[21,21,21],"current_hp_per_floor":[75,75,60,60,60,75,62,75,75,51,51,34,30,27,49,31,75,63,37,37,37,21,24,27,27,27,31,31,37,0],"gold":123,"neow_bonus":"BOSS_RELIC","is_prod":false,"is_daily":false,"chose_seed":false,"campfire_upgraded":0,"win_rate":0,"timestamp":1563073077,"path_taken":["M","M","?","?","M","R","E","R","T","E","?","E","M","?","R","BOSS","M","?","?","$","?","M","E","?","T","?","?","R","E"],"build_version":"2019-07-05","purchased_purges":1,"victory":false,"max_hp_per_floor":[75,75,75,75,75,75,75,75,75,75,75,75,75,75,75,75,75,75,37,37,37,37,37,37,37,37,37,37,37,37],"card_choices":[{"not_picked":["Coolheaded","Rebound"],"picked":"Consume","floor":1},{"not_picked":["Steam","Sweeping Beam"],"picked":"Cold Snap","floor":2},{"not_picked":["Sweeping Beam","Steam","Stack"],"picked":"SKIP","floor":5},{"not_picked":["Cold Snap","Redo"],"picked":"All For One","floor":7},{"not_picked":["Steam","Go for the Eyes"],"picked":"Redo","floor":10},{"not_picked":["Auto Shields","Doom and Gloom"],"picked":"Leap","floor":12},{"not_picked":["Barrage","Compile Driver"],"picked":"Meteor Strike","floor":13},{"not_picked":["Go for the Eyes","Streamline"],"picked":"Melter","floor":14},{"not_picked":["Amplify","Reboot"],"picked":"Fission","floor":16},{"not_picked":["Cold Snap","Rebound"],"picked":"Heatsinks","floor":18},{"not_picked":["Rebound","Leap+1","Go for the Eyes"],"picked":"SKIP","floor":23},{"not_picked":["Double Energy","Self Repair+1"],"picked":"Skim","floor":24},{"not_picked":["Conserve Battery","Fusion+1"],"picked":"Undo+1","floor":27}],"player_experience":183163,"relics_obtained":[{"floor":7,"key":"Matryoshka"},{"floor":9,"key":"Anchor"},{"floor":9,"key":"Du-Vu Doll"},{"floor":10,"key":"Potion Belt"},{"floor":12,"key":"Lantern"},{"floor":22,"key":"Nilry\u0027s Codex"},{"floor":24,"key":"Ice Cream"},{"floor":26,"key":"Kunai"},{"floor":26,"key":"Gremlin Horn"}],"event_choices":[{"damage_healed":0,"gold_gain":0,"player_choice":"Entered Light","damage_taken":15,"max_hp_gain":0,"max_hp_loss":0,"event_name":"Shining Light","floor":3,"gold_loss":0,"cards_upgraded":["Defend_B","Defend_B"]},{"cards_removed":["Strike_B"],"damage_healed":0,"gold_gain":0,"player_choice":"Card Removal","damage_taken":0,"max_hp_gain":0,"max_hp_loss":0,"event_name":"The Cleric","floor":4,"gold_loss":50},{"damage_healed":0,"gold_gain":0,"player_choice":"Rummage","damage_taken":0,"relics_obtained":["WarpedTongs"],"max_hp_gain":0,"max_hp_loss":0,"event_name":"Accursed Blacksmith","floor":11,"gold_loss":0,"cards_obtained":["Pain"]},{"damage_healed":0,"gold_gain":0,"player_choice":"Became a Ghost","damage_taken":0,"max_hp_gain":0,"max_hp_loss":38,"event_name":"Ghosts","floor":19,"gold_loss":0,"cards_obtained":["Ghostly","Ghostly","Ghostly","Ghostly","Ghostly"]},{"damage_healed":0,"gold_gain":99,"player_choice":"Stole From Cult","damage_taken":0,"max_hp_gain":0,"max_hp_loss":0,"event_name":"Nest","floor":20,"gold_loss":0},{"damage_healed":0,"gold_gain":0,"player_choice":"Obtained Book","damage_taken":16,"max_hp_gain":0,"max_hp_loss":0,"event_name":"Cursed Tome","floor":22,"gold_loss":0},{"damage_healed":0,"gold_gain":0,"cards_transformed":["Strike_B"],"player_choice":"Transformed","damage_taken":0,"max_hp_gain":0,"max_hp_loss":0,"event_name":"Transmorgrifier","floor":25,"gold_loss":0,"cards_obtained":["Streamline"]},{"damage_healed":0,"gold_gain":0,"player_choice":"Read","damage_taken":0,"max_hp_gain":0,"max_hp_loss":0,"event_name":"The Library","floor":28,"gold_loss":0,"cards_obtained":["Loop"]}],"is_beta":false,"boss_relics":[{"not_picked":["Astrolabe","Coffee Dripper"],"picked":"Lizard Tail"}],"items_purged_floors":[21],"is_endless":false,"potions_floor_spawned":[1,10,13,24,27],"killed_by":"Gremlin Leader","ascension_level":1}