{"gold_per_floor":[117,133,308,63,78,78,112,112,112,138,152,152,169,244,244,342,342,357,19,26,41,41,41,68,85,85,111,123,123,135,152,152,253,253,263,46,61,161,180,180,195,195,195,195,43,63,76,88,88,88],"floor_reached":51,"playtime":25300,"items_purged":["Doubt","Dagger Spray"],"score":999,"play_id":"146844bd-9c85-43c9-85b0-521a441bb971","local_time":"20190714135454","is_ascension_mode":true,"campfire_choices":[{"data":"Crippling Poison","floor":6.0,"key":"SMITH"},{"floor":12.0,"key":"REST"},{"data":"Discovery","floor":15.0,"key":"SMITH"},{"floor":23.0,"key":"REST"},{"data":"Noxious Fumes","floor":29.0,"key":"SMITH"},{"data":"Footwork","floor":32.0,"key":"SMITH"},{"floor":40.0,"key":"REST"},{"data":"Bouncing Flask","floor":42.0,"key":"SMITH"},{"floor":44.0,"key":"DIG"},{"floor":49.0,"key":"REST"}],"neow_cost":"CURSE","seed_source_timestamp":0,"circlet_count":0,"master_deck":["Strike_G+1","Strike_G+1","Strike_G+1","Defend_G+1","Defend_G+1","Defend_G+1","Defend_G+1","Survivor","Neutralize","Well Laid Plans","Footwork+1","Deflect","Noxious Fumes+1","Discovery+1","Backflip","Crippling Poison+1","Bouncing Flask+1","Malaise","Blind","Cloak And Dagger","Dagger Throw","Caltrops","After Image","Crippling Poison+1","PiercingWail","Deflect+1","Deflect+1","Caltrops","Backflip","PiercingWail+1","Deflect+1","Cloak And Dagger+1","Backstab+1","Bouncing Flask+1","Bouncing Flask+1","Escape Plan+1"],"special_seed":0,"relics":["Ring of the Snake","Letter Opener","Ninja Scroll","Snake Skull","Empty Cage","FossilizedHelix","Happy Flower","Bottled Lightning","Blue Candle","Lizard Tail","Bronze Scales","Shovel","Boot","Oddly Smooth Stone"],"potions_floor_usage":[50,50,50],"damage_taken":[{"damage":1.0,"enemies":"Jaw Worm","floor":1.0,"turns":5.0},{"damage":0.0,"enemies":"Cultist","floor":2.0,"turns":4.0},{"damage":3.0,"enemies":"Small Slimes","floor":5.0,"turns":4.0},{"damage":12.0,"enemies":"Gremlin Nob","floor":7.0,"turns":4.0},{"damage":28.0,"enemies":"3 Sentries","floor":10.0,"turns":5.0},{"damage":0.0,"enemies":"Looter","floor":11.0,"turns":2.0},{"damage":0.0,"enemies":"Blue Slaver","floor":13.0,"turns":2.0},{"damage":11.0,"enemies":"Slime Boss","floor":16.0,"turns":8.0},{"damage":8.0,"enemies":"Shell Parasite","floor":18.0,"turns":6.0},{"damage":0.0,"enemies":"2 Thieves","floor":20.0,"turns":4.0},{"damage":8.0,"enemies":"Snake Plant","floor":21.0,"turns":4.0},{"damage":5.0,"enemies":"Slavers","floor":24.0,"turns":3.0},{"damage":0.0,"enemies":"3 Cultists","floor":25.0,"turns":3.0},{"damage":0.0,"enemies":"Gremlin Leader","floor":27.0,"turns":7.0},{"damage":0.0,"enemies":"Cultist and Chosen","floor":28.0,"turns":5.0},{"damage":0.0,"enemies":"Sentry and Sphere","floor":30.0,"turns":5.0},{"damage":0.0,"enemies":"Snecko","floor":31.0,"turns":5.0},{"damage":6.0,"enemies":"Collector","floor":33.0,"turns":8.0},{"damage":16.0,"enemies":"3 Darklings","floor":35.0,"turns":4.0},{"damage":3.0,"enemies":"3 Shapes","floor":37.0,"turns":4.0},{"damage":0.0,"enemies":"Mind Bloom Boss Battle","floor":38.0,"turns":6.0},{"damage":8.0,"enemies":"Writhing Mass","floor":39.0,"turns":5.0},{"damage":9.0,"enemies":"Transient","floor":41.0,"turns":5.0},{"damage":0.0,"enemies":"4 Shapes","floor":46.0,"turns":3.0},{"damage":0.0,"enemies":"Sphere and 2 Shapes","floor":47.0,"turns":3.0},{"damage":0.0,"enemies":"Maw","floor":48.0,"turns":7.0},{"damage":53,"enemies":"Awakened One","floor":50,"turns":14}],"seed_played":"1848521762374492930","potions_obtained":[{"floor":7.0,"key":"Weak Potion"},{"floor":13.0,"key":"Energy Potion"},{"floor":16.0,"key":"SpeedPotion"},{"floor":18.0,"key":"SpeedPotion"},{"floor":25.0,"key":"Energy Potion"},{"floor":27.0,"key":"Dexterity Potion"},{"floor":31.0,"key":"Dexterity Potion"},{"floor":39.0,"key":"Fire Potion"},{"floor":46.0,"key":"Weak Potion"}],"is_trial":false,"path_per_floor":["M","M","?","$","M","R","E","?","T","E","M","R","M","?","R","B",null,"M","$","M","M","?","R","E","M","T","E","M","R","M","M","R","B",null,"M","$","M","?","M","R","M","R","T","R","$","M","M","M","R","B",null],"character_chosen":"THE_SILENT","items_purchased":["Noxious Fumes","Discovery","Backflip","FossilizedHelix","Explosive Potion","Bronze Scales","Regen Potion","Dexterity Potion"],"campfire_rested":4,"item_purchase_floors":[4,4,4,19,19,36,36,45],"current_hp_per_floor":[62,62,62,62,59,59,47,47,47,19,19,40,40,29,29,18,55,47,47,47,39,39,59,54,54,54,54,54,54,54,54,54,48,62,46,46,43,43,35,55,58,58,58,58,58,58,58,58,67,14],"gold":88,"neow_bonus":"TRANSFORM_TWO_CARDS","is_prod":false,"is_daily":false,"chose_seed":false,"campfire_upgraded":5,"win_rate":0,"timestamp":1563126894,"path_taken":["M","M","?","$","M","R","E","?","T","E","M","R","?","?","R","BOSS","M","$","M","M","?","R","E","M","T","E","M","R","M","M","R","BOSS","M","$","M","?","M","R","M","R","T","R","?","M","M","?","R","BOSS"],"build_version":"2019-07-05","purchased_purges":2,"victory":true,"max_hp_per_floor":[70,70,70,70,70,70,70,70,70,70,70,70,70,70,70,70,67,67,67,67,67,67,67,67,67,67,67,67,67,67,67,67,67,67,67,67,67,67,67,67,67,67,67,67,67,67,67,67,67,67],"card_choices":[{"not_picked":["Bane","Dagger Spray"],"picked":"Footwork","floor":1.0},{"not_picked":["Masterful Stab","Underhanded Strike"],"picked":"Deflect","floor":2.0},{"not_picked":["Prepared","Dodge and Roll"],"picked":"Crippling Poison","floor":5.0},{"not_picked":["Predator","Crippling Poison"],"picked":"Bouncing Flask","floor":7.0},{"not_picked":["Infinite Blades","Reflex"],"picked":"Cloak And Dagger","floor":10.0},{"not_picked":["Slice","Outmaneuver"],"picked":"Dagger Throw","floor":11.0},{"not_picked":["Deflect","Underhanded Strike"],"picked":"Caltrops","floor":13.0},{"not_picked":["Envenom","Corpse Explosion"],"picked":"After Image","floor":16.0},{"not_picked":["Flying Knee","Sucker Punch"],"picked":"Crippling Poison+1","floor":18.0},{"not_picked":["Sucker Punch","Slice","Prepared"],"picked":"SKIP","floor":20.0},{"not_picked":["Escape Plan","Cloak And Dagger"],"picked":"PiercingWail","floor":21.0},{"not_picked":["Distraction","Slice+1"],"picked":"Deflect+1","floor":24.0},{"not_picked":["Sucker Punch+1","Backflip"],"picked":"Deflect+1","floor":25.0},{"not_picked":["Blade Dance","Quick Slash"],"picked":"Caltrops","floor":27.0},{"not_picked":["Crippling Poison","Underhanded Strike+1"],"picked":"Backflip","floor":28.0},{"not_picked":["Dagger Spray","Sucker Punch","Cloak And Dagger"],"picked":"SKIP","floor":30.0},{"not_picked":["Infinite Blades+1","Sucker Punch+1"],"picked":"PiercingWail+1","floor":31.0},{"not_picked":["Dash","Accuracy"],"picked":"Deflect+1","floor":35.0},{"not_picked":["Quick Slash+1","Prepared"],"picked":"Cloak And Dagger+1","floor":37.0},{"not_picked":["Accuracy+1","Backflip"],"picked":"Backstab+1","floor":38.0},{"not_picked":["Dagger Throw","Blur","Outmaneuver"],"picked":"SKIP","floor":39.0},{"not_picked":["Slice","Well Laid Plans+1"],"picked":"Bouncing Flask+1","floor":41.0},{"not_picked":["Prepared","Backflip+1"],"picked":"Bouncing Flask+1","floor":46.0},{"not_picked":["Masterful Stab","Dagger Spray+1","Sucker Punch"],"picked":"SKIP","floor":47.0},{"not_picked":["Infinite Blades","Well Laid Plans"],"picked":"Escape Plan+1","floor":48.0}],"player_experience":558589,"relics_obtained":[{"floor":7.0,"key":"Letter Opener"},{"floor":9.0,"key":"Ninja Scroll"},{"floor":10.0,"key":"Snake Skull"},{"floor":24.0,"key":"Happy Flower"},{"floor":26.0,"key":"Bottled Lightning"},{"floor":27.0,"key":"Blue Candle"},{"floor":38.0,"key":"Shovel"},{"floor":43.0,"key":"Boot"},{"floor":44.0,"key":"Oddly Smooth Stone"}],"event_choices":[{"damage_healed":0.0,"max_hp_gain":0.0,"max_hp_loss":0.0,"gold_gain":175.0,"event_name":"Liars Game","player_choice":"AGREE","floor":3.0,"gold_loss":0.0,"damage_taken":0.0,"cards_obtained":["Doubt"]},{"damage_healed":0.0,"max_hp_gain":0.0,"max_hp_loss":0.0,"gold_gain":0.0,"event_name":"Match and Keep!","player_choice":"2 cards matched","floor":8.0,"gold_loss":0.0,"damage_taken":0.0,"cards_obtained":["Malaise","Blind"]},{"damage_healed":0.0,"max_hp_gain":0.0,"max_hp_loss":0.0,"gold_gain":75.0,"event_name":"World of Goop","player_choice":"Gather Gold","floor":14.0,"gold_loss":0.0,"damage_taken":11.0},{"damage_healed":0.0,"max_hp_gain":0.0,"max_hp_loss":0.0,"gold_gain":0.0,"event_name":"Back to Basics","player_choice":"Simplicity","floor":22.0,"gold_loss":0.0,"damage_taken":0.0,"cards_upgraded":["Strike_G","Strike_G","Strike_G","Defend_G","Defend_G","Defend_G","Defend_G"]},{"damage_healed":0.0,"max_hp_gain":0.0,"max_hp_loss":0.0,"gold_gain":0.0,"event_name":"MindBloom","player_choice":"Fight","floor":38.0,"gold_loss":0.0,"damage_taken":0.0}],"is_beta":false,"boss_relics":[{"not_picked":["Calling Bell","Velvet Choker"],"picked":"Empty Cage"},{"not_picked":["Ring of the Serpent","Coffee Dripper"],"picked":"Lizard Tail"}],"items_purged_floors":[4,45],"is_endless":false,"potions_floor_spawned":[7,13,16,18,25,27,28,31,39,46,48],"ascension_level":8}