{"gold_per_floor":[109,164,174,191,209,242,258,258,258,290,290,306,306,317,317,416,416,435,462,475,475,13,29,29,41,41,41,53,80,80,80,80,176,176,193,193,207,222,236,236,268,268,292,292,8,25,25,42,42,42],"floor_reached":50,"playtime":3669,"items_purged":[],"score":556,"play_id":"a0a88ddd-bf7b-46f5-8726-261c435cf8b0","local_time":"20180710194331","is_ascension_mode":false,"campfire_choices":[{"floor":8,"key":"REST"},{"data":"Shrug It Off","floor":15,"key":"SMITH"},{"floor":24,"key":"REST"},{"data":"Heavy Blade","floor":27,"key":"SMITH"},{"floor":30,"key":"REST"},{"floor":32,"key":"REST"},{"floor":40,"key":"REST"},{"floor":44,"key":"REST"},{"floor":49,"key":"REST"}],"neow_cost":"NONE","seed_source_timestamp":0,"circlet_count":0,"master_deck":["Strike_R","Strike_R","Strike_R","Strike_R","Strike_R","Defend_R","Defend_R","Bash","Clothesline","Anger","Shrug It Off+1","Shrug It Off","Offering","Heavy Blade","Uppercut","Perfected Strike","Heavy Blade+1","Offering","Infernal Blade","Demon Form","Cleave","Rage","Sword Boomerang+1","Perfected Strike","Iron Wave","Headbutt","Pommel Strike","Infernal Blade","Impervious","Shockwave+1","Carnage","True Grit+1","Rupture+1","Iron Wave","Whirlwind","Bandage Up","Enlightenment","Secret Weapon","Perfected Strike","Cleave+1","Perfected Strike+1","Shrug It Off","Sever Soul","Rupture","Clash+1","Madness","Madness","Carnage"],"special_seed":17722,"relics":["Burning Blood","Meat on the Bone","Bag of Marbles","Happy Flower","Letter Opener","Empty Cage","Red Mask","Orichalcum","Bottled Lightning","Pen Nib","Self Forming Clay","Orrery","Ancient Tea Set","Lantern","TwistedFunnel"],"potions_floor_usage":[10,16,16,25,29,29,39,50,50,50],"damage_taken":[{"damage":6,"enemies":"Cultist","floor":1,"turns":3},{"damage":6,"enemies":"Small Slimes","floor":3,"turns":3},{"damage":8,"enemies":"Jaw Worm","floor":4,"turns":3},{"damage":12,"enemies":"Looter","floor":5,"turns":3},{"damage":27,"enemies":"3 Sentries","floor":6,"turns":8},{"damage":13,"enemies":"3 Louse","floor":7,"turns":4},{"damage":19,"enemies":"Lagavulin","floor":10,"turns":5},{"damage":4,"enemies":"2 Fungi Beasts","floor":12,"turns":2},{"damage":5,"enemies":"Blue Slaver","floor":14,"turns":3},{"damage":55,"enemies":"The Guardian","floor":16,"turns":9},{"damage":8,"enemies":"Chosen","floor":18,"turns":3},{"damage":27,"floor":19,"turns":3},{"damage":18,"enemies":"2 Thieves","floor":20,"turns":3},{"damage":9,"enemies":"Snake Plant","floor":23,"turns":3},{"damage":12,"enemies":"Centurion and Healer","floor":25,"turns":3},{"damage":19,"enemies":"3 Cultists","floor":28,"turns":4},{"damage":30,"enemies":"Gremlin Leader","floor":29,"turns":5},{"damage":41,"enemies":"Champ","floor":33,"turns":9},{"damage":25,"enemies":"3 Darklings","floor":35,"turns":4},{"damage":18,"enemies":"Orb Walker","floor":37,"turns":5},{"damage":18,"enemies":"4 Shapes","floor":38,"turns":5},{"damage":28,"enemies":"Sphere and 2 Shapes","floor":39,"turns":4},{"damage":39,"enemies":"Nemesis","floor":41,"turns":5},{"damage":12,"enemies":"3 Darklings","floor":46,"turns":2},{"damage":27,"enemies":"Maw","floor":48,"turns":7},{"damage":92,"enemies":"Awakened One","floor":50,"turns":9}],"seed_played":"-163716102511872118","potions_obtained":[{"floor":10,"key":"Poison Potion"},{"floor":19,"key":"Energy Potion"},{"floor":23,"key":"Explosive Potion"},{"floor":25,"key":"PowerPotion"},{"floor":37,"key":"Regen Potion"},{"floor":38,"key":"FearPotion"},{"floor":41,"key":"SpeedPotion"},{"floor":48,"key":"LiquidBronze"}],"is_trial":false,"path_per_floor":["M","?","M","M","M","E","M","R","T","E","?","M","?","M","R","B",null,"M","?","M","?","$","M","R","M","T","R","M","E","R","?","R","B",null,"M","?","M","M","M","R","E","?","T","R","$","M","?","M","R"],"character_chosen":"IRONCLAD","items_purchased":["Orichalcum","Bottled Lightning","Perfected Strike","TwistedFunnel","Rupture"],"campfire_rested":7,"item_purchase_floors":[22,22,22,45,45],"current_hp_per_floor":[80,80,80,78,72,51,56,80,80,67,67,69,69,70,70,33,80,78,57,57,57,57,54,78,72,72,72,59,47,71,56,81,58,85,66,56,60,52,42,67,50,50,50,75,75,69,58,53,78,0],"gold":42,"neow_bonus":"THREE_SMALL_POTIONS","is_prod":false,"is_daily":false,"chose_seed":false,"campfire_upgraded":2,"win_rate":0.0,"timestamp":1531248211,"path_taken":["M","?","M","M","M","E","M","R","T","E","?","M","?","?","R","BOSS","M","?","M","?","$","M","R","M","T","R","?","E","R","?","R","BOSS","M","?","M","?","M","R","E","?","T","R","$","?","?","M","R","BOSS"],"build_version":"2018-07-05","purchased_purges":0,"victory":false,"max_hp_per_floor":[80,80,80,80,80,80,80,80,80,80,80,80,80,80,80,80,80,80,80,80,80,80,80,80,80,80,80,80,80,80,85,85,85,85,85,85,85,85,85,85,85,85,85,85,85,85,85,85,85,85],"card_choices":[{"not_picked":["Flex","Disarm"],"picked":"Clothesline","floor":1},{"not_picked":["Clash","Second Wind"],"picked":"Anger","floor":3},{"not_picked":["Inflame","Armaments"],"picked":"Shrug It Off","floor":4},{"not_picked":["Flex","Body Slam"],"picked":"Shrug It Off","floor":5},{"not_picked":["Metallicize","Armaments"],"picked":"Offering","floor":6},{"not_picked":["Twin Strike","Clash"],"picked":"Heavy Blade","floor":7},{"not_picked":["Fire Breathing","Berserk"],"picked":"Uppercut","floor":10},{"not_picked":["Feel No Pain","Cleave"],"picked":"Perfected Strike","floor":12},{"not_picked":["Anger","Rampage"],"picked":"Infernal Blade","floor":14},{"not_picked":["Brutality","Berserk"],"picked":"Demon Form","floor":16},{"not_picked":["Flex+1","Shockwave"],"picked":"Cleave","floor":18},{"not_picked":["Reckless Charge","Thunderclap"],"picked":"Rage","floor":19},{"not_picked":["Hemokinesis","Disarm"],"picked":"Sword Boomerang+1","floor":20},{"not_picked":["Rupture","Uppercut"],"picked":"Iron Wave","floor":23},{"not_picked":["Iron Wave","Shockwave"],"picked":"Headbutt","floor":25},{"not_picked":["True Grit","Pummel"],"picked":"Pommel Strike","floor":28},{"not_picked":["Sword Boomerang","Intimidate"],"picked":"Infernal Blade","floor":29},{"not_picked":["Juggernaut","Offering"],"picked":"Impervious","floor":33},{"not_picked":["Armaments","Flex+1"],"picked":"Shockwave+1","floor":34},{"not_picked":["Searing Blow+1","Twin Strike"],"picked":"Carnage","floor":34},{"not_picked":["Warcry","Body Slam"],"picked":"True Grit+1","floor":34},{"not_picked":["Clothesline","Flex+1"],"picked":"Rupture+1","floor":34},{"not_picked":["Warcry+1","Shrug It Off"],"picked":"Iron Wave","floor":34},{"not_picked":["Twin Strike+1","Bloodletting"],"picked":"Whirlwind","floor":35},{"not_picked":["Trip","Secret Technique"],"picked":"Bandage Up","floor":36},{"not_picked":["Finesse","Bandage Up"],"picked":"Enlightenment","floor":36},{"not_picked":["Trip","Master of Strategy"],"picked":"Secret Weapon","floor":36},{"not_picked":["Clothesline","Fire Breathing"],"picked":"Perfected Strike","floor":37},{"not_picked":["True Grit","Fire Breathing+1"],"picked":"Cleave+1","floor":38},{"not_picked":["Heavy Blade","Sword Boomerang+1"],"picked":"Perfected Strike+1","floor":39},{"not_picked":["Combust","Headbutt"],"picked":"Shrug It Off","floor":41},{"not_picked":["Twin Strike+1","Clothesline"],"picked":"Clash+1","floor":46},{"not_picked":["Flex","Perfected Strike+1"],"picked":"Carnage","floor":48}],"player_experience":27404,"relics_obtained":[{"floor":6,"key":"Meat on the Bone"},{"floor":9,"key":"Bag of Marbles"},{"floor":10,"key":"Happy Flower"},{"floor":19,"key":"Red Mask"},{"floor":26,"key":"Pen Nib"},{"floor":29,"key":"Self Forming Clay"},{"floor":41,"key":"Ancient Tea Set"},{"floor":43,"key":"Lantern"}],"event_choices":[{"event_name":"Golden Wing","player_choice":"Gained Gold","floor":2,"damage_taken":0},{"event_name":"Big Fish","player_choice":"Box","floor":11,"damage_taken":0},{"event_name":"Match and Keep!","player_choice":"2 cards matched","floor":13,"damage_taken":0},{"event_name":"Masked Bandits","player_choice":"Fought over 435 gold","floor":19,"damage_taken":0},{"event_name":"Transmorgrifier","player_choice":"Transform","floor":21,"damage_taken":0},{"event_name":"Forgotten Altar","player_choice":"Shed Blood","floor":31,"damage_taken":0},{"event_name":"SensoryStone","player_choice":"Memory 3","floor":36,"damage_taken":0},{"event_name":"Transmorgrifier","player_choice":"Transform","floor":42,"damage_taken":0},{"event_name":"Winding Halls","player_choice":"Embrace Madness","floor":47,"damage_taken":0}],"boss_relics":[{"not_picked":["Runic Cube","Calling Bell"],"picked":"Empty Cage"},{"not_picked":["Snecko Eye","Eternal Feather"],"picked":"Orrery"}],"items_purged_floors":[],"is_endless":false,"potions_floor_spawned":[3,5,10,12,19,23,25,28,37,38,41,48],"killed_by":"Awakened One","ascension_level":0}