{"gold_per_floor":[116,116,126,138,213,240,240,33,60,94,9,27,27,40,40,143,143,160,160,160,170,269,284,284,318,344,344,344,361,361,376,376,478,478,491,502,602,613,316,316,331,343,420,420,420,437,449,156,156,156],"floor_reached":50,"playtime":10576,"items_purged":["Decay","Parasite"],"score":524,"play_id":"951713df-8c54-45ca-8608-6cd07f0d1f5a","local_time":"20190712181531","is_ascension_mode":false,"campfire_choices":[{"floor":7,"key":"REST"},{"data":"Defragment","floor":13,"key":"SMITH"},{"data":"Reinforced Body","floor":15,"key":"SMITH"},{"floor":24,"key":"REST"},{"data":"Seek","floor":28,"key":"SMITH"},{"floor":32,"key":"REST"},{"data":"Machine Learning","floor":40,"key":"SMITH"},{"data":"Loop","floor":45,"key":"SMITH"},{"data":"Capacitor","floor":49,"key":"SMITH"}],"neow_cost":"PERCENT_DAMAGE","seed_source_timestamp":186850390030800,"circlet_count":0,"master_deck":["Zap+1","Dualcast","Doom and Gloom","Doom and Gloom+1","Rebound","Reinforced Body+1","Defragment+1","Coolheaded","Melter","Capacitor+1","Hologram","Heatsinks","Hologram+1","Seek+1","Skim+1","Necronomicurse","Glacier+1","Hologram","Coolheaded+1","Reprogram","Heatsinks","Reinforced Body+1","Rainbow","Fusion","Ball Lightning","Machine Learning+1","All For One","Scrape","Force Field","Loop+1","Self Repair","Secret Technique","Double Energy+1","Chill+1","Thinking Ahead"],"special_seed":0,"relics":["Cracked Core","Whetstone","Orichalcum","Sundial","Sozu","Necronomicon","Dream Catcher","Art of War","War Paint","Ancient Tea Set","Pandora\u0027s Box","Molten Egg 2"],"potions_floor_usage":[16,16],"damage_taken":[{"damage":4.0,"enemies":"2 Louse","floor":1.0,"turns":3.0},{"damage":1.0,"enemies":"Cultist","floor":3.0,"turns":3.0},{"damage":1.0,"enemies":"Jaw Worm","floor":4.0,"turns":4.0},{"damage":16.0,"enemies":"Gremlin Nob","floor":6.0,"turns":3.0},{"damage":8,"enemies":"Lagavulin","floor":10,"turns":5},{"damage":7,"enemies":"Red Slaver","floor":12,"turns":4},{"damage":4,"enemies":"2 Fungi Beasts","floor":14,"turns":2},{"damage":4,"enemies":"Hexaghost","floor":16,"turns":7},{"damage":0,"enemies":"Spheric Guardian","floor":18,"turns":1},{"damage":20,"enemies":"2 Thieves","floor":21,"turns":4},{"damage":12,"enemies":"Centurion and Healer","floor":23,"turns":4},{"damage":19,"enemies":"Gremlin Leader","floor":25,"turns":5},{"damage":0,"enemies":"Cultist and Chosen","floor":29,"turns":5},{"damage":9,"enemies":"Sentry and Sphere","floor":31,"turns":3},{"damage":23,"enemies":"Champ","floor":33,"turns":11},{"damage":2,"enemies":"Orb Walker","floor":35,"turns":4},{"damage":0,"enemies":"3 Shapes","floor":36,"turns":1},{"damage":23,"enemies":"Jaw Worm Horde","floor":38,"turns":3},{"damage":10,"enemies":"Writhing Mass","floor":41,"turns":6},{"damage":1,"enemies":"Sphere and 2 Shapes","floor":42,"turns":2},{"damage":11,"enemies":"Maw","floor":46,"turns":7},{"damage":21,"enemies":"Spire Growth","floor":47,"turns":5},{"damage":35,"enemies":"Time Eater","floor":50,"turns":5}],"seed_played":"4736629634646583474","potions_obtained":[{"floor":10,"key":"PowerPotion"},{"floor":14,"key":"SkillPotion"}],"is_trial":false,"path_per_floor":["M","?","M","M","?","E","R","$","T","E","$","M","R","M","R","B",null,"M","?","?","M","?","M","R","E","T","T","R","M","?","M","R","B",null,"M","M","?","M","$","R","M","M","T","?","R","M","M","$","R","B"],"character_chosen":"DEFECT","items_purchased":["Defragment","Coolheaded","Melter","Capacitor","Hologram","Self Repair","Secret Technique","Thinking Ahead"],"campfire_rested":3,"item_purchase_floors":[8,8,8,11,11,39,39,48],"current_hp_per_floor":[50,50,49,48,41,25,47,47,47,39,39,32,32,28,28,24,75,75,59,59,39,39,27,49,30,30,30,30,30,30,21,43,20,75,73,73,73,50,50,50,47,53,53,53,53,49,35,35,35,0],"gold":156,"neow_bonus":"REMOVE_TWO","is_prod":false,"is_daily":false,"chose_seed":false,"campfire_upgraded":6,"win_rate":0.0,"timestamp":1562980531,"path_taken":["M","?","?","M","?","E","R","?","T","E","$","M","R","M","R","BOSS","M","?","?","M","?","M","R","E","T","?","R","?","?","M","R","BOSS","M","M","?","M","$","R","M","?","T","?","R","M","M","$","R","BOSS"],"build_version":"2019-07-05","purchased_purges":2,"victory":false,"max_hp_per_floor":[75,75,75,75,75,75,75,75,75,75,75,75,75,75,75,75,75,75,75,75,75,75,75,75,75,75,75,75,75,75,75,75,75,75,75,75,75,75,75,75,75,75,75,71,71,71,71,68,68,68],"card_choices":[{"not_picked":["Conserve Battery","Rebound"],"picked":"Doom and Gloom","floor":1.0},{"not_picked":["Coolheaded","Compile Driver"],"picked":"Doom and Gloom","floor":3.0},{"not_picked":["Coolheaded","Beam Cell"],"picked":"Rebound","floor":4.0},{"not_picked":["Self Repair","Auto Shields"],"picked":"Reinforced Body","floor":6},{"not_picked":["Sweeping Beam","Compile Driver","Rip and Tear"],"picked":"SKIP","floor":10},{"not_picked":["Gash","Streamline"],"picked":"Heatsinks","floor":12},{"not_picked":["Streamline","Consume"],"picked":"Hologram","floor":14},{"not_picked":["Buffer","Rainbow"],"picked":"Seek","floor":16},{"not_picked":["Conserve Battery","Go for the Eyes+1"],"picked":"Skim+1","floor":18},{"not_picked":["Reinforced Body","Streamline"],"picked":"Glacier+1","floor":21},{"not_picked":["Storm","Aggregate+1"],"picked":"Hologram","floor":23},{"not_picked":["Gash","Cold Snap"],"picked":"Coolheaded+1","floor":24},{"not_picked":["Consume","Conserve Battery"],"picked":"Reprogram","floor":25},{"not_picked":["Beam Cell+1","Rebound+1"],"picked":"Heatsinks","floor":29},{"not_picked":["Rip and Tear+1","Redo"],"picked":"Reinforced Body+1","floor":31},{"not_picked":["Reboot","Multi-Cast"],"picked":"Rainbow","floor":33},{"not_picked":["Conserve Battery","Chaos","Leap"],"picked":"SKIP","floor":35},{"not_picked":["Heatsinks+1","Stack"],"picked":"Force Field","floor":36},{"not_picked":["Rebound+1","Fission"],"picked":"Loop","floor":38},{"not_picked":["Compile Driver","Static Discharge+1","Consume"],"picked":"SKIP","floor":41},{"not_picked":["Doom and Gloom","Go for the Eyes"],"picked":"Double Energy+1","floor":42},{"not_picked":["Melter+1","Steam+1"],"picked":"Chill+1","floor":46},{"not_picked":["Coolheaded","Barrage+1","Steam"],"picked":"SKIP","floor":47}],"player_experience":167576,"relics_obtained":[{"floor":6,"key":"Whetstone"},{"floor":9,"key":"Orichalcum"},{"floor":10,"key":"Sundial"},{"floor":19,"key":"Necronomicon"},{"floor":25,"key":"Art of War"},{"floor":26,"key":"War Paint"},{"floor":27,"key":"Ancient Tea Set"},{"floor":43,"key":"Molten Egg 2"}],"event_choices":[{"cards_removed":["Defend_B"],"damage_healed":0.0,"max_hp_gain":0.0,"max_hp_loss":0.0,"gold_gain":0.0,"event_name":"Bonfire Elementals","player_choice":"Offered Basic","floor":2.0,"gold_loss":0.0,"damage_taken":0.0},{"damage_healed":0.0,"max_hp_gain":0.0,"max_hp_loss":0.0,"gold_gain":75.0,"event_name":"FaceTrader","player_choice":"Touch","floor":5.0,"gold_loss":0.0,"damage_taken":7.0},{"damage_healed":0,"gold_gain":0,"player_choice":"Obtained Book","damage_taken":16,"max_hp_gain":0,"max_hp_loss":0,"event_name":"Cursed Tome","floor":19,"gold_loss":0},{"damage_healed":0,"gold_gain":0,"player_choice":"Opened","damage_taken":0,"relics_obtained":["Dream Catcher"],"max_hp_gain":0,"max_hp_loss":0,"event_name":"The Mausoleum","floor":20,"gold_loss":0},{"damage_healed":0,"gold_gain":99,"player_choice":"Stole From Cult","damage_taken":0,"max_hp_gain":0,"max_hp_loss":0,"event_name":"Nest","floor":22,"gold_loss":0},{"damage_healed":0,"gold_gain":0,"player_choice":"Smashed Altar","damage_taken":0,"max_hp_gain":0,"max_hp_loss":0,"event_name":"Forgotten Altar","floor":30,"gold_loss":0,"cards_obtained":["Decay"]},{"damage_healed":0,"gold_gain":100,"player_choice":"Pray","damage_taken":0,"max_hp_gain":0,"max_hp_loss":0,"event_name":"Golden Shrine","floor":37,"gold_loss":0},{"damage_healed":0,"gold_gain":0,"player_choice":"Max HP","damage_taken":0,"max_hp_gain":0,"max_hp_loss":4,"event_name":"Winding Halls","floor":44,"gold_loss":0}],"is_beta":false,"boss_relics":[{"not_picked":["FrozenCore","Philosopher\u0027s Stone"],"picked":"Sozu"},{"not_picked":["Tiny House","Runic Dome"],"picked":"Pandora\u0027s Box"}],"items_purged_floors":[39,48],"is_endless":false,"potions_floor_spawned":[10,14,18,23,25,42,46],"killed_by":"Time Eater","ascension_level":0}