{"gold_per_floor":[110,110,126,126,45,79,79,109,133,152,152,168,243,256,256,256],"floor_reached":16,"playtime":3004,"items_purged":[],"score":249,"play_id":"ab7f4fe4-4802-4e22-a40a-4bb5fead232a","local_time":"20190714003443","is_ascension_mode":true,"campfire_choices":[{"data":"Dash","floor":7.0,"key":"SMITH"},{"data":"Dash","floor":11.0,"key":"SMITH"},{"floor":15.0,"key":"REST"}],"neow_cost":"PERCENT_DAMAGE","seed_source_timestamp":325986485521377,"circlet_count":0,"master_deck":["Strike_G","Strike_G","Strike_G","Strike_G","Strike_G","Defend_G","Defend_G","Defend_G","Defend_G","Defend_G","Survivor","Neutralize","Dash+1","All Out Attack","Dash+1","Escape Plan","Outmaneuver","Flying Knee","Crippling Poison","Backstab"],"special_seed":0,"relics":["Ring of the Snake","Smiling Mask","Juzu Bracelet","Anchor"],"potions_floor_usage":[],"damage_taken":[{"damage":2.0,"enemies":"Small Slimes","floor":1.0,"turns":4.0},{"damage":1.0,"enemies":"Jaw Worm","floor":3.0,"turns":5.0},{"damage":12.0,"enemies":"3 Sentries","floor":6.0,"turns":8.0},{"damage":13.0,"enemies":"Gremlin Nob","floor":8.0,"turns":5.0},{"damage":0.0,"enemies":"2 Louse","floor":10.0,"turns":2.0},{"damage":0.0,"enemies":"Lots of Slimes","floor":12.0,"turns":3.0},{"damage":0.0,"enemies":"Exordium Wildlife","floor":14.0,"turns":3.0},{"damage":52,"enemies":"The Guardian","floor":16,"turns":11}],"seed_played":"-6335894137139701307","potions_obtained":[{"floor":3.0,"key":"GhostInAJar"},{"floor":8.0,"key":"Energy Potion"},{"floor":14.0,"key":"Energy Potion"}],"is_trial":false,"path_per_floor":["M","?","M","?","$","E","R","E","T","M","R","M","?","M","R","B"],"character_chosen":"THE_SILENT","items_purchased":["Dash"],"campfire_rested":1,"item_purchase_floors":[5],"current_hp_per_floor":[57,62,61,61,61,49,49,36,36,36,36,36,25,25,51,0],"gold":256,"neow_bonus":"TWENTY_PERCENT_HP_BONUS","is_prod":false,"is_daily":false,"chose_seed":false,"campfire_upgraded":2,"win_rate":0,"timestamp":1563078883,"path_taken":["M","?","M","?","?","E","R","E","T","M","R","M","?","M","R","BOSS"],"build_version":"2019-07-05","purchased_purges":0,"victory":false,"max_hp_per_floor":[84,89,89,89,89,89,89,89,89,89,89,89,89,89,89,89],"card_choices":[{"not_picked":["Prepared","Bane"],"picked":"Dash","floor":1.0},{"not_picked":["Sucker Punch","Deflect"],"picked":"All Out Attack","floor":3.0},{"not_picked":["Flechettes","Acrobatics"],"picked":"Escape Plan","floor":6.0},{"not_picked":["Tactician","Bane"],"picked":"Outmaneuver","floor":8.0},{"not_picked":["Outmaneuver","Deflect"],"picked":"Flying Knee","floor":10.0},{"not_picked":["Eviscerate","Deadly Poison"],"picked":"Crippling Poison","floor":12.0},{"not_picked":["Setup","Predator"],"picked":"Backstab","floor":14.0}],"player_experience":555585,"relics_obtained":[{"floor":6.0,"key":"Smiling Mask"},{"floor":8.0,"key":"Juzu Bracelet"},{"floor":9.0,"key":"Anchor"}],"event_choices":[{"damage_healed":0.0,"max_hp_gain":5.0,"max_hp_loss":0.0,"gold_gain":0.0,"event_name":"Big Fish","player_choice":"Donut","floor":2.0,"gold_loss":0.0,"damage_taken":0.0},{"damage_healed":0.0,"max_hp_gain":0.0,"max_hp_loss":0.0,"gold_gain":0.0,"event_name":"Liars Game","player_choice":"Ignored","floor":4.0,"gold_loss":0.0,"damage_taken":0.0},{"damage_healed":0.0,"max_hp_gain":0.0,"max_hp_loss":0.0,"gold_gain":75.0,"event_name":"World of Goop","player_choice":"Gather Gold","floor":13.0,"gold_loss":0.0,"damage_taken":11.0}],"is_beta":false,"boss_relics":[],"items_purged_floors":[],"is_endless":false,"potions_floor_spawned":[3,8,14],"killed_by":"The Guardian","ascension_level":8}