{"gold_per_floor":[114,34,47,47,47,73,73,108,108,108,128,140,88,99,99,171,171,187,187,198,212,227,227,241,241,265,265,279,279,289,301,301,301],"floor_reached":33,"playtime":1475,"items_purged":[],"score":569,"play_id":"444d0ba7-b48a-4f3d-920b-6a18fb9f96c7","local_time":"20190714122742","is_ascension_mode":true,"campfire_choices":[{"data":"Inflame","floor":7,"key":"SMITH"},{"data":"Pommel Strike","floor":10,"key":"SMITH"},{"floor":15,"key":"REST"},{"data":"Limit Break","floor":23,"key":"SMITH"},{"data":"Whirlwind","floor":25,"key":"SMITH"},{"floor":27,"key":"REST"},{"floor":32,"key":"REST"}],"neow_cost":"NONE","seed_source_timestamp":219253167794127,"circlet_count":0,"master_deck":["AscendersBane","Defend_R","Defend_R","Defend_R","Defend_R","Bash","Battle Trance","Ghostly Armor","Thunderclap","Inflame+1","Pommel Strike+1","Perfected Strike","Sword Boomerang","Armaments","Limit Break+1","Heavy Blade+1","Shrug It Off","Whirlwind+1","Bite","Bite","Bite","Bite","Bite"],"relics":["Black Blood","NeowsBlessing","Kunai","Sundial","Happy Flower","Self Forming Clay"],"potions_floor_usage":[33,33],"damage_taken":[{"damage":0,"enemies":"Cultist","floor":1,"turns":1},{"damage":0,"enemies":"Small Slimes","floor":3,"turns":1},{"damage":0,"enemies":"3 Sentries","floor":6,"turns":2},{"damage":30,"enemies":"Lagavulin","floor":8,"turns":7},{"damage":0,"enemies":"2 Louse","floor":11,"turns":2},{"damage":14,"enemies":"Lots of Slimes","floor":12,"turns":4},{"damage":0,"enemies":"3 Louse","floor":14,"turns":3},{"damage":29,"enemies":"The Guardian","floor":16,"turns":11},{"damage":2,"enemies":"Chosen","floor":18,"turns":4},{"damage":10,"enemies":"Shell Parasite","floor":20,"turns":6},{"damage":28,"enemies":"Snecko","floor":21,"turns":5},{"damage":5,"enemies":"Centurion and Healer","floor":22,"turns":5},{"damage":38,"enemies":"Snake Plant","floor":24,"turns":5},{"damage":20,"enemies":"Snecko","floor":28,"turns":5},{"damage":19,"enemies":"3 Cultists","floor":30,"turns":4},{"damage":52,"enemies":"Cultist and Chosen","floor":31,"turns":7},{"damage":72,"enemies":"Automaton","floor":33,"turns":6}],"seed_played":"-4504901589358728853","potions_obtained":[{"floor":3,"key":"Strength Potion"},{"floor":6,"key":"PowerPotion"},{"floor":22,"key":"Ancient Potion"},{"floor":28,"key":"Dexterity Potion"},{"floor":30,"key":"SteroidPotion"}],"is_trial":false,"path_per_floor":["M","$","M","?","$","E","R","E","T","R","M","M","$","M","R","B",null,"M","?","M","M","M","R","M","R","T","R","M","?","M","M","R","B"],"character_chosen":"IRONCLAD","items_purchased":["Ghostly Armor","Thunderclap","Sword Boomerang"],"campfire_rested":3,"item_purchase_floors":[2,2,13],"current_hp_per_floor":[74,74,75,49,49,55,55,31,31,31,37,29,29,35,57,34,65,73,75,75,57,62,62,34,34,34,56,48,48,43,16,38,0],"gold":301,"neow_bonus":"THREE_ENEMY_KILL","is_prod":false,"is_daily":false,"chose_seed":false,"campfire_upgraded":4,"win_rate":0,"timestamp":1563078462,"path_taken":["M","?","M","?","$","E","R","E","T","R","M","M","$","M","R","BOSS","M","?","?","M","M","R","M","R","T","R","M","?","M","M","R","BOSS"],"build_version":"2019-07-05","purchased_purges":0,"victory":false,"max_hp_per_floor":[75,75,75,75,75,75,75,75,75,75,75,75,75,75,75,75,75,75,75,75,75,75,75,75,75,75,75,75,75,75,75,75,75],"card_choices":[{"not_picked":["Flex","Anger"],"picked":"Battle Trance","floor":1},{"not_picked":["Clothesline","Corruption"],"picked":"Inflame","floor":3},{"not_picked":["Sword Boomerang","Body Slam"],"picked":"Pommel Strike","floor":6},{"not_picked":["Searing Blow","Ghostly Armor"],"picked":"Perfected Strike","floor":8},{"not_picked":["Havoc","Perfected Strike"],"picked":"Wild Strike","floor":11},{"not_picked":["Perfected Strike","Metallicize","Seeing Red"],"picked":"SKIP","floor":12},{"not_picked":["Thunderclap","Dropkick"],"picked":"Armaments","floor":14},{"not_picked":["Demon Form","Double Tap"],"picked":"Limit Break","floor":16},{"not_picked":["Sword Boomerang","Havoc"],"picked":"Heavy Blade+1","floor":18},{"not_picked":["Havoc","Flex"],"picked":"Shrug It Off","floor":20},{"not_picked":["Fire Breathing","Pommel Strike","Anger"],"picked":"SKIP","floor":21},{"not_picked":["Twin Strike","Body Slam"],"picked":"Whirlwind","floor":22},{"not_picked":["Bludgeon","Pummel","Blood for Blood"],"picked":"SKIP","floor":24},{"not_picked":["Evolve","Perfected Strike","Rage"],"picked":"SKIP","floor":28},{"not_picked":["Cleave","Perfected Strike+1","Entrench+1"],"picked":"SKIP","floor":30},{"not_picked":["Flex","Rupture","Twin Strike+1"],"picked":"SKIP","floor":31}],"player_experience":850005,"relics_obtained":[{"floor":6,"key":"Sundial"},{"floor":8,"key":"Happy Flower"},{"floor":9,"key":"Self Forming Clay"},{"floor":26,"key":"Blood Vial"}],"event_choices":[{"damage_healed":0,"gold_gain":0,"player_choice":"Success","damage_taken":26,"relics_obtained":["Kunai"],"max_hp_gain":0,"max_hp_loss":0,"event_name":"Scrap Ooze","floor":4,"gold_loss":0},{"cards_removed":["Wild Strike"],"damage_healed":5,"gold_gain":0,"player_choice":"Offered Common","damage_taken":0,"max_hp_gain":0,"max_hp_loss":0,"event_name":"Bonfire Elementals","floor":19,"gold_loss":0},{"cards_removed":["Wild Strike"],"damage_healed":5,"gold_gain":0,"player_choice":"Offered Special","damage_taken":0,"max_hp_gain":0,"max_hp_loss":0,"event_name":"Bonfire Elementals","floor":19,"gold_loss":0},{"damage_healed":0,"gold_gain":0,"player_choice":"Became a vampire (Vial)","damage_taken":0,"max_hp_gain":0,"max_hp_loss":0,"event_name":"Vampires","floor":29,"relics_lost":["Blood Vial"],"gold_loss":0,"cards_obtained":["Bite","Bite","Bite","Bite","Bite"]}],"is_beta":false,"boss_relics":[{"not_picked":["Tiny House","Lizard Tail"],"picked":"Black Blood"}],"items_purged_floors":[],"is_endless":false,"potions_floor_spawned":[3,6,11,22,28,30],"killed_by":"Automaton","ascension_level":15}