{"gold_per_floor":[209,221,239,32,47,74,74,107,146,158,188,228,269,309,321,437,449,476,504,530,220,232,232,266,266,266,300,310,310,310,323,323,422,422,441,441,63,63,75,102,121,121,121,137,137,137,186,205,205,205],"floor_reached":51,"playtime":13594,"items_purged":["Parasite","Strike_G"],"score":1064,"play_id":"568403fb-05e3-4fa5-a919-d42d7786c2ef","local_time":"20190714204930","is_ascension_mode":true,"campfire_choices":[{"data":"Neutralize","floor":7.0,"key":"SMITH"},{"floor":15.0,"key":"REST"},{"floor":23.0,"key":"REST"},{"floor":30.0,"key":"REST"},{"floor":32.0,"key":"REST"},{"floor":42.0,"key":"REST"},{"floor":49.0,"key":"REST"}],"neow_cost":"NONE","seed_source_timestamp":0,"circlet_count":0,"master_deck":["Strike_G","Strike_G","Strike_G+1","Defend_G","Defend_G","Defend_G","Defend_G","Defend_G","Survivor","Neutralize+1","PiercingWail","Dagger Spray","Dagger Throw","Noxious Fumes","Cloak And Dagger","Caltrops","Riddle With Holes+1","Deflect","Dodge and Roll","Sucker Punch","Infinite Blades","Die Die Die","Dagger Spray","Dash","Panache","Well Laid Plans","Sucker Punch+1","Finisher+1","Endless Agony","Cloak And Dagger","Terror","Corpse Explosion","Sucker Punch+1","Prepared+1","Blade Dance+1","Backstab","Discovery","Quick Slash+1"],"special_seed":0,"relics":["Ring of the Snake","Shuriken","MawBank","Ancient Tea Set","Art of War","Incense Burner","Fusion Hammer","Whetstone","Blue Candle","Ninja Scroll","White Beast Statue","Pen Nib","Tingsha","The Specimen","Anchor"],"potions_floor_usage":[50,50,50],"damage_taken":[{"damage":0.0,"enemies":"2 Louse","floor":1.0,"turns":2.0},{"damage":0.0,"enemies":"Small Slimes","floor":2.0,"turns":3.0},{"damage":13.0,"enemies":"Jaw Worm","floor":3.0,"turns":8.0},{"damage":5.0,"enemies":"3 Louse","floor":5.0,"turns":2.0},{"damage":11.0,"enemies":"3 Sentries","floor":6.0,"turns":8.0},{"damage":5.0,"enemies":"Gremlin Nob","floor":8.0,"turns":3.0},{"damage":3.0,"enemies":"Looter","floor":11.0,"turns":3.0},{"damage":8.0,"enemies":"3 Sentries","floor":12.0,"turns":8.0},{"damage":5.0,"enemies":"Large Slime","floor":13.0,"turns":5.0},{"damage":15.0,"enemies":"Lagavulin","floor":14.0,"turns":7.0},{"damage":27.0,"enemies":"The Guardian","floor":16.0,"turns":10.0},{"damage":15.0,"enemies":"Shell Parasite","floor":18.0,"turns":5.0},{"damage":2.0,"enemies":"Spheric Guardian","floor":19.0,"turns":4.0},{"damage":21.0,"enemies":"Snecko","floor":20.0,"turns":5.0},{"damage":1.0,"enemies":"Centurion and Healer","floor":22.0,"turns":4.0},{"damage":3.0,"enemies":"Slavers","floor":24.0,"turns":5.0},{"damage":9.0,"enemies":"Book of Stabbing","floor":27.0,"turns":5.0},{"damage":0.0,"enemies":"Snake Plant","floor":28.0,"turns":1.0},{"damage":4.0,"enemies":"Snecko","floor":31.0,"turns":4.0},{"damage":51.0,"enemies":"Collector","floor":33.0,"turns":8.0},{"damage":0.0,"enemies":"3 Darklings","floor":35.0,"turns":1.0},{"damage":0.0,"enemies":"Orb Walker","floor":39.0,"turns":3.0},{"damage":7.0,"enemies":"Giant Head","floor":40.0,"turns":5.0},{"damage":0.0,"enemies":"3 Darklings","floor":41.0,"turns":1.0},{"damage":4.0,"enemies":"Writhing Mass","floor":44.0,"turns":4.0},{"damage":4.0,"enemies":"4 Shapes","floor":48.0,"turns":5.0},{"damage":53,"enemies":"Awakened One","floor":50,"turns":14}],"seed_played":"1483273062006356455","potions_obtained":[{"floor":3.0,"key":"Energy Potion"},{"floor":5.0,"key":"Poison Potion"},{"floor":11.0,"key":"EntropicBrew"},{"floor":13.0,"key":"LiquidBronze"},{"floor":14.0,"key":"SkillPotion"},{"floor":20.0,"key":"LiquidBronze"},{"floor":22.0,"key":"Fire Potion"},{"floor":27.0,"key":"AttackPotion"},{"floor":28.0,"key":"Weak Potion"},{"floor":35.0,"key":"Strength Potion"},{"floor":40.0,"key":"Swift Potion"},{"floor":41.0,"key":"EssenceOfSteel"},{"floor":44.0,"key":"Poison Potion"},{"floor":48.0,"key":"GhostInAJar"}],"is_trial":false,"path_per_floor":["M","M","M","$","M","E","R","E","T","?","M","E","M","E","R","B",null,"M","M","M","$","M","R","E","?","T","E","M","?","R","M","R","B",null,"M","?","$","?","M","E","M","R","T","M","?","?","T","M","R","B",null],"character_chosen":"THE_SILENT","items_purchased":["Noxious Fumes","Fire Potion","EssenceOfSteel","Panache","Well Laid Plans","Pen Nib","Dexterity Potion","Regen Potion"],"campfire_rested":6,"item_purchase_floors":[4,4,4,21,21,37,37,37],"current_hp_per_floor":[63,63,50,50,45,34,34,29,29,46,43,35,30,15,36,9,55,40,38,17,17,16,36,33,55,55,46,46,46,66,62,67,16,54,54,54,54,54,54,47,47,67,67,63,63,63,63,59,64,26],"gold":205,"neow_bonus":"HUNDRED_GOLD","is_prod":false,"is_daily":false,"chose_seed":false,"campfire_upgraded":1,"win_rate":0,"timestamp":1563151770,"path_taken":["M","M","M","$","M","E","R","E","T","?","M","E","M","E","R","BOSS","M","M","M","$","M","R","E","?","T","E","M","?","R","M","R","BOSS","M","?","$","?","M","E","M","R","T","M","?","?","?","M","R","BOSS"],"build_version":"2019-07-05","purchased_purges":2,"victory":true,"max_hp_per_floor":[70,70,70,70,70,70,70,70,70,70,70,70,70,70,70,70,70,70,70,70,67,67,67,67,67,67,67,67,67,67,67,67,67,67,67,67,67,67,67,67,67,67,67,67,67,64,64,64,64,64],"card_choices":[{"not_picked":["Deadly Poison","Distraction"],"picked":"PiercingWail","floor":1.0},{"not_picked":["Finisher","Blade Dance"],"picked":"Dagger Spray","floor":2.0},{"not_picked":["Poisoned Stab","Backflip"],"picked":"Dagger Throw","floor":3.0},{"not_picked":["Sucker Punch","Underhanded Strike"],"picked":"Cloak And Dagger","floor":5.0},{"not_picked":["Flechettes","Prepared"],"picked":"Caltrops","floor":6.0},{"not_picked":["Distraction","Escape Plan"],"picked":"Riddle With Holes","floor":8.0},{"not_picked":["Underhanded Strike","Deadly Poison"],"picked":"Deflect","floor":11.0},{"not_picked":["Tactician","Dagger Spray"],"picked":"Dodge and Roll","floor":12.0},{"not_picked":["Dagger Throw","Underhanded Strike"],"picked":"Sucker Punch","floor":13.0},{"not_picked":["Die Die Die","Flying Knee"],"picked":"Infinite Blades","floor":14.0},{"not_picked":["Burst","Glass Knife"],"picked":"Die Die Die","floor":16.0},{"not_picked":["Slice","Poisoned Stab"],"picked":"Dagger Spray","floor":18.0},{"not_picked":["Blur","Eviscerate","Bane"],"picked":"SKIP","floor":19.0},{"not_picked":["Noxious Fumes","PiercingWail"],"picked":"Dash","floor":20.0},{"not_picked":["Well Laid Plans","Prepared"],"picked":"Sucker Punch+1","floor":22.0},{"not_picked":["Sucker Punch+1","Setup"],"picked":"Finisher+1","floor":24.0},{"not_picked":["Bane+1","Slice"],"picked":"Endless Agony","floor":27.0},{"not_picked":["Sucker Punch","Underhanded Strike+1"],"picked":"Cloak And Dagger","floor":28.0},{"not_picked":["Expertise","Bane"],"picked":"Terror","floor":31.0},{"not_picked":["Die Die Die","Glass Knife"],"picked":"Corpse Explosion","floor":33.0},{"not_picked":["PiercingWail","Poisoned Stab"],"picked":"Sucker Punch+1","floor":35.0},{"not_picked":["Poisoned Stab+1","Slice"],"picked":"Prepared+1","floor":39.0},{"not_picked":["Glass Knife","Deadly Poison+1"],"picked":"Blade Dance+1","floor":40.0},{"not_picked":["Backflip","Masterful Stab+1"],"picked":"Backstab","floor":41.0},{"not_picked":["Well Laid Plans","All Out Attack+1","Noxious Fumes+1"],"picked":"SKIP","floor":44.0},{"not_picked":["Mind Blast","Blind"],"picked":"Discovery","floor":45.0},{"not_picked":["Predator+1","Flechettes+1"],"picked":"Quick Slash+1","floor":48.0}],"player_experience":583889,"relics_obtained":[{"floor":6.0,"key":"Shuriken"},{"floor":8.0,"key":"MawBank"},{"floor":9.0,"key":"Ancient Tea Set"},{"floor":12.0,"key":"Art of War"},{"floor":14.0,"key":"Incense Burner"},{"floor":24.0,"key":"Whetstone"},{"floor":26.0,"key":"Blue Candle"},{"floor":27.0,"key":"Ninja Scroll"},{"floor":40.0,"key":"Tingsha"},{"floor":43.0,"key":"The Specimen"},{"floor":47.0,"key":"Anchor"}],"event_choices":[{"damage_healed":17.0,"max_hp_gain":0.0,"max_hp_loss":0.0,"gold_gain":0.0,"event_name":"Mushrooms","player_choice":"Healed and dodged fight","floor":10.0,"gold_loss":0.0,"damage_taken":0.0,"cards_obtained":["Parasite"]},{"damage_healed":22.0,"max_hp_gain":0.0,"max_hp_loss":0.0,"gold_gain":0.0,"event_name":"The Library","player_choice":"Heal","floor":25.0,"gold_loss":0.0,"damage_taken":0.0},{"damage_healed":0.0,"max_hp_gain":0.0,"max_hp_loss":0.0,"gold_gain":0.0,"event_name":"Ghosts","player_choice":"Ignored","floor":29.0,"gold_loss":0.0,"damage_taken":0.0},{"cards_removed":["Strike_G"],"damage_healed":0.0,"max_hp_gain":0.0,"max_hp_loss":0.0,"gold_gain":0.0,"event_name":"Falling","player_choice":"Removed Attack","floor":36.0,"gold_loss":0.0,"damage_taken":0.0},{"damage_healed":0.0,"max_hp_gain":0.0,"max_hp_loss":0.0,"gold_gain":0.0,"event_name":"Mysterious Sphere","player_choice":"Ignored","floor":38.0,"gold_loss":0.0,"damage_taken":0.0},{"damage_healed":0.0,"max_hp_gain":0.0,"max_hp_loss":0.0,"gold_gain":0.0,"event_name":"SensoryStone","player_choice":"Memory 1","floor":45.0,"gold_loss":0.0,"damage_taken":0.0},{"damage_healed":0.0,"max_hp_gain":0.0,"max_hp_loss":3.0,"gold_gain":0.0,"event_name":"Winding Halls","player_choice":"Max HP","floor":46.0,"gold_loss":0.0,"damage_taken":0.0}],"is_beta":false,"boss_relics":[{"not_picked":["Pandora\u0027s Box","Black Star"],"picked":"Fusion Hammer"},{"not_picked":["Busted Crown","Velvet Choker"],"picked":"White Beast Statue"}],"items_purged_floors":[21,37],"is_endless":false,"potions_floor_spawned":[3,5,11,13,14,20,22,27,28,35,39,40,41,44,48],"ascension_level":9}