{"gold_per_floor":[112,112,127,146,223,223,239,239,265,280,308,338,350,366,366,471,471,488,488,507,518,518,548,548,25,25,25,37,37,37,50,50,148,148,161,161,99,99,146,146,246,246],"floor_reached":42,"playtime":2868,"items_purged":[],"score":416,"play_id":"e78453b3-a61d-47f1-9609-cc4c99d9e93a","local_time":"20180706124715","is_ascension_mode":false,"campfire_choices":[{"data":"Pommel Strike","floor":6,"key":"SMITH"},{"floor":15,"key":"REST"},{"floor":24,"key":"REST"},{"data":"Rage","floor":27,"key":"SMITH"},{"data":"Bludgeon","floor":29,"key":"SMITH"},{"data":"Pommel Strike","floor":32,"key":"SMITH"},{"floor":40,"key":"REST"}],"neow_cost":"TEN_PERCENT_HP_LOSS","seed_source_timestamp":7539794967997,"circlet_count":0,"master_deck":["Strike_R+1","Strike_R+1","Strike_R+1","Strike_R+1","Strike_R+1","Defend_R+1","Defend_R+1","Defend_R+1","Bash+1","Hemokinesis","Rage+1","Pommel Strike+1","Iron Wave+1","Pommel Strike+1","Shrug It Off","Perfected Strike","Reckless Charge","Bludgeon+1","Flame Barrier+1","Shrug It Off","Perfected Strike","Bludgeon+1","Carnage+1","Anger+1","Seeing Red","Double Tap","Reckless Charge+1","Combust","Dark Shackles","Flash of Steel+1","Apotheosis","Sword Boomerang+1"],"relics":["Black Blood","Incense Burner","Strawberry","Bag of Preparation","Regal Pillow","Sozu","Molten Egg 2","Juzu Bracelet","Membership Card","Oddly Smooth Stone","Matryoshka","Thread and Needle"],"potions_floor_usage":[33,33,42],"damage_taken":[{"damage":8,"enemies":"Jaw Worm","floor":1,"turns":4},{"damage":1,"enemies":"Small Slimes","floor":3,"turns":3},{"damage":12,"enemies":"2 Louse","floor":4,"turns":2},{"damage":12,"enemies":"Exordium Thugs","floor":7,"turns":5},{"damage":5,"enemies":"Large Slime","floor":10,"turns":4},{"damage":19,"enemies":"3 Sentries","floor":11,"turns":7},{"damage":5,"enemies":"Looter","floor":13,"turns":3},{"damage":4,"enemies":"Exordium Wildlife","floor":14,"turns":2},{"damage":51,"enemies":"The Guardian","floor":16,"turns":9},{"damage":7,"enemies":"Shell Parasite","floor":18,"turns":3},{"damage":17,"enemies":"3 Byrds","floor":20,"turns":5},{"damage":3,"enemies":"Cultist and Chosen","floor":21,"turns":4},{"damage":21,"enemies":"Book of Stabbing","floor":23,"turns":6},{"damage":16,"enemies":"Slaver and Parasite","floor":28,"turns":5},{"damage":3,"enemies":"Snake Plant","floor":31,"turns":4},{"damage":70,"enemies":"Collector","floor":33,"turns":8},{"damage":0,"enemies":"Orb Walker","floor":35,"turns":2},{"damage":27,"floor":39,"turns":5},{"damage":113,"enemies":"Giant Head","floor":42,"turns":10}],"seed_played":"-8502237658173712692","potions_obtained":[{"floor":7,"key":"FearPotion"},{"floor":10,"key":"Swift Potion"},{"floor":11,"key":"SpeedPotion"},{"floor":16,"key":"BloodPotion"}],"is_trial":false,"path_per_floor":["M","?","M","M","?","R","M","?","T","M","E","?","M","M","R","B",null,"M","?","M","M","?","E","R","$","T","R","M","R","?","M","R","B",null,"M","?","$","?","?","R","?"],"character_chosen":"IRONCLAD","items_purchased":["Juzu Bracelet","Membership Card","Oddly Smooth Stone","Carnage+1","Combust"],"campfire_rested":3,"item_purchase_floors":[25,25,25,25,37],"current_hp_per_floor":[70,70,72,66,66,66,60,46,53,54,41,41,42,44,79,34,79,78,78,67,70,55,40,80,80,80,80,70,70,70,73,73,17,84,84,84,84,74,57,84,84,0],"gold":246,"neow_bonus":"ONE_RARE_RELIC","is_prod":false,"is_daily":false,"chose_seed":false,"campfire_upgraded":4,"win_rate":0.0,"timestamp":1530877635,"path_taken":["M","?","M","M","?","R","M","?","T","M","E","?","M","?","R","BOSS","M","?","M","M","?","E","R","$","T","R","M","R","?","M","R","BOSS","M","?","$","?","?","R","?","E"],"build_version":"2018-07-05","purchased_purges":0,"victory":false,"max_hp_per_floor":[72,72,72,72,72,72,72,72,79,79,79,79,79,79,79,79,79,79,79,79,79,84,84,84,84,84,84,84,84,84,84,84,84,84,84,84,84,84,84,84,84,84],"card_choices":[{"not_picked":["Armaments","Heavy Blade"],"picked":"Hemokinesis","floor":1},{"not_picked":["Body Slam","Clash"],"picked":"Rage","floor":3},{"not_picked":["Iron Wave","Armaments"],"picked":"Pommel Strike","floor":4},{"not_picked":["Clash","Heavy Blade"],"picked":"Iron Wave","floor":7},{"not_picked":["Rupture","Thunderclap"],"picked":"Pommel Strike","floor":10},{"not_picked":["Inflame","Whirlwind"],"picked":"Shrug It Off","floor":11},{"not_picked":["Sword Boomerang","Pommel Strike"],"picked":"Perfected Strike","floor":13},{"not_picked":["Flex","Entrench"],"picked":"Reckless Charge","floor":14},{"not_picked":["Brutality","Double Tap"],"picked":"Bludgeon","floor":16},{"not_picked":["Dual Wield","Perfected Strike"],"picked":"Flame Barrier+1","floor":18},{"not_picked":["Feel No Pain","Warcry+1"],"picked":"Shrug It Off","floor":20},{"not_picked":["Sword Boomerang","Searing Blow"],"picked":"Perfected Strike","floor":21},{"not_picked":["Anger","Sword Boomerang+1"],"picked":"Bludgeon","floor":23},{"not_picked":["Second Wind","Rage"],"picked":"Anger+1","floor":28},{"not_picked":["Shockwave","Flex"],"picked":"Seeing Red","floor":31},{"not_picked":["Demon Form","Juggernaut"],"picked":"Double Tap","floor":33},{"not_picked":["True Grit","Dropkick+1"],"picked":"Reckless Charge+1","floor":35},{"not_picked":["Deep Breath","Purity"],"picked":"Dark Shackles","floor":38},{"not_picked":["Blind","Purity"],"picked":"Flash of Steel+1","floor":38},{"not_picked":["Jack Of All Trades","Panacea"],"picked":"Apotheosis","floor":38},{"not_picked":["Combust","Feel No Pain"],"picked":"Sword Boomerang+1","floor":39}],"player_experience":14557,"relics_obtained":[{"floor":9,"key":"Strawberry"},{"floor":11,"key":"Bag of Preparation"},{"floor":23,"key":"Molten Egg 2"},{"floor":26,"key":"Matryoshka"},{"floor":39,"key":"Thread and Needle"}],"event_choices":[{"event_name":"The Cleric","player_choice":"Leave","floor":2,"damage_taken":0},{"event_name":"Golden Wing","player_choice":"Gained Gold","floor":5,"damage_taken":0},{"event_name":"Shining Light","player_choice":"Entered Light","floor":8,"damage_taken":0},{"event_name":"Dead Adventurer","player_choice":"Searched \u00273\u0027 times","floor":12,"damage_taken":0},{"event_name":"Back to Basics","player_choice":"Simplicity","floor":19,"damage_taken":0},{"event_name":"Forgotten Altar","player_choice":"Shed Blood","floor":22,"damage_taken":0},{"event_name":"Beggar","player_choice":"Ignored","floor":30,"damage_taken":0},{"event_name":"Falling","player_choice":"Removed Skill","floor":36,"damage_taken":0},{"event_name":"SensoryStone","player_choice":"Memory 3","floor":38,"damage_taken":0},{"event_name":"Mysterious Sphere","player_choice":"Fight","floor":39,"damage_taken":0},{"event_name":"Golden Shrine","player_choice":"Pray","floor":41,"damage_taken":0}],"boss_relics":[{"not_picked":["Fusion Hammer","Runic Cube"],"picked":"Sozu"},{"not_picked":["Coffee Dripper","Empty Cage"],"picked":"Black Blood"}],"items_purged_floors":[],"is_endless":false,"potions_floor_spawned":[7,10,11,16,23,28,31,39],"killed_by":"Giant Head","ascension_level":0}