{"gold_per_floor":[117,117,117,117,135,135,161,161,185,211,225,10,10,24,24,126,126,142,142,65,83,98,159,159,190,190,190,14,32,45,56,56,56],"floor_reached":33,"playtime":2414,"items_purged":["Regret","Writhe"],"score":325,"play_id":"4673bf93-7a5a-47fa-8382-a5cdf8d9153c","local_time":"20180803232000","is_ascension_mode":false,"campfire_choices":[{"data":"Survivor","floor":6,"key":"SMITH"},{"floor":15,"key":"REST"},{"floor":24,"key":"REST"},{"floor":32,"key":"REST"}],"neow_cost":"NONE","seed_source_timestamp":38933145996859,"circlet_count":0,"master_deck":["Defend_G","Defend_G","Defend_G","Defend_G","Defend_G","Survivor+1","Neutralize","All Out Attack","Predator+1","Underhanded Strike+1","Acrobatics","All Out Attack","Footwork","Distraction","Prepared","Mind Blast","Dagger Spray","Infinite Blades","Venomology","Backflip","Die Die Die","Prepared","RitualDagger","J.A.X.","Leg Sweep+1","Concentrate+1","PiercingWail","Slice+1","Pain","Bite","Bite","Bite","Bite","Bite","Flying Knee","Blade Dance","Underhanded Strike+1","Blade Dance+1","PiercingWail+1"],"relics":["Orrery","Vajra","Darkstone Periapt","Ancient Tea Set","Whetstone","Cursed Key","Tiny Chest","Red Mask","Ornamental Fan"],"potions_floor_usage":[14,16,16,16,18,22,22,23,29,29,31,33,33,33],"damage_taken":[{"damage":0,"enemies":"Cultist","floor":1,"turns":3},{"damage":2,"enemies":"2 Louse","floor":5,"turns":2},{"damage":11,"enemies":"3 Sentries","floor":7,"turns":5},{"damage":19,"enemies":"Lagavulin","floor":10,"turns":7},{"damage":9,"enemies":"Small Slimes","floor":11,"turns":3},{"damage":14,"enemies":"Exordium Wildlife","floor":14,"turns":4},{"damage":12,"enemies":"The Guardian","floor":16,"turns":11},{"damage":20,"enemies":"2 Thieves","floor":18,"turns":3},{"damage":0,"enemies":"3 Byrds","floor":21,"turns":4},{"damage":5,"enemies":"Sentry and Sphere","floor":22,"turns":4},{"damage":26,"enemies":"Slavers","floor":23,"turns":5},{"damage":9,"floor":25,"turns":4},{"damage":1,"enemies":"Centurion and Healer","floor":29,"turns":5},{"damage":10,"enemies":"3 Cultists","floor":30,"turns":4},{"damage":11,"enemies":"Snake Plant","floor":31,"turns":2},{"damage":55,"enemies":"Champ","floor":33,"turns":9}],"seed_played":"6233799556560809322","potions_obtained":[{"floor":1,"key":"Energy Potion"},{"floor":8,"key":"Strength Potion"},{"floor":8,"key":"EssenceOfSteel"},{"floor":8,"key":"Block Potion"},{"floor":10,"key":"PowerPotion"},{"floor":14,"key":"FearPotion"},{"floor":16,"key":"Energy Potion"},{"floor":18,"key":"GhostInAJar"},{"floor":25,"key":"Fire Potion"},{"floor":29,"key":"Dexterity Potion"},{"floor":31,"key":"Poison Potion"}],"is_trial":false,"path_per_floor":["M","?","?","?","M","R","E","?","T","E","M","$","?","M","R","B",null,"M","?","?","M","M","E","R","?","T","?","$","M","M","M","R"],"character_chosen":"THE_SILENT","items_purchased":["Mind Blast","Dagger Spray","Flying Knee","Blade Dance"],"campfire_rested":3,"item_purchase_floors":[12,12,28,28],"current_hp_per_floor":[70,70,70,70,68,68,57,57,57,38,29,29,35,21,43,45,76,56,50,50,50,45,19,41,32,38,38,38,41,31,20,37,0],"gold":56,"neow_bonus":"BOSS_RELIC","is_prod":false,"is_daily":false,"chose_seed":false,"campfire_upgraded":1,"win_rate":0,"timestamp":1533334800,"path_taken":["M","?","?","?","M","R","E","?","T","E","M","$","?","?","R","BOSS","M","?","?","M","M","E","R","?","T","?","?","M","M","?","R","BOSS"],"build_version":"2018-08-02","purchased_purges":2,"victory":false,"max_hp_per_floor":[70,70,70,70,70,70,70,70,70,70,70,70,76,76,76,76,76,76,76,76,76,76,76,76,76,82,57,57,57,57,57,57,57],"card_choices":[{"not_picked":["Terror","Caltrops"],"picked":"All Out Attack","floor":0},{"not_picked":["Choke","Dagger Throw"],"picked":"Predator","floor":0},{"not_picked":["Well Laid Plans","Outmaneuver"],"picked":"Underhanded Strike","floor":0},{"not_picked":["Deadly Poison","Accuracy"],"picked":"Acrobatics","floor":0},{"not_picked":["Setup","Backflip"],"picked":"Eviscerate","floor":0},{"not_picked":["Bane","Accuracy"],"picked":"All Out Attack","floor":1},{"not_picked":["Dodge and Roll","Wraith Form v2"],"picked":"Footwork","floor":5},{"not_picked":["Bouncing Flask","Blur"],"picked":"Distraction","floor":7},{"not_picked":["Noxious Fumes","Eviscerate","Slice"],"picked":"SKIP","floor":10},{"not_picked":["PiercingWail","Distraction"],"picked":"Prepared","floor":11},{"not_picked":["Dodge and Roll","Dagger Spray"],"picked":"Backflip","floor":14},{"not_picked":["Grand Finale","Unload"],"picked":"Die Die Die","floor":16},{"not_picked":["Sucker Punch","Crippling Poison+1"],"picked":"Prepared","floor":18},{"not_picked":["Deflect","Bane"],"picked":"Leg Sweep+1","floor":21},{"not_picked":["Outmaneuver","Backflip"],"picked":"Concentrate+1","floor":22},{"not_picked":["Escape Plan","Caltrops"],"picked":"PiercingWail","floor":23},{"not_picked":["Accuracy","Expertise"],"picked":"Slice+1","floor":25},{"not_picked":["Dagger Spray","Bane+1"],"picked":"Underhanded Strike+1","floor":29},{"not_picked":["Skewer","Cloak And Dagger"],"picked":"Blade Dance+1","floor":30},{"not_picked":["Infinite Blades","Skewer"],"picked":"PiercingWail+1","floor":31}],"player_experience":118163,"relics_obtained":[{"floor":7,"key":"Darkstone Periapt"},{"floor":9,"key":"Ancient Tea Set"},{"floor":10,"key":"Whetstone"},{"floor":23,"key":"Tiny Chest"},{"floor":25,"key":"Red Mask"},{"floor":26,"key":"Ornamental Fan"}],"event_choices":[{"event_name":"Bonfire Elementals","player_choice":"UNCOMMON","floor":2,"damage_taken":0},{"event_name":"Living Wall","player_choice":"Grow","floor":3,"damage_taken":0},{"event_name":"Big Fish","player_choice":"Box","floor":4,"damage_taken":0},{"event_name":"The Lab","player_choice":"Got Potions","floor":8,"damage_taken":0},{"event_name":"Match and Keep!","player_choice":"3 cards matched","floor":13,"damage_taken":0},{"event_name":"Nest","player_choice":"Joined the Cult","floor":19,"damage_taken":0},{"event_name":"Drug Dealer","player_choice":"Got JAXXED","floor":20,"damage_taken":0},{"event_name":"Masked Bandits","player_choice":"Fought over 159 gold","floor":25,"damage_taken":0},{"event_name":"Vampires","player_choice":"Became a vampire","floor":27,"damage_taken":0}],"is_beta":false,"boss_relics":[{"not_picked":["Sozu","Busted Crown"],"picked":"Cursed Key"}],"items_purged_floors":[12,28],"is_endless":false,"potions_floor_spawned":[1,10,14,16,18,25,29,31],"killed_by":"Champ","ascension_level":0}