{"gold_per_floor":[116,116,41,116,16,16,64,94,94,108,143,143,157,157,157,229,229,246,246,246,246,88,88,99,114,166,195,211,211,136,36,36,109,109,128,140,192,67,85,118,118,118,118,118,134,134,146,146,146,146,146,146,146,146,173,173],"floor_reached":57,"playtime":5975,"items_purged":["Regret","Strike_R","Strike_R"],"score":2908,"play_id":"3826782e-b21a-434a-acd0-c75f49585d32","local_time":"20190714123720","is_ascension_mode":true,"campfire_choices":[{"data":"Bash","floor":6.0,"key":"SMITH"},{"data":"Armaments","floor":15.0,"key":"SMITH"},{"floor":23.0,"key":"REST"},{"data":"Battle Trance","floor":29.0,"key":"SMITH"},{"data":"True Grit","floor":32.0,"key":"SMITH"},{"data":"Offering","floor":41.0,"key":"SMITH"},{"data":"1","floor":44.0,"key":"LIFT"},{"data":"2","floor":46.0,"key":"LIFT"},{"floor":49.0,"key":"RECALL"},{"data":"3","floor":53.0,"key":"LIFT"}],"neow_cost":"NONE","seed_source_timestamp":261545807248169,"circlet_count":0,"master_deck":["AscendersBane","Defend_R","Defend_R","Defend_R","Bash+1","Dropkick","Shrug It Off","Whirlwind+1","Dropkick","Rage","Armaments+1","Dark Embrace+1","True Grit+1","Ghostly","Ghostly","Ghostly","Ghostly Armor","Corruption+1","Pain","Battle Trance+1","Exhume","Evolve+1","Fire Breathing+1","Sentinel+1","Offering+1","Decay","Pommel Strike+1"],"special_seed":0,"relics":["Burning Blood","NeowsBlessing","Pantograph","Oddly Smooth Stone","Blue Candle","Frozen Egg 2","Shuriken","Cursed Key","Enchiridion","Orichalcum","Boot","Paper Frog","Runic Cube","Girya","Vajra","Turnip"],"potions_floor_usage":[56,56,56],"damage_taken":[{"damage":0.0,"enemies":"2 Louse","floor":1.0,"turns":1.0},{"damage":0.0,"enemies":"Lagavulin","floor":8.0,"turns":1.0},{"damage":0.0,"enemies":"Jaw Worm","floor":10.0,"turns":1.0},{"damage":25.0,"enemies":"Gremlin Nob","floor":11.0,"turns":4.0},{"damage":2.0,"enemies":"Small Slimes","floor":13.0,"turns":3.0},{"damage":57.0,"enemies":"The Guardian","floor":16.0,"turns":12.0},{"damage":0.0,"enemies":"3 Byrds","floor":18.0,"turns":4.0},{"damage":4.0,"enemies":"Spheric Guardian","floor":24.0,"turns":5.0},{"damage":1.0,"enemies":"Snecko","floor":25.0,"turns":5.0},{"damage":10.0,"enemies":"Gremlin Leader","floor":27.0,"turns":6.0},{"damage":10.0,"enemies":"Sentry and Sphere","floor":28.0,"turns":5.0},{"damage":13.0,"enemies":"Automaton","floor":33.0,"turns":6.0},{"damage":1.0,"enemies":"3 Shapes","floor":35.0,"turns":3.0},{"damage":1.0,"enemies":"3 Darklings","floor":36.0,"turns":5.0},{"damage":5.0,"enemies":"2 Orb Walkers","floor":37.0,"turns":4.0},{"damage":7.0,"enemies":"Spire Growth","floor":39.0,"turns":3.0},{"damage":3.0,"enemies":"Giant Head","floor":40.0,"turns":4.0},{"damage":8.0,"enemies":"Sphere and 2 Shapes","floor":45.0,"turns":5.0},{"damage":5.0,"enemies":"Transient","floor":47.0,"turns":3.0},{"damage":11.0,"enemies":"Donu and Deca","floor":50.0,"turns":6.0},{"damage":13.0,"enemies":"Time Eater","floor":51.0,"turns":4.0},{"damage":22.0,"enemies":"Shield and Spear","floor":55.0,"turns":7.0},{"damage":22,"enemies":"The Heart","floor":56,"turns":4}],"seed_played":"167800540374197042","potions_obtained":[{"floor":1.0,"key":"EssenceOfSteel"},{"floor":10.0,"key":"EntropicBrew"},{"floor":13.0,"key":"Regen Potion"},{"floor":16.0,"key":"AttackPotion"},{"floor":24.0,"key":"Regen Potion"},{"floor":33.0,"key":"Strength Potion"}],"is_trial":false,"path_per_floor":["M","?","$","?","$","R","T","E","T","M","E","?","M","?","R","B",null,"M","?","?","?","$","R","M","M","T","E","M","R","?","$","R","B",null,"M","M","?","$","M","E","R","$","T","R","M","R","M","?","R","B","B",null,"R","$","E","B",null],"character_chosen":"IRONCLAD","items_purchased":["Dropkick","Shrug It Off","Orichalcum"],"campfire_rested":1,"item_purchase_floors":[5,5,22],"current_hp_per_floor":[74,74,74,63,63,63,63,69,69,75,56,56,60,53,53,39,66,72,37,37,16,16,27,29,34,34,30,26,26,26,26,26,30,35,37,37,37,37,36,37,37,37,37,37,35,35,36,36,36,32,30,35,35,35,19,21],"gold":173,"neow_bonus":"THREE_ENEMY_KILL","is_prod":false,"is_daily":false,"chose_seed":false,"campfire_upgraded":5,"win_rate":0,"timestamp":1563075440,"path_taken":["M","?","$","?","$","R","?","E","T","?","E","?","M","?","R","BOSS","M","?","?","?","$","R","M","M","T","E","M","R","?","?","R","BOSS","M","M","?","$","M","E","R","$","T","R","M","R","M","?","R","BOSS","BOSS","R","$","E","BOSS"],"build_version":"2019-07-05","purchased_purges":3,"victory":true,"max_hp_per_floor":[75,75,75,75,75,75,75,75,75,75,75,75,75,75,75,75,75,75,37,37,37,37,37,37,37,37,37,37,37,37,37,37,37,37,37,37,37,37,37,37,37,37,37,37,37,37,37,37,37,37,37,37,37,37,37,37],"card_choices":[{"not_picked":["Ghostly Armor","Intimidate","Anger"],"picked":"SKIP","floor":1.0},{"not_picked":["Evolve","Shrug It Off"],"picked":"Whirlwind","floor":8.0},{"not_picked":["Iron Wave","Anger"],"picked":"Dropkick","floor":10.0},{"not_picked":["Iron Wave","Havoc"],"picked":"Rage","floor":11.0},{"not_picked":["Dropkick","Anger"],"picked":"Armaments","floor":13.0},{"not_picked":["Bludgeon","Reaper"],"picked":"Dark Embrace+1","floor":16.0},{"not_picked":["Cleave+1","Ghostly Armor"],"picked":"True Grit","floor":18.0},{"not_picked":["Pommel Strike","Clothesline","Rupture+1"],"picked":"SKIP","floor":24.0},{"not_picked":["Thunderclap","Flex","Iron Wave"],"picked":"SKIP","floor":25.0},{"not_picked":["Dual Wield","Armaments"],"picked":"Battle Trance","floor":27.0},{"not_picked":["Disarm","Rampage","Cleave"],"picked":"SKIP","floor":28.0},{"not_picked":["Disarm","Rampage","Cleave"],"picked":"SKIP","floor":28.0},{"not_picked":["Immolate","Impervious"],"picked":"Exhume","floor":33.0},{"not_picked":["Sword Boomerang","Dual Wield"],"picked":"Evolve+1","floor":35.0},{"not_picked":["Inflame+1","Heavy Blade+1"],"picked":"Fire Breathing+1","floor":36.0},{"not_picked":["Shrug It Off","Spot Weakness"],"picked":"Sentinel+1","floor":37.0},{"not_picked":["Demon Form+1","Wild Strike"],"picked":"Battle Trance","floor":39.0},{"not_picked":["Burning Pact","Heavy Blade+1"],"picked":"Offering","floor":40.0},{"not_picked":["Flex","Twin Strike+1","Sword Boomerang"],"picked":"SKIP","floor":45.0},{"not_picked":["Whirlwind","Ghostly Armor"],"picked":"Pommel Strike+1","floor":47.0},{"not_picked":["Sword Boomerang","Fire Breathing+1","Spot Weakness+1"],"picked":"SKIP","floor":55.0}],"player_experience":444320,"relics_obtained":[{"floor":7.0,"key":"Oddly Smooth Stone"},{"floor":8.0,"key":"Blue Candle"},{"floor":9.0,"key":"Frozen Egg 2"},{"floor":11.0,"key":"Shuriken"},{"floor":21.0,"key":"Enchiridion"},{"floor":26.0,"key":"Boot"},{"floor":27.0,"key":"Paper Frog"},{"floor":37.0,"key":"Girya"},{"floor":40.0,"key":"Vajra"},{"floor":55.0,"key":"Turnip"}],"event_choices":[{"damage_healed":0.0,"max_hp_gain":0.0,"max_hp_loss":0.0,"gold_gain":0.0,"event_name":"Big Fish","player_choice":"Box","floor":2.0,"gold_loss":0.0,"damage_taken":0.0,"relics_obtained":["Pantograph"],"cards_obtained":["Regret"]},{"damage_healed":0.0,"max_hp_gain":0.0,"max_hp_loss":0.0,"gold_gain":75.0,"event_name":"World of Goop","player_choice":"Gather Gold","floor":4.0,"gold_loss":0.0,"damage_taken":11.0},{"damage_healed":0.0,"max_hp_gain":0.0,"max_hp_loss":0.0,"gold_gain":0.0,"event_name":"Living Wall","player_choice":"Grow","floor":12.0,"gold_loss":0.0,"damage_taken":0.0,"cards_upgraded":["Whirlwind"]},{"cards_removed":["Strike_R"],"damage_healed":0.0,"max_hp_gain":0.0,"max_hp_loss":0.0,"gold_gain":0.0,"event_name":"Golden Wing","player_choice":"Card Removal","floor":14.0,"gold_loss":0.0,"damage_taken":7.0},{"damage_healed":0.0,"max_hp_gain":0.0,"max_hp_loss":38.0,"gold_gain":0.0,"event_name":"Ghosts","player_choice":"Became a Ghost","floor":19.0,"gold_loss":0.0,"damage_taken":0.0,"cards_obtained":["Ghostly","Ghostly","Ghostly"]},{"damage_healed":0.0,"max_hp_gain":0.0,"max_hp_loss":0.0,"gold_gain":0.0,"cards_transformed":["Strike_R","Defend_R"],"event_name":"Drug Dealer","player_choice":"Became Test Subject","floor":20.0,"gold_loss":0.0,"damage_taken":0.0,"cards_obtained":["Ghostly Armor","Corruption"]},{"damage_healed":0.0,"max_hp_gain":0.0,"max_hp_loss":0.0,"gold_gain":0.0,"event_name":"Cursed Tome","player_choice":"Obtained Book","floor":21.0,"gold_loss":0.0,"damage_taken":21.0},{"cards_removed":["Strike_R"],"damage_healed":0.0,"max_hp_gain":0.0,"max_hp_loss":0.0,"gold_gain":0.0,"event_name":"Beggar","player_choice":"Gave Gold","floor":30.0,"gold_loss":75.0,"damage_taken":0.0},{"damage_healed":0.0,"max_hp_gain":0.0,"max_hp_loss":0.0,"gold_gain":0.0,"event_name":"Mysterious Sphere","player_choice":"Fight","floor":37.0,"gold_loss":0.0,"damage_taken":0.0},{"cards_removed":["Battle Trance"],"damage_healed":0.0,"max_hp_gain":0.0,"max_hp_loss":0.0,"gold_gain":0.0,"event_name":"Falling","player_choice":"Removed Skill","floor":48.0,"gold_loss":0.0,"damage_taken":0.0}],"is_beta":false,"boss_relics":[{"not_picked":["Runic Pyramid","Orrery"],"picked":"Cursed Key"},{"not_picked":["Sozu","Snecko Eye"],"picked":"Runic Cube"}],"items_purged_floors":[3,31,38],"is_endless":false,"potions_floor_spawned":[1,10,13,16,24,28,33,36,37,45,47],"ascension_level":20}