{"gold_per_floor":[109,109,121,137,147,176,192,210,210,221,234,22,22,32,32,128,128,142,142,3,22,41,60,77,104,149,149,35,55,67,83,83,183,233,252,262,276,296,296,296,296,296,350,350,381,381],"floor_reached":46,"playtime":15308,"items_purged":["Burning Pact"],"score":582,"play_id":"914627fd-6a1c-438b-be9f-ba7d625798ef","local_time":"20180728205148","is_ascension_mode":false,"campfire_choices":[{"floor":13.0,"key":"REST"},{"data":"Flame Barrier","floor":15.0,"key":"SMITH"},{"floor":27,"key":"REST"},{"floor":32,"key":"REST"},{"floor":40,"key":"REST"},{"data":"1","floor":42,"key":"LIFT"},{"floor":44,"key":"REST"}],"neow_cost":"NONE","seed_source_timestamp":0,"circlet_count":0,"master_deck":["Strike_R","Strike_R+1","Strike_R","Strike_R","Strike_R","Defend_R","Defend_R","Defend_R+1","Defend_R","Bash","Juggernaut","Cleave","Uppercut+1","Perfected Strike","Feed","Dropkick","Anger","Double Tap","Flame Barrier+1","Shrug It Off","Dark Shackles","Cleave","Impervious","Cleave","Dark Shackles","Shrug It Off","Inflame","Twin Strike+1","Whirlwind","Flame Barrier","Shockwave+1","Flame Barrier+1","Cleave","Blood for Blood+1","Twin Strike","Feed","Blood for Blood","Metallicize+1","Perfected Strike","Anger+1","Anger","Warcry+1"],"special_seed":0,"relics":["Burning Blood","Champion Belt","Nunchaku","White Beast Statue","Lantern","Toxic Egg 2","Whetstone","Tiny House","Girya","Boot","Charon\u0027s Ashes"],"potions_floor_usage":[24,25,29,29,31,31,33,33,37,38,38,38,39,45,46],"damage_taken":[{"damage":3.0,"enemies":"Jaw Worm","floor":1.0,"turns":5.0},{"damage":7.0,"enemies":"2 Louse","floor":3.0,"turns":2.0},{"damage":10.0,"enemies":"Small Slimes","floor":4.0,"turns":2.0},{"damage":8.0,"enemies":"Gremlin Gang","floor":5.0,"turns":3.0},{"damage":16.0,"enemies":"Gremlin Nob","floor":6.0,"turns":4.0},{"damage":26.0,"enemies":"Lots of Slimes","floor":7.0,"turns":4.0},{"damage":20.0,"enemies":"Exordium Thugs","floor":8.0,"turns":5.0},{"damage":2.0,"enemies":"Red Slaver","floor":10.0,"turns":3.0},{"damage":1.0,"enemies":"Exordium Wildlife","floor":11.0,"turns":3.0},{"damage":2.0,"enemies":"Large Slime","floor":14.0,"turns":5.0},{"damage":21.0,"enemies":"Hexaghost","floor":16.0,"turns":11.0},{"damage":14.0,"enemies":"2 Thieves","floor":18.0,"turns":4.0},{"damage":26.0,"enemies":"Spheric Guardian","floor":21.0,"turns":6.0},{"damage":16.0,"enemies":"Snake Plant","floor":22.0,"turns":4.0},{"damage":14.0,"enemies":"Centurion and Healer","floor":23.0,"turns":6.0},{"damage":24,"enemies":"Sentry and Sphere","floor":24,"turns":7},{"damage":7,"enemies":"Book of Stabbing","floor":25,"turns":5},{"damage":20,"enemies":"Snake Plant","floor":29,"turns":4},{"damage":3,"enemies":"Snecko","floor":30,"turns":6},{"damage":10,"enemies":"Sentry and Sphere","floor":31,"turns":3},{"damage":60,"enemies":"Collector","floor":33,"turns":13},{"damage":12,"enemies":"Orb Walker","floor":35,"turns":4},{"damage":39,"enemies":"3 Shapes","floor":36,"turns":8},{"damage":21,"enemies":"3 Darklings","floor":37,"turns":4},{"damage":27,"enemies":"Maw","floor":38,"turns":8},{"damage":2,"floor":39,"turns":7},{"damage":71,"enemies":"2 Orb Walkers","floor":45,"turns":5},{"damage":39,"enemies":"Sphere and 2 Shapes","floor":46,"turns":6}],"seed_played":"8710970564705368175","potions_obtained":[{"floor":4.0,"key":"SteroidPotion"},{"floor":5.0,"key":"Block Potion"},{"floor":8.0,"key":"SkillPotion"},{"floor":11.0,"key":"SkillPotion"},{"floor":14.0,"key":"PowerPotion"},{"floor":18.0,"key":"GamblersBrew"},{"floor":21.0,"key":"Poison Potion"},{"floor":22.0,"key":"Weak Potion"},{"floor":23,"key":"Weak Potion"},{"floor":24,"key":"Weak Potion"},{"floor":25,"key":"Fire Potion"},{"floor":29,"key":"Weak Potion"},{"floor":30,"key":"Weak Potion"},{"floor":31,"key":"FearPotion"},{"floor":33,"key":"Weak Potion"},{"floor":34,"key":"SteroidPotion"},{"floor":35,"key":"EssenceOfSteel"},{"floor":36,"key":"AttackPotion"},{"floor":37,"key":"EssenceOfSteel"},{"floor":38,"key":"FearPotion"},{"floor":39,"key":"LiquidBronze"},{"floor":45,"key":"Ancient Potion"}],"is_trial":false,"path_per_floor":["M","?","M","M","M","E","M","M","T","M","M","$","R","M","R","B",null,"M","?","$","M","M","M","M","E","T","R","$","M","M","M","R","B",null,"M","M","M","M","?","R","?","R","T","R","E"],"character_chosen":"IRONCLAD","items_purchased":["Shrug It Off","Dark Shackles","Dark Shackles","Shrug It Off","Flame Barrier+1","Regen Potion"],"campfire_rested":5,"item_purchase_floors":[12,12,20,20,28,28],"current_hp_per_floor":[80,85,84,80,78,68,51,37,37,41,49,49,76,80,80,65,91,86,86,86,66,56,48,33,32,32,61,61,61,67,66,96,42,108,102,69,54,33,37,69,69,69,69,101,36,0],"gold":381,"neow_bonus":"ONE_RANDOM_RARE_CARD","is_prod":false,"is_daily":false,"chose_seed":false,"campfire_upgraded":1,"win_rate":0.0,"timestamp":1532807508,"path_taken":["M","?","M","M","M","E","M","M","T","M","M","$","R","M","R","BOSS","M","?","?","M","M","M","M","E","T","R","$","M","?","M","R","BOSS","M","M","M","M","?","R","?","R","T","R","E","M"],"build_version":"2018-07-26","purchased_purges":1,"victory":false,"max_hp_per_floor":[80,85,85,85,85,85,88,88,88,88,91,91,91,91,91,91,91,94,94,94,94,94,94,97,97,97,97,97,97,100,103,103,103,108,108,108,108,108,108,108,108,108,108,108,108,111],"card_choices":[{"not_picked":["Dual Wield","Clothesline"],"picked":"Cleave","floor":1.0},{"not_picked":["Carnage","Flex"],"picked":"Uppercut","floor":3.0},{"not_picked":["Flex","Carnage"],"picked":"Perfected Strike","floor":4.0},{"not_picked":["Hemokinesis","Dropkick"],"picked":"Burning Pact","floor":5.0},{"not_picked":["Dual Wield","True Grit"],"picked":"Feed","floor":6.0},{"not_picked":["Carnage","Rupture"],"picked":"Dropkick","floor":7.0},{"not_picked":["Body Slam","True Grit"],"picked":"Anger","floor":8.0},{"not_picked":["Warcry","Wild Strike"],"picked":"Double Tap","floor":10.0},{"not_picked":["Evolve","Battle Trance"],"picked":"Flame Barrier","floor":11.0},{"not_picked":["Hemokinesis","True Grit"],"picked":"Cleave","floor":14.0},{"not_picked":["Brutality","Limit Break"],"picked":"Impervious","floor":16.0},{"not_picked":["Second Wind","Intimidate"],"picked":"Cleave","floor":18.0},{"not_picked":["Bloodletting","Heavy Blade"],"picked":"Inflame","floor":21.0},{"not_picked":["Heavy Blade+1","Power Through"],"picked":"Twin Strike+1","floor":22.0},{"not_picked":["Flex+1","Shrug It Off"],"picked":"Whirlwind","floor":23},{"not_picked":["Headbutt","Blood for Blood+1"],"picked":"Flame Barrier","floor":24},{"not_picked":["Limit Break","Flex"],"picked":"Shockwave+1","floor":25},{"not_picked":["Thunderclap","Heavy Blade"],"picked":"Cleave","floor":29},{"not_picked":["Clothesline","Body Slam"],"picked":"Blood for Blood+1","floor":30},{"not_picked":["Wild Strike","Dual Wield+1"],"picked":"Twin Strike","floor":31},{"not_picked":["Brutality","Limit Break+1"],"picked":"Feed","floor":33},{"not_picked":["Clash","Wild Strike"],"picked":"Blood for Blood","floor":34},{"not_picked":["Anger+1","True Grit+1"],"picked":"Metallicize+1","floor":35},{"not_picked":["Metallicize+1","Clash+1"],"picked":"Perfected Strike","floor":36},{"not_picked":["Wild Strike+1","Bloodletting+1"],"picked":"Anger+1","floor":37},{"not_picked":["Reckless Charge","Wild Strike+1"],"picked":"Anger","floor":38},{"not_picked":["Thunderclap","Dual Wield+1"],"picked":"Warcry+1","floor":39},{"not_picked":["Bloodletting+1","Clothesline+1"],"picked":"Warcry+1","floor":45}],"player_experience":61015,"relics_obtained":[{"floor":6.0,"key":"Champion Belt"},{"floor":9.0,"key":"Nunchaku"},{"floor":25,"key":"Toxic Egg 2"},{"floor":26,"key":"Whetstone"},{"floor":39,"key":"Girya"},{"floor":43,"key":"Boot"},{"floor":45,"key":"Charon\u0027s Ashes"}],"event_choices":[{"event_name":"Big Fish","player_choice":"Donut","floor":2.0,"damage_taken":0.0},{"event_name":"WeMeetAgain","player_choice":"Potion","floor":19.0,"damage_taken":0.0},{"event_name":"MindBloom","player_choice":"Fight","floor":39,"damage_taken":0},{"event_name":"Falling","player_choice":"Removed Skill","floor":41,"damage_taken":0}],"is_beta":false,"boss_relics":[{"not_picked":["Fusion Hammer","Philosopher\u0027s Stone"],"picked":"White Beast Statue"},{"not_picked":["Coffee Dripper","Astrolabe"],"picked":"Tiny House"}],"items_purged_floors":[12],"is_endless":false,"potions_floor_spawned":[4,5,8,11,14,18,21,22,23,24,25,29,30,31,33,35,36,37,38,39,45],"killed_by":"Sphere and 2 Shapes","ascension_level":0}