{"gold_per_floor":[114,114,129,129,10,10,10,25,50,65,80,110,125,155,155,255,255,270,270,285,300,315,345,345,360,360,390,390,27,42,57,57,157,157,172,187,187,58,73,103,103,118,168,183,198,213,228,243,255,267],"floor_reached":51,"playtime":2906,"items_purged":["Strike_B"],"score":964,"play_id":"5a600a18-9a0a-4072-809c-97fdcd0ac9e2","local_time":"20190714125920","daily_mods":["Specialized","Vintage","Binary"],"is_ascension_mode":false,"campfire_choices":[{"data":"Conserve Battery","floor":6,"key":"SMITH"},{"data":"Storm","floor":15,"key":"SMITH"},{"data":"Self Repair","floor":24,"key":"SMITH"},{"data":"Dualcast","floor":28,"key":"SMITH"},{"data":"Storm","floor":32,"key":"SMITH"},{"data":"Storm","floor":41,"key":"SMITH"},{"data":"Double Energy","floor":49,"key":"SMITH"}],"neow_cost":"","seed_source_timestamp":1100082691582,"circlet_count":0,"master_deck":["Zap+1","Dualcast+1","Static Discharge","Static Discharge","Static Discharge","Static Discharge","Static Discharge","Rebound","Steam","Conserve Battery+1","Storm+1","BootSequence+1","Fission+1","Storm+1","Self Repair+1","White Noise+1","Echo Form","Hello World","Static Discharge","Loop","Storm+1","Electrodynamics","Double Energy+1","All For One","Aggregate","Consume","Double Energy","Aggregate","Biased Cognition","Storm+1","Capacitor","Steam","Static Discharge","Defragment"],"special_seed":18091,"relics":["Cracked Core","Centennial Puzzle","FossilizedHelix","Pen Nib","PreservedInsect","Symbiotic Virus","Bottled Lightning","Smiling Mask","Question Card","The Courier","Nuclear Battery","Girya","Happy Flower","Regal Pillow","Kunai","Unceasing Top","Ancient Tea Set","Emotion Chip","Orichalcum","Membership Card","Blue Candle","Matryoshka","Pandora\u0027s Box","Art of War","DataDisk","Boot","Bronze Scales","Oddly Smooth Stone","Anchor","Dream Catcher","Cables","Omamori","Bag of Preparation","War Paint","MawBank"],"potions_floor_usage":[12,12],"damage_taken":[{"damage":5,"enemies":"Cultist","floor":1,"turns":3},{"damage":5,"enemies":"Small Slimes","floor":3,"turns":3},{"damage":0,"enemies":"Jaw Worm","floor":8,"turns":3},{"damage":20,"enemies":"Gremlin Gang","floor":10,"turns":4},{"damage":7,"enemies":"Exordium Wildlife","floor":11,"turns":3},{"damage":0,"enemies":"Gremlin Nob","floor":12,"turns":3},{"damage":0,"enemies":"Looter","floor":13,"turns":3},{"damage":0,"enemies":"Lagavulin","floor":14,"turns":4},{"damage":32,"enemies":"Hexaghost","floor":16,"turns":4},{"damage":0,"enemies":"Spheric Guardian","floor":18,"turns":3},{"damage":0,"enemies":"Chosen","floor":20,"turns":3},{"damage":6,"enemies":"Snecko","floor":21,"turns":3},{"damage":8,"enemies":"Centurion and Healer","floor":22,"turns":5},{"damage":12,"enemies":"Slavers","floor":23,"turns":3},{"damage":0,"enemies":"Cultist and Chosen","floor":25,"turns":6},{"damage":0,"enemies":"Book of Stabbing","floor":27,"turns":2},{"damage":0,"enemies":"Shelled Parasite and Fungi","floor":30,"turns":2},{"damage":0,"enemies":"Centurion and Healer","floor":31,"turns":3},{"damage":8,"enemies":"Champ","floor":33,"turns":4},{"damage":0,"enemies":"Orb Walker","floor":35,"turns":1},{"damage":0,"enemies":"3 Darklings","floor":36,"turns":2},{"damage":0,"enemies":"Jaw Worm Horde","floor":39,"turns":1},{"damage":0,"enemies":"Giant Head","floor":40,"turns":2},{"damage":0,"enemies":"Spire Growth","floor":42,"turns":2},{"damage":0,"enemies":"4 Shapes","floor":44,"turns":2},{"damage":0,"enemies":"Writhing Mass","floor":45,"turns":2},{"damage":0,"enemies":"Maw","floor":46,"turns":1},{"damage":0,"enemies":"Jaw Worm Horde","floor":47,"turns":2},{"damage":0,"enemies":"3 Darklings","floor":48,"turns":1},{"damage":0,"enemies":"Donu and Deca","floor":50,"turns":2}],"seed_played":"-4607552387354997456","potions_obtained":[{"floor":1,"key":"FearPotion"},{"floor":8,"key":"SteroidPotion"},{"floor":12,"key":"Dexterity Potion"},{"floor":16,"key":"GamblersBrew"},{"floor":20,"key":"Swift Potion"},{"floor":36,"key":"FocusPotion"}],"is_trial":false,"path_per_floor":["M","?","M","?","$","R","$","M","T","M","M","E","M","E","R","B",null,"M","?","M","M","M","E","R","M","T","E","R","$","M","M","R","B",null,"M","M","?","$","M","E","R","M","T","M","M","M","M","M","R","B",null],"character_chosen":"DEFECT","items_purchased":["Rebound","Steam","Conserve Battery","Membership Card","Echo Form","Hello World","Static Discharge","Loop","Storm","Storm","Capacitor","Steam","Static Discharge","Defragment"],"campfire_rested":0,"item_purchase_floors":[5,5,5,29,29,29,29,29,29,38,38,38,38,38],"current_hp_per_floor":[70,75,70,70,70,70,70,70,70,50,43,43,43,43,43,11,80,80,80,80,74,66,54,54,64,64,74,74,74,80,80,80,80,80,80,80,80,80,80,80,80,80,80,80,80,80,80,80,80,80],"gold":279,"neow_bonus":"","is_prod":false,"is_daily":true,"chose_seed":false,"campfire_upgraded":7,"win_rate":0,"timestamp":1563101960,"path_taken":["M","?","M","?","?","R","$","M","T","M","M","E","?","E","R","BOSS","M","?","?","M","M","E","R","M","T","E","R","$","M","M","R","BOSS","M","?","?","$","M","E","R","M","T","M","M","M","M","?","R","BOSS"],"build_version":"2019-07-05","purchased_purges":1,"victory":true,"max_hp_per_floor":[75,80,80,80,80,80,80,80,80,80,80,80,80,80,80,80,80,80,80,80,80,80,80,80,80,80,80,80,80,80,80,80,80,80,80,80,80,80,80,80,80,80,80,80,80,80,80,80,80,80],"card_choices":[{"not_picked":["Chaos"],"picked":"Storm","floor":12},{"not_picked":["Darkness","Cold Snap"],"picked":"BootSequence","floor":14},{"not_picked":["Biased Cognition","Meteor Strike"],"picked":"Fission","floor":16},{"not_picked":["Streamline","Rebound"],"picked":"Self Repair","floor":23},{"not_picked":["Skim","Cold Snap"],"picked":"White Noise+1","floor":27},{"not_picked":["Hyperbeam","Buffer"],"picked":"Electrodynamics","floor":33},{"not_picked":["Gash","Beam Cell","Reinforced Body+1"],"picked":"SKIP","floor":40}],"player_experience":90833,"relics_obtained":[{"floor":1,"key":"Centennial Puzzle"},{"floor":3,"key":"FossilizedHelix"},{"floor":8,"key":"Pen Nib"},{"floor":9,"key":"PreservedInsect"},{"floor":10,"key":"Symbiotic Virus"},{"floor":11,"key":"Bottled Lightning"},{"floor":12,"key":"Smiling Mask"},{"floor":13,"key":"Question Card"},{"floor":14,"key":"The Courier"},{"floor":18,"key":"Girya"},{"floor":20,"key":"Happy Flower"},{"floor":21,"key":"Regal Pillow"},{"floor":22,"key":"Kunai"},{"floor":23,"key":"Unceasing Top"},{"floor":25,"key":"Ancient Tea Set"},{"floor":26,"key":"Emotion Chip"},{"floor":27,"key":"Orichalcum"},{"floor":30,"key":"Blue Candle"},{"floor":31,"key":"Matryoshka"},{"floor":35,"key":"Art of War"},{"floor":36,"key":"DataDisk"},{"floor":39,"key":"Boot"},{"floor":40,"key":"Bronze Scales"},{"floor":42,"key":"Oddly Smooth Stone"},{"floor":43,"key":"Anchor"},{"floor":43,"key":"Dream Catcher"},{"floor":44,"key":"Cables"},{"floor":45,"key":"Omamori"},{"floor":46,"key":"Bag of Preparation"},{"floor":47,"key":"War Paint"},{"floor":48,"key":"MawBank"}],"event_choices":[{"damage_healed":0,"gold_gain":0,"player_choice":"Donut","damage_taken":0,"max_hp_gain":5,"max_hp_loss":0,"event_name":"Big Fish","floor":2,"gold_loss":0},{"damage_healed":0,"gold_gain":0,"player_choice":"Grow","damage_taken":0,"max_hp_gain":0,"max_hp_loss":0,"event_name":"Living Wall","floor":4,"gold_loss":0,"cards_upgraded":["Zap"]},{"damage_healed":0,"gold_gain":0,"player_choice":"Copied","damage_taken":0,"max_hp_gain":0,"max_hp_loss":0,"event_name":"Duplicator","floor":19,"gold_loss":0,"cards_obtained":["Storm"]},{"damage_healed":0,"gold_gain":0,"player_choice":"0 cards matched","damage_taken":0,"max_hp_gain":0,"max_hp_loss":0,"event_name":"Match and Keep!","floor":37,"gold_loss":0,"cards_obtained":[]}],"is_beta":false,"boss_relics":[{"not_picked":["Snecko Eye","Coffee Dripper"],"picked":"Nuclear Battery"},{"not_picked":["Empty Cage","Eternal Feather"],"picked":"Pandora\u0027s Box"}],"items_purged_floors":[29],"is_endless":false,"potions_floor_spawned":[1,8,12,16,20,25,30,33,36,40,44,45,46,47],"ascension_level":0}