{"gold_per_floor":[19,19,36,36,36,36,72,3,49,49,82,102,102,122,122,218,218,238,261,20,35,35,35,75,96,122,140,208,208],"floor_reached":29,"playtime":2383,"items_purged":["Strike_B"],"score":506,"play_id":"28958b46-cf12-4b97-8d2b-5bca2de3d75c","local_time":"20190703154413","is_ascension_mode":true,"campfire_choices":[{"data":"Loop","floor":6,"key":"SMITH"},{"floor":10,"key":"REST"},{"data":"Defragment","floor":13,"key":"SMITH"},{"data":"Cold Snap","floor":15,"key":"SMITH"},{"floor":23,"key":"REST"}],"neow_cost":"NO_GOLD","seed_source_timestamp":13448199076100,"circlet_count":0,"master_deck":["AscendersBane","Strike_B","Strike_B","Defend_B","Defend_B","Defend_B","Zap","Sunder+1","Multi-Cast","Defragment+1","Loop+1","Auto Shields","Double Energy","Cold Snap","Cold Snap+1","Electrodynamics+1","Coolheaded","Rip and Tear","Echo Form","Genetic Algorithm","Ball Lightning","Coolheaded","Leap"],"relics":["Cracked Core","Golden Idol","Anchor","PreservedInsect","Shuriken","Snecko Eye","Mercury Hourglass","Dodecahedron"],"potions_floor_usage":[7,14,16,24],"damage_taken":[{"damage":15,"enemies":"Small Slimes","floor":1,"turns":4},{"damage":6,"enemies":"2 Louse","floor":3,"turns":2},{"damage":30,"enemies":"Lagavulin","floor":7,"turns":5},{"damage":8,"enemies":"Gremlin Nob","floor":11,"turns":3},{"damage":0,"enemies":"Cultist","floor":12,"turns":2},{"damage":0,"enemies":"Gremlin Gang","floor":14,"turns":4},{"damage":10,"enemies":"Hexaghost","floor":16,"turns":9},{"damage":8,"enemies":"Spheric Guardian","floor":18,"turns":4},{"damage":3,"enemies":"Chosen","floor":19,"turns":4},{"damage":9,"enemies":"Snecko","floor":21,"turns":6},{"damage":22,"enemies":"Book of Stabbing","floor":24,"turns":3},{"damage":8,"enemies":"Centurion and Healer","floor":25,"turns":4},{"damage":16,"enemies":"Shelled Parasite and Fungi","floor":27,"turns":5},{"damage":3,"enemies":"Snake Plant","floor":29,"turns":1}],"seed_played":"8254588134521838060","potions_obtained":[{"floor":1,"key":"Energy Potion"},{"floor":7,"key":"Swift Potion"},{"floor":12,"key":"Strength Potion"},{"floor":18,"key":"Fire Potion"},{"floor":19,"key":"PowerPotion"}],"is_trial":false,"path_per_floor":["M","?","M","?","?","R","E","?","T","R","E","M","R","M","R","B",null,"M","M","$","M","?","R","E","M","T","M","T","M"],"character_chosen":"DEFECT","items_purchased":["Echo Form","Genetic Algorithm"],"campfire_rested":2,"item_purchase_floors":[20,20],"current_hp_per_floor":[49,49,43,43,36,36,6,6,6,25,17,17,17,17,17,7,50,42,39,39,30,30,49,27,19,19,3,3,0],"gold":208,"neow_bonus":"TRANSFORM_TWO_CARDS","is_prod":false,"is_daily":false,"chose_seed":false,"campfire_upgraded":3,"win_rate":0,"timestamp":1562183053,"path_taken":["M","?","M","?","?","R","E","?","T","R","E","M","R","M","R","BOSS","M","M","$","M","?","R","E","?","T","?","?","M"],"build_version":"2019-07-01","purchased_purges":1,"victory":false,"max_hp_per_floor":[71,71,71,64,64,64,64,64,64,64,64,64,64,64,64,64,64,64,64,64,64,64,64,64,64,64,64,64,64],"card_choices":[{"not_picked":["Rip and Tear","Melter"],"picked":"Defragment","floor":1},{"not_picked":["Redo","Skim"],"picked":"Loop","floor":3},{"not_picked":["Rebound","Loop"],"picked":"Auto Shields","floor":7},{"not_picked":["Recycle","Aggregate"],"picked":"Double Energy","floor":11},{"not_picked":["Go for the Eyes","Coolheaded"],"picked":"Cold Snap","floor":12},{"not_picked":["Skim","Force Field"],"picked":"Cold Snap","floor":14},{"not_picked":["Thunder Strike","Meteor Strike"],"picked":"Electrodynamics","floor":16},{"not_picked":["Reprogram+1","Gash"],"picked":"Coolheaded","floor":18},{"not_picked":["Static Discharge","Darkness"],"picked":"Rip and Tear","floor":19},{"not_picked":["Sweeping Beam","Steam"],"picked":"Ball Lightning","floor":21},{"not_picked":["BootSequence","Redo","Loop"],"picked":"SKIP","floor":24},{"not_picked":["White Noise","Genetic Algorithm"],"picked":"Coolheaded","floor":25},{"not_picked":["Compile Driver","Rip and Tear"],"picked":"Leap","floor":27}],"player_experience":1680981,"relics_obtained":[{"floor":7,"key":"Anchor"},{"floor":9,"key":"PreservedInsect"},{"floor":11,"key":"Shuriken"},{"floor":24,"key":"Mercury Hourglass"},{"floor":28,"key":"Dodecahedron"}],"event_choices":[{"damage_healed":0,"gold_gain":0,"player_choice":"Grow","damage_taken":0,"max_hp_gain":0,"max_hp_loss":0,"event_name":"Living Wall","floor":2,"gold_loss":0,"cards_upgraded":["Sunder"]},{"damage_healed":0,"gold_gain":0,"player_choice":"Lose Max HP","damage_taken":0,"relics_obtained":["Golden Idol"],"max_hp_gain":0,"max_hp_loss":7,"event_name":"Golden Idol","floor":4,"gold_loss":0},{"cards_removed":["Dualcast"],"damage_healed":0,"gold_gain":0,"player_choice":"Card Removal","damage_taken":7,"max_hp_gain":0,"max_hp_loss":0,"event_name":"Golden Wing","floor":5,"gold_loss":0},{"damage_healed":0,"gold_gain":0,"player_choice":"Left Gold","damage_taken":0,"max_hp_gain":0,"max_hp_loss":0,"event_name":"World of Goop","floor":8,"gold_loss":69},{"damage_healed":0,"gold_gain":0,"player_choice":"Forge","damage_taken":0,"max_hp_gain":0,"max_hp_loss":0,"event_name":"Accursed Blacksmith","floor":22,"gold_loss":0,"cards_upgraded":["Electrodynamics"]}],"is_beta":false,"boss_relics":[{"not_picked":["Inserter","Eternal Feather"],"picked":"Snecko Eye"}],"items_purged_floors":[20],"is_endless":false,"potions_floor_spawned":[1,7,12,18,19],"killed_by":"Snake Plant","ascension_level":20}