{"gold_per_floor":[114,74,90,105,125,125,154,154,154,164,164,175,22,33,33,133,133,150,150,160,172,192,192,221,231,256,50,50,62,62,74,74,171,171,190,209,228,228,242,242,277,277,277,297,307,659,679,691,691,691],"floor_reached":51,"playtime":2357,"items_purged":[],"score":947,"play_id":"a3993c04-4751-4122-98bb-e44fef15fbe6","local_time":"20190607235303","is_ascension_mode":true,"campfire_choices":[{"data":"Pommel Strike","floor":6,"key":"SMITH"},{"data":"Sword Boomerang","floor":8,"key":"SMITH"},{"data":"Inflame","floor":11,"key":"SMITH"},{"floor":15,"key":"REST"},{"floor":23,"key":"REST"},{"data":"Offering","floor":30,"key":"SMITH"},{"floor":32,"key":"REST"},{"floor":40,"key":"REST"},{"data":"Limit Break","floor":42,"key":"SMITH"},{"floor":49,"key":"REST"}],"neow_cost":"NONE","seed_source_timestamp":47369379653092,"circlet_count":0,"master_deck":["Strike_R","Strike_R","Strike_R","Strike_R","Strike_R","Defend_R","Defend_R","Defend_R","Defend_R","Bash","Wild Strike","Pommel Strike+1","Pummel","Inflame+1","Sword Boomerang+1","Thunderclap","Offering+1","Seeing Red","Feed","Sword Boomerang","Pommel Strike","Iron Wave","Flex","Infernal Blade","Flex+1","Writhe","Flex","Perfected Strike","Pommel Strike+1","Exhume","Clash","RitualDagger","Havoc","True Grit","Limit Break+1","Heavy Blade+1","Inflame+1","True Grit+1","Jack Of All Trades","Deep Breath","Bandage Up","Headbutt","Pommel Strike","Doubt","Double Tap","Perfected Strike","Sentinel+1","Rampage","Seeing Red+1"],"relics":["Burning Blood","Anchor","Blue Candle","Meat on the Bone","Bag of Marbles","Orrery","Red Skull","Regal Pillow","Ancient Tea Set","Brimstone","Cursed Key","Oddly Smooth Stone","Paper Frog","Old Coin"],"potions_floor_usage":[16,36,46],"damage_taken":[{"damage":7,"enemies":"Small Slimes","floor":1,"turns":5},{"damage":1,"enemies":"Cultist","floor":3,"turns":3},{"damage":1,"enemies":"Jaw Worm","floor":4,"turns":2},{"damage":2,"enemies":"Exordium Wildlife","floor":5,"turns":4},{"damage":36,"enemies":"Lagavulin","floor":7,"turns":5},{"damage":0,"enemies":"Blue Slaver","floor":10,"turns":2},{"damage":5,"enemies":"3 Louse","floor":12,"turns":3},{"damage":6,"enemies":"2 Fungi Beasts","floor":14,"turns":1},{"damage":6,"enemies":"Slime Boss","floor":16,"turns":6},{"damage":11,"enemies":"2 Thieves","floor":18,"turns":3},{"damage":16,"enemies":"Spheric Guardian","floor":20,"turns":3},{"damage":5,"enemies":"Chosen and Byrds","floor":21,"turns":4},{"damage":42,"enemies":"Snake Plant","floor":22,"turns":4},{"damage":36,"enemies":"Gremlin Leader","floor":24,"turns":5},{"damage":47,"enemies":"Shelled Parasite and Fungi","floor":25,"turns":5},{"damage":3,"enemies":"Centurion and Healer","floor":29,"turns":2},{"damage":0,"enemies":"Snake Plant","floor":31,"turns":1},{"damage":40,"enemies":"Collector","floor":33,"turns":5},{"damage":9,"enemies":"Orb Walker","floor":35,"turns":3},{"damage":42,"enemies":"3 Darklings","floor":36,"turns":5},{"damage":30,"enemies":"4 Shapes","floor":37,"turns":3},{"damage":0,"enemies":"Spire Growth","floor":39,"turns":2},{"damage":6,"enemies":"Reptomancer","floor":41,"turns":3},{"damage":23,"enemies":"Writhing Mass","floor":44,"turns":3},{"damage":17,"enemies":"Sphere and 2 Shapes","floor":45,"turns":3},{"damage":4,"enemies":"2 Orb Walkers","floor":46,"turns":3},{"damage":7,"enemies":"4 Shapes","floor":47,"turns":2},{"damage":13,"enemies":"Maw","floor":48,"turns":4},{"damage":69,"enemies":"Donu and Deca","floor":50,"turns":5}],"seed_played":"-7977825316569413405","potions_obtained":[{"floor":2,"key":"Dexterity Potion"},{"floor":2,"key":"Energy Potion"},{"floor":2,"key":"Ancient Potion"},{"floor":5,"key":"AttackPotion"},{"floor":10,"key":"FearPotion"},{"floor":18,"key":"Swift Potion"},{"floor":36,"key":"Dexterity Potion"},{"floor":47,"key":"Energy Potion"}],"is_trial":false,"path_per_floor":["M","?","M","M","M","R","E","R","T","M","R","M","$","M","R","B",null,"M","?","M","M","M","R","E","M","T","$","?","M","R","M","R","B",null,"M","M","M","?","M","R","E","R","T","M","M","?","M","M","R","B",null],"character_chosen":"IRONCLAD","items_purchased":["Bag of Marbles","Brimstone"],"campfire_rested":5,"item_purchase_floors":[13,27],"current_hp_per_floor":[79,79,80,80,80,80,50,50,50,56,56,57,57,57,80,80,80,78,78,68,69,48,73,55,29,29,29,23,41,41,59,92,61,95,92,59,47,37,59,98,98,98,98,85,77,83,85,78,104,56],"gold":691,"neow_bonus":"RANDOM_COMMON_RELIC","is_prod":false,"is_daily":false,"chose_seed":false,"campfire_upgraded":5,"win_rate":0,"timestamp":1559947983,"path_taken":["M","?","M","M","M","R","E","R","T","M","R","?","$","M","R","BOSS","M","?","M","M","M","R","E","M","T","$","?","M","R","M","R","BOSS","M","M","M","?","M","R","E","R","T","M","M","?","M","M","R","BOSS"],"build_version":"2019-01-23","purchased_purges":0,"victory":true,"max_hp_per_floor":[80,80,80,80,80,80,80,80,80,80,80,80,80,80,80,80,80,83,83,83,83,86,86,86,89,89,89,89,92,92,92,92,95,95,95,98,98,98,98,98,98,98,98,98,101,101,104,104,104,107],"card_choices":[{"not_picked":["Armaments","Heavy Blade"],"picked":"Wild Strike","floor":1},{"not_picked":["Clothesline","Heavy Blade"],"picked":"Pommel Strike","floor":3},{"not_picked":["Clothesline","Second Wind"],"picked":"Pummel","floor":4},{"not_picked":["Heavy Blade","Sentinel"],"picked":"Inflame","floor":5},{"not_picked":["Fiend Fire","Heavy Blade"],"picked":"Sword Boomerang","floor":7},{"not_picked":["Fire Breathing","Anger"],"picked":"Thunderclap","floor":10},{"not_picked":["Headbutt","Havoc"],"picked":"Offering","floor":12},{"not_picked":["Warcry","Clothesline"],"picked":"Seeing Red","floor":14},{"not_picked":["Double Tap","Reaper"],"picked":"Feed","floor":16},{"not_picked":["Infernal Blade","Clothesline"],"picked":"Sword Boomerang","floor":17},{"not_picked":["Blood for Blood","Havoc"],"picked":"Pommel Strike","floor":17},{"not_picked":["Rupture","Body Slam"],"picked":"Iron Wave","floor":17},{"not_picked":["Armaments","Reaper"],"picked":"Flex","floor":17},{"not_picked":["Seeing Red","Twin Strike"],"picked":"Infernal Blade","floor":17},{"not_picked":["Carnage","Armaments+1"],"picked":"Flex+1","floor":18},{"not_picked":["Sentinel+1","Sword Boomerang"],"picked":"Flex","floor":20},{"not_picked":["Pommel Strike","Clash"],"picked":"Perfected Strike","floor":21},{"not_picked":["Second Wind","Cleave"],"picked":"Pommel Strike+1","floor":22},{"not_picked":["Flex","Armaments"],"picked":"Exhume","floor":24},{"not_picked":["Body Slam+1","Headbutt+1"],"picked":"Clash","floor":25},{"not_picked":["Wild Strike","Pommel Strike"],"picked":"Havoc","floor":29},{"not_picked":["Twin Strike","Intimidate"],"picked":"True Grit","floor":31},{"not_picked":["Berserk","Bludgeon"],"picked":"Limit Break","floor":33},{"not_picked":["Inflame","Twin Strike+1"],"picked":"Heavy Blade+1","floor":35},{"not_picked":["Twin Strike","Rupture"],"picked":"Inflame+1","floor":36},{"not_picked":["Fire Breathing+1","Clothesline"],"picked":"True Grit+1","floor":37},{"not_picked":["PanicButton","Enlightenment"],"picked":"Jack Of All Trades","floor":38},{"not_picked":["Panache","Sadistic Nature"],"picked":"Deep Breath","floor":38},{"not_picked":["Magnetism","Jack Of All Trades"],"picked":"Bandage Up","floor":38},{"not_picked":["Iron Wave","Seeing Red"],"picked":"Headbutt","floor":39},{"not_picked":["Cleave","Body Slam"],"picked":"Pommel Strike","floor":41},{"not_picked":["Searing Blow","Sword Boomerang+1"],"picked":"Double Tap","floor":44},{"not_picked":["Dropkick+1","Corruption+1"],"picked":"Perfected Strike","floor":45},{"not_picked":["Body Slam+1","Entrench"],"picked":"Sentinel+1","floor":46},{"not_picked":["Clothesline","Fire Breathing+1"],"picked":"Rampage","floor":47},{"not_picked":["Searing Blow","Armaments"],"picked":"Seeing Red+1","floor":48}],"player_experience":306557,"relics_obtained":[{"floor":7,"key":"Blue Candle"},{"floor":9,"key":"Meat on the Bone"},{"floor":24,"key":"Regal Pillow"},{"floor":26,"key":"Ancient Tea Set"},{"floor":41,"key":"Oddly Smooth Stone"},{"floor":43,"key":"Paper Frog"},{"floor":46,"key":"Old Coin"}],"event_choices":[{"damage_healed":0,"gold_gain":0,"player_choice":"Bought 3 Potions","damage_taken":0,"max_hp_gain":0,"max_hp_loss":0,"event_name":"The Woman in Blue","floor":2,"gold_loss":0},{"damage_healed":0,"gold_gain":0,"player_choice":"Opened","damage_taken":0,"relics_obtained":["Red Skull"],"max_hp_gain":0,"max_hp_loss":0,"event_name":"The Mausoleum","floor":19,"gold_loss":0,"cards_obtained":["Writhe"]},{"damage_healed":0,"gold_gain":0,"player_choice":"Joined the Cult","damage_taken":6,"max_hp_gain":0,"max_hp_loss":0,"event_name":"Nest","floor":28,"gold_loss":0,"cards_obtained":["RitualDagger"]},{"damage_healed":0,"gold_gain":0,"player_choice":"Memory 3","damage_taken":10,"max_hp_gain":0,"max_hp_loss":0,"event_name":"SensoryStone","floor":38,"gold_loss":0},{"damage_healed":0,"gold_gain":0,"player_choice":"Fight","damage_taken":0,"max_hp_gain":0,"max_hp_loss":0,"event_name":"Mysterious Sphere","floor":46,"gold_loss":0}],"is_beta":false,"boss_relics":[{"not_picked":["Astrolabe","Lizard Tail"],"picked":"Orrery"},{"not_picked":["Empty Cage","Velvet Choker"],"picked":"Cursed Key"}],"items_purged_floors":[],"is_endless":false,"potions_floor_spawned":[5,7,10,18,31,36,44,45,47,48],"ascension_level":1}