{"gold_per_floor":[119,119,134,159,178,178,253,253,253,294,294,362,398,441,441,537,537,552,552,827,843,17,57,57,88,112,124,155,167,179,191,203,311,323,354,379,409,437,473,485,497,553,565,577],"floor_reached":44,"playtime":4246,"items_purged":["Regret"],"score":1013,"play_id":"91694a0e-187e-4d65-b9bb-edbdb1064e10","local_time":"20190710190344","is_ascension_mode":true,"campfire_choices":[{"data":"Sunder","floor":6,"key":"SMITH"},{"data":"Go for the Eyes","floor":8,"key":"SMITH"},{"floor":11,"key":"REST"},{"data":"Recycle","floor":15,"key":"SMITH"},{"floor":27,"key":"REST"},{"floor":29,"key":"REST"},{"data":"Echo Form","floor":32,"key":"SMITH"},{"floor":40,"key":"RECALL"},{"floor":41,"key":"DIG"}],"neow_cost":"NONE","seed_source_timestamp":206671291702100,"circlet_count":0,"master_deck":["AscendersBane","Strike_B+1","Strike_B+1","Strike_B+1","Strike_B+1","Defend_B+1","Defend_B+1","Defend_B+1","Defend_B+1","Zap","Dualcast","Chill","Rip and Tear","Hologram","Undo","Compile Driver","Go for the Eyes+1","Doom and Gloom","Sunder+1","Recycle+1","Echo Form+1","Beam Cell","Recycle+1","FTL","Double Energy","RitualDagger","Meteor Strike","Turbo","Glacier","Echo Form","Recycle+1","Self Repair","Chill"],"relics":["Orrery","Golden Idol","WingedGreaves","Dead Branch","Emotion Chip","Shovel","Runic Pyramid","Mango","DollysMirror","Potion Belt","Omamori","Orichalcum","MawBank","Singing Bowl","Nuclear Battery","Turnip","Ancient Tea Set","Meat on the Bone"],"potions_floor_usage":[10,16,25,33,39,39,39,44,44],"damage_taken":[{"damage":2,"enemies":"Jaw Worm","floor":1,"turns":4},{"damage":0,"enemies":"Small Slimes","floor":3,"turns":5},{"damage":10,"enemies":"Cultist","floor":4,"turns":4},{"damage":0,"enemies":"Looter","floor":5,"turns":3},{"damage":7,"enemies":"Lagavulin","floor":10,"turns":6},{"damage":20,"enemies":"Gremlin Nob","floor":13,"turns":5},{"damage":8,"enemies":"3 Sentries","floor":14,"turns":6},{"damage":8,"enemies":"Hexaghost","floor":16,"turns":8},{"damage":0,"enemies":"Shell Parasite","floor":18,"turns":5},{"damage":10,"enemies":"3 Byrds","floor":21,"turns":5},{"damage":10,"enemies":"Gremlin Leader","floor":23,"turns":7},{"damage":23,"enemies":"Book of Stabbing","floor":25,"turns":4},{"damage":17,"enemies":"Centurion and Healer","floor":28,"turns":3},{"damage":11,"enemies":"Champ","floor":33,"turns":11},{"damage":1,"enemies":"Orb Walker","floor":35,"turns":3},{"damage":11,"enemies":"3 Darklings","floor":36,"turns":2},{"damage":18,"enemies":"Spire Growth","floor":37,"turns":4},{"damage":5,"enemies":"Writhing Mass","floor":38,"turns":15},{"damage":0,"enemies":"Transient","floor":39,"turns":6},{"damage":7,"enemies":"Nemesis","floor":42,"turns":7},{"damage":63,"enemies":"Reptomancer","floor":44,"turns":3}],"seed_played":"2978648434816349060","potions_obtained":[{"floor":4,"key":"Block Potion"},{"floor":14,"key":"Strength Potion"},{"floor":16,"key":"SteroidPotion"},{"floor":21,"key":"Poison Potion"},{"floor":25,"key":"SteroidPotion"},{"floor":35,"key":"Poison Potion"},{"floor":37,"key":"Energy Potion"},{"floor":38,"key":"Poison Potion"},{"floor":42,"key":"Weak Potion"}],"is_trial":false,"path_per_floor":["M","?","M","M","M","R","?","R","T","E","R","T","E","E","R","B",null,"M","?","?","M","$","E","?","E","T","R","M","R","?","T","R","B",null,"M","M","M","M","M","R","R","E","T","E"],"character_chosen":"DEFECT","items_purchased":["Mango","DollysMirror","Potion Belt","FTL"],"campfire_rested":3,"item_purchase_floors":[22,22,22,22],"current_hp_per_floor":[62,62,62,52,52,52,41,41,41,34,53,53,33,25,25,17,52,52,52,52,42,56,46,40,17,17,40,23,46,46,46,46,35,67,66,57,41,36,52,52,52,59,59,0],"gold":577,"neow_bonus":"BOSS_RELIC","is_prod":false,"is_daily":false,"chose_seed":false,"campfire_upgraded":4,"win_rate":0,"timestamp":1562799824,"path_taken":["M","?","M","M","M","R","?","R","T","E","R","?","E","E","R","BOSS","M","?","?","?","$","E","?","E","T","R","M","R","?","?","R","BOSS","M","?","M","M","M","R","R","E","T","E"],"build_version":"2019-07-05","purchased_purges":1,"victory":false,"max_hp_per_floor":[71,64,64,64,64,64,64,64,64,64,64,64,64,64,64,64,64,64,64,64,64,78,78,78,78,78,78,78,78,78,78,78,78,78,78,80,82,82,84,84,84,84,84,84],"card_choices":[{"not_picked":["Sweeping Beam","Hologram"],"picked":"Chill","floor":0},{"not_picked":["White Noise","Hologram"],"picked":"Rip and Tear","floor":0},{"not_picked":["Scrape","Aggregate"],"picked":"Hologram","floor":0},{"not_picked":["Redo","Steam"],"picked":"Undo","floor":0},{"not_picked":["Fusion","Leap"],"picked":"Compile Driver","floor":0},{"not_picked":["Reprogram","Creative AI"],"picked":"Go for the Eyes","floor":1},{"not_picked":["Steam","Turbo"],"picked":"Doom and Gloom","floor":3},{"not_picked":["Auto Shields","Chill"],"picked":"Sunder","floor":4},{"not_picked":["Cold Snap","Redo","Scrape"],"picked":"SKIP","floor":5},{"not_picked":["Cold Snap","Redo","Scrape"],"picked":"SKIP","floor":5},{"not_picked":["Rebound","Sweeping Beam","Tempest"],"picked":"SKIP","floor":10},{"not_picked":["Compile Driver","Chaos","Stack"],"picked":"SKIP","floor":13},{"not_picked":["Compile Driver","Chaos","Stack"],"picked":"SKIP","floor":13},{"not_picked":["Hologram","Fusion"],"picked":"Recycle","floor":14},{"not_picked":["Core Surge","Amplify"],"picked":"Echo Form","floor":16},{"not_picked":["Coolheaded","Blizzard"],"picked":"Beam Cell","floor":18},{"not_picked":["Cold Snap","Streamline","Sweeping Beam"],"picked":"SKIP","floor":21},{"not_picked":["Chaos+1","Sunder+1"],"picked":"Double Energy","floor":23},{"not_picked":["Undo+1","Steam"],"picked":"Meteor Strike","floor":25},{"not_picked":["Tempest","Barrage+1"],"picked":"Turbo","floor":28},{"not_picked":["Hyperbeam","Multi-Cast"],"picked":"Echo Form","floor":33},{"not_picked":["Stack+1","Streamline"],"picked":"Recycle+1","floor":35},{"not_picked":["Static Discharge+1","Ball Lightning","Beam Cell"],"picked":"Singing Bowl","floor":36},{"not_picked":["Redo","Sunder","Go for the Eyes+1"],"picked":"Singing Bowl","floor":37},{"not_picked":["Force Field","Stack+1"],"picked":"Self Repair","floor":38},{"not_picked":["Hologram","Turbo","Rebound"],"picked":"Singing Bowl","floor":39},{"not_picked":["Rebound+1","Leap"],"picked":"Chill","floor":42}],"player_experience":2230629,"relics_obtained":[{"floor":9,"key":"WingedGreaves"},{"floor":10,"key":"Dead Branch"},{"floor":13,"key":"Emotion Chip"},{"floor":14,"key":"Shovel"},{"floor":23,"key":"Omamori"},{"floor":25,"key":"Orichalcum"},{"floor":26,"key":"MawBank"},{"floor":31,"key":"Singing Bowl"},{"floor":41,"key":"Turnip"},{"floor":42,"key":"Ancient Tea Set"},{"floor":43,"key":"Meat on the Bone"}],"event_choices":[{"damage_healed":0,"gold_gain":0,"player_choice":"Lose Max HP","damage_taken":0,"relics_obtained":["Golden Idol"],"max_hp_gain":0,"max_hp_loss":7,"event_name":"Golden Idol","floor":2,"gold_loss":0},{"damage_healed":0,"gold_gain":75,"player_choice":"Gather Gold","damage_taken":11,"max_hp_gain":0,"max_hp_loss":0,"event_name":"World of Goop","floor":7,"gold_loss":0},{"damage_healed":0,"gold_gain":0,"player_choice":"Simplicity","damage_taken":0,"max_hp_gain":0,"max_hp_loss":0,"event_name":"Back to Basics","floor":19,"gold_loss":0,"cards_upgraded":["Strike_B","Strike_B","Strike_B","Strike_B","Defend_B","Defend_B","Defend_B","Defend_B"]},{"damage_healed":0,"gold_gain":275,"player_choice":"Desecrate","damage_taken":0,"max_hp_gain":0,"max_hp_loss":0,"event_name":"Golden Shrine","floor":20,"gold_loss":0,"cards_obtained":["Regret"]},{"damage_healed":0,"gold_gain":0,"player_choice":"Joined the Cult","damage_taken":6,"max_hp_gain":0,"max_hp_loss":0,"event_name":"Nest","floor":24,"gold_loss":0,"cards_obtained":["RitualDagger"]},{"damage_healed":0,"gold_gain":0,"player_choice":"Read","damage_taken":0,"max_hp_gain":0,"max_hp_loss":0,"event_name":"The Library","floor":30,"gold_loss":0,"cards_obtained":["Glacier"]}],"is_beta":false,"boss_relics":[{"not_picked":["Coffee Dripper","Calling Bell"],"picked":"Runic Pyramid"},{"not_picked":["Eternal Feather","White Beast Statue"],"picked":"Nuclear Battery"}],"items_purged_floors":[22],"is_endless":false,"potions_floor_spawned":[4,14,16,21,25,35,37,38,42],"killed_by":"Reptomancer","ascension_level":20}