{"gold_per_floor":[109,59,71,91,109,184,184,201,201,201,234,253,253,278,278,374,374,393,404,329,429,52,80,80,80,107,107,107,107,119,135,135,135],"floor_reached":33,"playtime":4010,"items_purged":[],"score":290,"play_id":"00055148-8483-4f7f-a737-44f10309a894","local_time":"20180703211042","is_ascension_mode":false,"campfire_choices":[{"data":"Carnage","floor":7,"key":"SMITH"},{"data":"Flame Barrier","floor":10,"key":"SMITH"},{"floor":13,"key":"REST"},{"data":"Pommel Strike","floor":15,"key":"SMITH"},{"data":"Whirlwind","floor":24,"key":"SMITH"},{"data":"Flame Barrier","floor":28,"key":"SMITH"},{"data":"Ghostly","floor":32,"key":"SMITH"}],"neow_cost":"","seed_source_timestamp":40430121506321,"circlet_count":0,"master_deck":["Strike_R+1","Strike_R+1","Strike_R+1","Strike_R+1","Strike_R+1","Defend_R+1","Defend_R+1","Defend_R+1","Bash","Flame Barrier+1","Sever Soul","Carnage+1","Offering","Pommel Strike+1","Iron Wave","Flame Barrier+1","Reaper","Sword Boomerang","Carnage+1","Rage","Whirlwind+1","Ghostly+1","Ghostly","Ghostly","Ghostly","Ghostly","Flex+1","Clothesline+1"],"relics":["Burning Blood","Oddly Smooth Stone","Dream Catcher","Strawberry","Coffee Dripper","Sundial","Bottled Flame","Anchor"],"potions_floor_usage":[16],"damage_taken":[{"damage":0,"enemies":"Jaw Worm","floor":1,"turns":2},{"damage":2,"enemies":"2 Louse","floor":3,"turns":2},{"damage":0,"enemies":"Cultist","floor":4,"turns":3},{"damage":8,"enemies":"Large Slime","floor":5,"turns":5},{"damage":7,"enemies":"Blue Slaver","floor":8,"turns":3},{"damage":28,"enemies":"3 Sentries","floor":11,"turns":4},{"damage":1,"enemies":"3 Louse","floor":12,"turns":2},{"damage":49,"enemies":"The Guardian","floor":16,"turns":10},{"damage":8,"enemies":"Shell Parasite","floor":18,"turns":5},{"damage":1,"enemies":"3 Byrds","floor":19,"turns":2},{"damage":27,"enemies":"Gremlin Leader","floor":23,"turns":10},{"damage":4,"enemies":"Snake Plant","floor":30,"turns":2},{"damage":1,"enemies":"Snecko","floor":31,"turns":4},{"damage":56,"enemies":"Champ","floor":33,"turns":10}],"seed_played":"6340186634863452433","potions_obtained":[{"floor":1,"key":"Regen Potion"},{"floor":5,"key":"Strength Potion"},{"floor":11,"key":"Explosive Potion"},{"floor":16,"key":"SpeedPotion"},{"floor":18,"key":"Regen Potion"},{"floor":31,"key":"FearPotion"}],"is_trial":false,"path_per_floor":["M","?","M","M","M","?","R","M","T","R","E","M","R","T","R","B",null,"M","M","?","?","$","E","R","?","T","?","R","?","M","M","R"],"character_chosen":"IRONCLAD","items_purchased":["Sundial","Rage"],"campfire_rested":1,"item_purchase_floors":[22,22],"current_hp_per_floor":[80,80,80,80,78,67,67,66,66,66,44,49,73,80,80,49,87,85,87,87,87,87,70,70,43,43,43,43,37,39,44,44,0],"gold":135,"neow_bonus":"","is_prod":false,"is_daily":false,"chose_seed":false,"campfire_upgraded":6,"win_rate":0.0,"timestamp":1530648642,"path_taken":["M","?","?","M","M","?","R","M","T","R","E","M","R","?","R","BOSS","M","M","?","?","$","E","R","?","T","?","R","?","M","M","R","BOSS"],"build_version":"2018-06-28","purchased_purges":0,"victory":false,"max_hp_per_floor":[80,80,80,80,80,80,80,80,80,80,80,80,80,87,87,87,87,87,87,87,87,87,87,87,43,43,43,43,48,48,48,48,48],"card_choices":[{"not_picked":["Rampage","Anger"],"picked":"Flame Barrier","floor":1},{"not_picked":["True Grit","Warcry"],"picked":"Sever Soul","floor":3},{"not_picked":["Warcry","Clash"],"picked":"Carnage","floor":4},{"not_picked":["Cleave","True Grit"],"picked":"Offering","floor":5},{"not_picked":["Clash","Searing Blow"],"picked":"Flex","floor":8},{"not_picked":["Flex","Brutality"],"picked":"Pommel Strike","floor":11},{"not_picked":["Rampage","Flex"],"picked":"Iron Wave","floor":12},{"not_picked":["Body Slam","Fire Breathing"],"picked":"Flame Barrier","floor":13},{"not_picked":["Dark Embrace","Fiend Fire"],"picked":"Reaper","floor":16},{"not_picked":["Warcry","Burning Pact"],"picked":"Sword Boomerang","floor":18},{"not_picked":["Feel No Pain","Dropkick"],"picked":"Carnage+1","floor":19},{"not_picked":["Pommel Strike","Bloodletting"],"picked":"Whirlwind","floor":23},{"not_picked":["Rampage","Iron Wave+1"],"picked":"Flex+1","floor":30},{"not_picked":["Cleave","Thunderclap"],"picked":"Clothesline+1","floor":31}],"player_experience":0,"relics_obtained":[{"floor":9,"key":"Oddly Smooth Stone"},{"floor":11,"key":"Dream Catcher"},{"floor":14,"key":"Strawberry"},{"floor":23,"key":"Bottled Flame"},{"floor":26,"key":"Anchor"}],"event_choices":[{"event_name":"The Cleric","player_choice":"Card Removal","floor":2,"damage_taken":0},{"event_name":"World of Goop","player_choice":"Gather Gold","floor":6,"damage_taken":0},{"event_name":"Beggar","player_choice":"Gave Gold","floor":20,"damage_taken":0},{"event_name":"Golden Shrine","player_choice":"Pray","floor":21,"damage_taken":0},{"event_name":"Ghosts","player_choice":"Became a Ghost","floor":25,"damage_taken":0},{"event_name":"Back to Basics","player_choice":"Simplicity","floor":27,"damage_taken":0},{"event_name":"Forgotten Altar","player_choice":"Shed Blood","floor":29,"damage_taken":0}],"boss_relics":[{"not_picked":["Black Blood","Busted Crown"],"picked":"Coffee Dripper"}],"items_purged_floors":[],"is_endless":false,"potions_floor_spawned":[1,5,11,16,18,19,23,31],"killed_by":"Champ","ascension_level":0}