{"gold_per_floor":[13,30,30,30,45,64,86,86,86,97,124,139,151,184,184,283,283,297,297,222,137,157,157,170,170,170,196,228,228,247,267,267,368,368,380,429,429,442,48,48,80,80,80,91,104,104,124,138,138,138],"floor_reached":51,"playtime":5011,"items_purged":["Defend_B"],"score":686,"play_id":"e52eb2ef-b9fe-483d-b4e8-a081922c3dd1","local_time":"20190712194030","is_ascension_mode":false,"campfire_choices":[{"data":"Defragment","floor":8,"key":"SMITH"},{"floor":15,"key":"REST"},{"data":"Chill","floor":23,"key":"SMITH"},{"data":"Loop","floor":25,"key":"SMITH"},{"data":"Seek","floor":29,"key":"SMITH"},{"data":"Blizzard","floor":32,"key":"SMITH"},{"data":"Apotheosis","floor":40,"key":"SMITH"},{"floor":42,"key":"REST"},{"data":"Glacier","floor":46,"key":"SMITH"},{"data":"White Noise","floor":49,"key":"SMITH"}],"neow_cost":"NO_GOLD","seed_source_timestamp":199238387528200,"circlet_count":0,"master_deck":["Defend_B+1","Defend_B+1","Defend_B","Zap","Dualcast","Coolheaded","Loop+1","Defragment+1","Chill+1","Sunder","Blizzard+1","Seek+1","Gash","Hologram","Biased Cognition+1","Defragment+1","Barrage","White Noise+1","Coolheaded","Electrodynamics+1","Hologram+1","Conserve Battery+1","Loop+1","Apotheosis+1","Capacitor+1","Gash","Storm+1","Glacier+1","Heatsinks+1","Gash+1"],"relics":["Cracked Core","Bag of Marbles","Odd Mushroom","Letter Opener","Frozen Egg 2","War Paint","Inserter","Sundial","StoneCalendar","Bottled Lightning","Smiling Mask","PreservedInsect","Cursed Key","Torii","Membership Card","Singing Bowl"],"potions_floor_usage":[14,14,16,36],"damage_taken":[{"damage":0,"enemies":"Cultist","floor":1,"turns":4},{"damage":2,"enemies":"2 Louse","floor":2,"turns":3},{"damage":1,"enemies":"Jaw Worm","floor":5,"turns":4},{"damage":2,"enemies":"Looter","floor":6,"turns":4},{"damage":13,"enemies":"The Mushroom Lair","floor":7,"turns":6},{"damage":0,"enemies":"2 Fungi Beasts","floor":10,"turns":2},{"damage":19,"enemies":"Lagavulin","floor":11,"turns":7},{"damage":2,"enemies":"Blue Slaver","floor":12,"turns":4},{"damage":4,"enemies":"Looter","floor":13,"turns":3},{"damage":9,"enemies":"3 Sentries","floor":14,"turns":3},{"damage":19,"enemies":"Slime Boss","floor":16,"turns":10},{"damage":0,"enemies":"Chosen","floor":18,"turns":4},{"damage":1,"enemies":"3 Byrds","floor":22,"turns":5},{"damage":12,"enemies":"Snake Plant","floor":24,"turns":3},{"damage":0,"enemies":"Gremlin Leader","floor":28,"turns":8},{"damage":0,"enemies":"Sentry and Sphere","floor":30,"turns":3},{"damage":0,"enemies":"Cultist and Chosen","floor":31,"turns":5},{"damage":20,"enemies":"Champ","floor":33,"turns":9},{"damage":5,"enemies":"3 Shapes","floor":35,"turns":2},{"damage":8,"enemies":"2 Orb Walkers","floor":36,"turns":4},{"damage":1,"enemies":"Orb Walker","floor":38,"turns":3},{"damage":6,"enemies":"Giant Head","floor":41,"turns":6},{"damage":1,"enemies":"4 Shapes","floor":44,"turns":3},{"damage":9,"enemies":"Spire Growth","floor":45,"turns":3},{"damage":0,"enemies":"Maw","floor":47,"turns":5},{"damage":6,"enemies":"Transient","floor":48,"turns":5},{"damage":6,"enemies":"Donu and Deca","floor":50,"turns":6}],"seed_played":"-9005060256861188809","potions_obtained":[{"floor":6,"key":"FocusPotion"},{"floor":7,"key":"Ancient Potion"},{"floor":11,"key":"SkillPotion"},{"floor":12,"key":"SkillPotion"},{"floor":18,"key":"GamblersBrew"},{"floor":31,"key":"GamblersBrew"},{"floor":35,"key":"Weak Potion"},{"floor":44,"key":"GamblersBrew"}],"is_trial":false,"path_per_floor":["M","M","?","?","M","M","?","R","T","M","E","M","M","E","R","B",null,"M","?","?","?","M","R","M","R","T","T","E","R","M","M","R","B",null,"M","?","?","M","$","R","E","R","T","M","M","R","M","M","R","B",null],"character_chosen":"DEFECT","items_purchased":["Membership Card","Apotheosis","Capacitor+1","Gash"],"campfire_rested":2,"item_purchase_floors":[39,39,39,39],"current_hp_per_floor":[75,73,73,70,69,67,54,54,54,54,35,33,29,20,42,23,75,75,75,75,75,74,74,62,62,62,62,62,62,62,62,62,42,75,70,62,62,61,61,61,55,75,75,76,67,67,67,61,61,55],"gold":138,"neow_bonus":"REMOVE_TWO","is_prod":false,"is_daily":false,"chose_seed":false,"campfire_upgraded":8,"win_rate":0.0,"timestamp":1562985630,"path_taken":["M","M","?","?","M","M","?","R","T","M","E","?","M","E","R","BOSS","M","?","?","?","M","R","M","R","T","?","E","R","M","M","R","BOSS","M","?","?","M","$","R","E","R","T","?","?","R","M","?","R","BOSS"],"build_version":"2019-07-05","purchased_purges":1,"victory":true,"max_hp_per_floor":[75,75,75,75,75,75,75,75,75,75,75,75,75,75,75,75,75,75,75,75,75,75,75,75,75,75,75,75,75,75,75,75,75,75,75,75,75,75,75,75,75,75,75,77,77,77,77,77,77,77],"card_choices":[{"not_picked":["Beam Cell","Conserve Battery"],"picked":"Coolheaded","floor":1},{"not_picked":["Beam Cell","Go for the Eyes","Coolheaded"],"picked":"SKIP","floor":2},{"not_picked":["White Noise","Auto Shields"],"picked":"Defragment","floor":5},{"not_picked":["Barrage","Leap"],"picked":"Chill","floor":6},{"not_picked":["Coolheaded","Turbo"],"picked":"Sunder","floor":7},{"not_picked":["Sweeping Beam","BootSequence"],"picked":"Blizzard","floor":10},{"not_picked":["All For One","Go for the Eyes"],"picked":"Seek","floor":11},{"not_picked":["Stack","Steam"],"picked":"Gash","floor":12},{"not_picked":["Doom and Gloom","Darkness","Steam"],"picked":"SKIP","floor":13},{"not_picked":["Go for the Eyes","Tempest"],"picked":"Hologram","floor":14},{"not_picked":["Electrodynamics+1","Seek"],"picked":"Biased Cognition+1","floor":16},{"not_picked":["Tempest","Sweeping Beam+1"],"picked":"Defragment+1","floor":18},{"not_picked":["Turbo","Sweeping Beam","Steam Power"],"picked":"SKIP","floor":22},{"not_picked":["Sunder+1","Go for the Eyes"],"picked":"Barrage","floor":24},{"not_picked":["Consume","Darkness"],"picked":"White Noise","floor":28},{"not_picked":["Turbo","Steam"],"picked":"Coolheaded","floor":30},{"not_picked":["Ball Lightning","Consume","Go for the Eyes+1"],"picked":"SKIP","floor":31},{"not_picked":["Seek","Reboot"],"picked":"Electrodynamics+1","floor":33},{"not_picked":["Ball Lightning","Go for the Eyes"],"picked":"Hologram+1","floor":35},{"not_picked":["Chaos","Beam Cell+1"],"picked":"Conserve Battery+1","floor":36},{"not_picked":["Barrage","Beam Cell+1"],"picked":"Loop+1","floor":38},{"not_picked":["Skim+1","Compile Driver"],"picked":"Storm+1","floor":41},{"not_picked":["Doom and Gloom","Storm+1","Sweeping Beam+1"],"picked":"Singing Bowl","floor":44},{"not_picked":["Hologram+1","Leap"],"picked":"Glacier","floor":45},{"not_picked":["Leap+1","Melter+1"],"picked":"Heatsinks+1","floor":47},{"not_picked":["Steam","Redo"],"picked":"Gash+1","floor":48}],"player_experience":178152,"relics_obtained":[{"floor":7,"key":"Odd Mushroom"},{"floor":9,"key":"Letter Opener"},{"floor":11,"key":"Frozen Egg 2"},{"floor":14,"key":"War Paint"},{"floor":26,"key":"Bottled Lightning"},{"floor":27,"key":"Smiling Mask"},{"floor":28,"key":"PreservedInsect"},{"floor":36,"key":"Torii"},{"floor":41,"key":"Singing Bowl"}],"event_choices":[{"damage_healed":0,"gold_gain":0,"cards_transformed":["Strike_B"],"player_choice":"Change","damage_taken":0,"max_hp_gain":0,"max_hp_loss":0,"event_name":"Living Wall","floor":3,"gold_loss":0,"cards_obtained":["Loop"]},{"damage_healed":0,"gold_gain":0,"player_choice":"Success","damage_taken":3,"relics_obtained":["Bag of Marbles"],"max_hp_gain":0,"max_hp_loss":0,"event_name":"Scrap Ooze","floor":4,"gold_loss":0},{"damage_healed":0,"gold_gain":0,"player_choice":"Fought Mushrooms","damage_taken":0,"max_hp_gain":0,"max_hp_loss":0,"event_name":"Mushrooms","floor":7,"gold_loss":0},{"damage_healed":0,"gold_gain":0,"player_choice":"Opened","damage_taken":0,"relics_obtained":["Sundial"],"max_hp_gain":0,"max_hp_loss":0,"event_name":"The Mausoleum","floor":19,"gold_loss":0,"cards_obtained":["Writhe"]},{"cards_removed":["Writhe"],"damage_healed":0,"gold_gain":0,"player_choice":"Gave Gold","damage_taken":0,"max_hp_gain":0,"max_hp_loss":0,"event_name":"Beggar","floor":20,"gold_loss":75},{"damage_healed":0,"gold_gain":0,"player_choice":"Obtained Relic","damage_taken":0,"relics_obtained":["StoneCalendar"],"max_hp_gain":0,"max_hp_loss":0,"event_name":"Addict","floor":21,"gold_loss":85},{"damage_healed":0,"gold_gain":0,"player_choice":"Fight","damage_taken":0,"max_hp_gain":0,"max_hp_loss":0,"event_name":"Mysterious Sphere","floor":36,"gold_loss":0},{"cards_removed":["Strike_B"],"damage_healed":0,"gold_gain":0,"player_choice":"Offered Basic","damage_taken":0,"max_hp_gain":0,"max_hp_loss":0,"event_name":"Bonfire Elementals","floor":37,"gold_loss":0}],"is_beta":false,"boss_relics":[{"not_picked":["Fusion Hammer","Tiny House"],"picked":"Inserter"},{"not_picked":["Runic Pyramid","Nuclear Battery"],"picked":"Cursed Key"}],"items_purged_floors":[39],"is_endless":false,"potions_floor_spawned":[6,7,11,12,18,31,35,44],"ascension_level":0}