{"gold_per_floor":[113,130,146,156,15,15,33,48,73,105,105,119,146,156,156,234,234,252,232,248,80,99,99,99],"floor_reached":24,"playtime":1275,"items_purged":["Strike_R"],"score":371,"play_id":"e3deaaed-e228-4424-b279-88423c93ac8b","local_time":"20190714124922","is_ascension_mode":true,"campfire_choices":[{"data":"Body Slam","floor":6,"key":"SMITH"},{"data":"Whirlwind","floor":11,"key":"SMITH"},{"floor":15,"key":"REST"},{"floor":23,"key":"REST"}],"neow_cost":"NONE","seed_source_timestamp":220752866534199,"circlet_count":0,"master_deck":["AscendersBane","Strike_R","Strike_R","Strike_R","Strike_R","Defend_R","Defend_R","Defend_R","Defend_R","Bash","Body Slam+1","Disarm","Whirlwind+1","Rampage","Feed","Shrug It Off","Flame Barrier","True Grit","Twin Strike+1","Barricade","Shrug It Off","Entrench","Feel No Pain","Good Instincts"],"relics":["Burning Blood","Bag of Marbles","Smiling Mask","Molten Egg 2","Omamori","Mark of Pain"],"potions_floor_usage":[12,16,22,24],"damage_taken":[{"damage":0,"enemies":"2 Louse","floor":1,"turns":6},{"damage":6,"enemies":"Cultist","floor":2,"turns":3},{"damage":2,"enemies":"Jaw Worm","floor":3,"turns":5},{"damage":0,"enemies":"Large Slime","floor":4,"turns":6},{"damage":16,"enemies":"Exordium Wildlife","floor":7,"turns":5},{"damage":7,"enemies":"Blue Slaver","floor":8,"turns":5},{"damage":28,"enemies":"Gremlin Nob","floor":10,"turns":4},{"damage":8,"enemies":"Large Slime","floor":12,"turns":9},{"damage":48,"enemies":"Lagavulin","floor":13,"turns":8},{"damage":0,"enemies":"2 Fungi Beasts","floor":14,"turns":2},{"damage":28,"enemies":"The Guardian","floor":16,"turns":12},{"damage":25,"enemies":"Spheric Guardian","floor":18,"turns":4},{"damage":22,"enemies":"2 Thieves","floor":20,"turns":4},{"damage":35,"enemies":"3 Cultists","floor":22,"turns":6},{"damage":53,"enemies":"Cultist and Chosen","floor":24,"turns":6}],"seed_played":"6372053977664017738","potions_obtained":[{"floor":4,"key":"Strength Potion"},{"floor":7,"key":"Weak Potion"},{"floor":10,"key":"Fire Potion"},{"floor":13,"key":"EssenceOfSteel"},{"floor":19,"key":"Regen Potion"}],"is_trial":false,"path_per_floor":["M","M","M","M","$","R","M","M","T","E","R","M","E","M","R","B",null,"M","?","M","$","M","R","M"],"character_chosen":"IRONCLAD","items_purchased":["Feed","Feel No Pain","Good Instincts"],"campfire_rested":2,"item_purchase_floors":[5,21,21],"current_hp_per_floor":[74,74,75,75,75,75,68,70,70,51,51,52,10,16,42,20,70,54,54,38,38,9,36,0],"gold":99,"neow_bonus":"RANDOM_COMMON_RELIC","is_prod":false,"is_daily":false,"chose_seed":false,"campfire_upgraded":2,"win_rate":0,"timestamp":1563079762,"path_taken":["M","M","M","M","$","R","M","M","T","E","R","M","E","M","R","BOSS","M","?","M","?","?","R","M"],"build_version":"2019-07-05","purchased_purges":1,"victory":false,"max_hp_per_floor":[75,75,75,75,75,75,78,81,81,84,84,87,87,87,87,87,87,90,90,90,90,90,90,90],"card_choices":[{"not_picked":["Wild Strike","Rupture"],"picked":"Body Slam","floor":1},{"not_picked":["Flex","Rupture"],"picked":"Disarm","floor":2},{"not_picked":["Searing Blow","Burning Pact"],"picked":"Whirlwind","floor":3},{"not_picked":["Burning Pact","Anger"],"picked":"Rampage","floor":4},{"not_picked":["Pommel Strike","Reckless Charge"],"picked":"Shrug It Off","floor":7},{"not_picked":["Armaments","Pommel Strike"],"picked":"Flame Barrier","floor":8},{"not_picked":["Infernal Blade","Sword Boomerang","Shrug It Off"],"picked":"SKIP","floor":10},{"not_picked":["Clothesline+1","Body Slam+1"],"picked":"True Grit","floor":12},{"not_picked":["Shrug It Off","Sentinel","Rampage+1"],"picked":"SKIP","floor":13},{"not_picked":["Dark Embrace","Sword Boomerang+1"],"picked":"Twin Strike+1","floor":14},{"not_picked":["Double Tap","Dark Embrace"],"picked":"Barricade","floor":16},{"not_picked":["Evolve","Twin Strike+1"],"picked":"Shrug It Off","floor":18},{"not_picked":["Clash+1","Searing Blow+1"],"picked":"Entrench","floor":20},{"not_picked":["Perfected Strike+1","Sword Boomerang+1","Evolve"],"picked":"SKIP","floor":22}],"player_experience":851480,"relics_obtained":[{"floor":9,"key":"Smiling Mask"},{"floor":10,"key":"Molten Egg 2"},{"floor":13,"key":"Omamori"}],"event_choices":[{"damage_healed":0,"gold_gain":0,"player_choice":"Bought 1 Potion","damage_taken":0,"max_hp_gain":0,"max_hp_loss":0,"event_name":"The Woman in Blue","floor":19,"gold_loss":0}],"is_beta":false,"boss_relics":[{"not_picked":["Philosopher\u0027s Stone","Runic Cube"],"picked":"Mark of Pain"}],"items_purged_floors":[21],"is_endless":false,"potions_floor_spawned":[4,7,8,10,13],"killed_by":"Cultist and Chosen","ascension_level":15}