{"gold_per_floor":[111,111,111,111,186,221,221,234,257,308,150,180,80,95,95,196,196,216,234,234,234,247,247,274,289,312,312,187,187,187,204,204,307,307,322,322,146,158,172,172,183,183,261,292,292,292,322,342,342,342],"floor_reached":51,"playtime":4243,"items_purged":["Defend_G","Defend_G","Strike_G+1"],"score":906,"play_id":"d1391a5c-f309-4502-ba2c-2ccfef5c15c2","local_time":"20190512044833","is_ascension_mode":false,"campfire_choices":[{"floor":7,"key":"REST"},{"floor":15,"key":"REST"},{"data":"Neutralize","floor":23,"key":"SMITH"},{"data":"Reflex","floor":30,"key":"SMITH"},{"data":"Doppelganger","floor":32,"key":"SMITH"},{"data":"Heel Hook","floor":40,"key":"SMITH"},{"data":"Finesse","floor":45,"key":"SMITH"},{"data":"Escape Plan","floor":49,"key":"SMITH"}],"neow_cost":"NONE","seed_source_timestamp":40722177638412,"circlet_count":0,"master_deck":["Strike_G+1","Strike_G+1","Survivor","Neutralize+1","Masterful Stab+1","Escape Plan+1","Finesse+1","Heel Hook+1","Dash+1","Wraith Form v2+1","Masterful Stab+1","Reflex+1","Doppelganger+1","Concentrate+1","Master of Strategy","Acrobatics+1","Tactician+1"],"relics":["Ring of the Snake","NeowsBlessing","Blood Vial","Happy Flower","Strawberry","Ornamental Fan","Astrolabe","Du-Vu Doll","Whetstone","Art of War","MutagenicStrength","Runic Pyramid","Shuriken","Tingsha","Snake Skull"],"potions_floor_usage":[12,33,38],"damage_taken":[{"damage":0,"enemies":"Jaw Worm","floor":1,"turns":1},{"damage":0,"enemies":"Gremlin Nob","floor":6,"turns":1},{"damage":0,"enemies":"2 Louse","floor":8,"turns":1},{"damage":16,"enemies":"3 Sentries","floor":12,"turns":7},{"damage":0,"enemies":"Small Slimes","floor":14,"turns":2},{"damage":65,"enemies":"The Guardian","floor":16,"turns":13},{"damage":0,"enemies":"Chosen","floor":18,"turns":4},{"damage":0,"enemies":"Spheric Guardian","floor":19,"turns":3},{"damage":0,"enemies":"3 Cultists","floor":22,"turns":5},{"damage":0,"enemies":"Slavers","floor":24,"turns":5},{"damage":0,"enemies":"Snecko","floor":25,"turns":4},{"damage":0,"enemies":"Centurion and Healer","floor":31,"turns":4},{"damage":0,"enemies":"Collector","floor":33,"turns":8},{"damage":0,"enemies":"Orb Walker","floor":35,"turns":2},{"damage":2,"enemies":"3 Shapes","floor":38,"turns":3},{"damage":0,"enemies":"Writhing Mass","floor":39,"turns":4},{"damage":0,"enemies":"Maw","floor":41,"turns":4},{"damage":0,"enemies":"Nemesis","floor":44,"turns":3},{"damage":0,"enemies":"Giant Head","floor":47,"turns":2},{"damage":0,"enemies":"Jaw Worm Horde","floor":48,"turns":2},{"damage":0,"enemies":"Donu and Deca","floor":50,"turns":5}],"seed_played":"7502469355032578859","potions_obtained":[{"floor":6,"key":"AttackPotion"},{"floor":8,"key":"FearPotion"},{"floor":12,"key":"SpeedPotion"},{"floor":14,"key":"Strength Potion"},{"floor":18,"key":"GhostInAJar"},{"floor":35,"key":"SkillPotion"},{"floor":41,"key":"LiquidBronze"},{"floor":44,"key":"SpeedPotion"},{"floor":46,"key":"SkillPotion"},{"floor":46,"key":"Energy Potion"},{"floor":47,"key":"FairyPotion"}],"is_trial":false,"path_per_floor":["M","?","?","?","?","E","R","M","T","T","$","E","$","M","R","B",null,"M","M","T","?","M","R","E","M","T","?","$","?","R","M","R","B",null,"M","?","$","M","M","R","M","?","T","E","R","?","E","M","R","B",null],"character_chosen":"THE_SILENT","items_purchased":["Finesse","Master of Strategy"],"campfire_rested":2,"item_purchase_floors":[11,37],"current_hp_per_floor":[70,56,56,49,38,38,59,61,61,68,68,54,54,56,77,12,77,77,77,77,77,77,77,77,77,77,71,71,71,71,73,73,75,77,77,77,77,75,77,77,77,77,77,77,77,77,77,77,77,77],"gold":342,"neow_bonus":"THREE_ENEMY_KILL","is_prod":false,"is_daily":false,"chose_seed":false,"campfire_upgraded":6,"win_rate":0,"timestamp":1557632913,"path_taken":["M","?","?","?","?","E","R","M","T","?","$","E","$","M","R","BOSS","M","M","?","?","M","R","E","M","T","?","$","?","R","M","R","BOSS","M","?","$","?","M","R","M","?","T","E","R","?","E","M","R","BOSS"],"build_version":"2019-01-23","purchased_purges":3,"victory":true,"max_hp_per_floor":[70,70,70,70,70,70,70,70,70,77,77,77,77,77,77,77,77,77,77,77,77,77,77,77,77,77,77,77,77,77,77,77,77,77,77,77,77,77,77,77,77,77,77,77,77,77,77,77,77,77],"card_choices":[{"not_picked":["Dodge and Roll","Eviscerate"],"picked":"Masterful Stab","floor":1},{"not_picked":["Terror","Poisoned Stab","Bane"],"picked":"SKIP","floor":6},{"not_picked":["Outmaneuver","Blur"],"picked":"Escape Plan","floor":8},{"not_picked":["Caltrops","Dagger Throw"],"picked":"Heel Hook","floor":12},{"not_picked":["Crippling Poison","Slice","PiercingWail"],"picked":"SKIP","floor":14},{"not_picked":["Acrobatics+1","Sucker Punch+1","Deflect+1"],"picked":"SKIP","floor":18},{"not_picked":["Bane","Calculated Gamble","Outmaneuver"],"picked":"SKIP","floor":19},{"not_picked":["Bane","Underhanded Strike","Deadly Poison"],"picked":"SKIP","floor":22},{"not_picked":["PiercingWail","Noxious Fumes"],"picked":"Reflex","floor":24},{"not_picked":["Sucker Punch","Dagger Throw","Infinite Blades"],"picked":"SKIP","floor":25},{"not_picked":["Slice","Dodge and Roll"],"picked":"Doppelganger","floor":31},{"not_picked":["All Out Attack+1","Dagger Throw+1"],"picked":"Concentrate+1","floor":35},{"not_picked":["Flying Knee+1","Heel Hook+1"],"picked":"Acrobatics+1","floor":38},{"not_picked":["Caltrops","Poisoned Stab+1","Deadly Poison"],"picked":"SKIP","floor":39},{"not_picked":["Infinite Blades+1","Catalyst","Acrobatics+1"],"picked":"SKIP","floor":41},{"not_picked":["Expertise+1","Underhanded Strike+1","Setup+1"],"picked":"SKIP","floor":44},{"not_picked":["Blade Dance","Doppelganger"],"picked":"Tactician+1","floor":47},{"not_picked":["Dodge and Roll","Sucker Punch+1","Outmaneuver"],"picked":"SKIP","floor":48}],"player_experience":202758,"relics_obtained":[{"floor":6,"key":"Blood Vial"},{"floor":9,"key":"Happy Flower"},{"floor":10,"key":"Strawberry"},{"floor":12,"key":"Ornamental Fan"},{"floor":20,"key":"Du-Vu Doll"},{"floor":24,"key":"Whetstone"},{"floor":26,"key":"Art of War"},{"floor":43,"key":"Shuriken"},{"floor":44,"key":"Tingsha"},{"floor":47,"key":"Snake Skull"}],"event_choices":[{"damage_healed":0,"gold_gain":0,"player_choice":"Entered Light","damage_taken":14,"max_hp_gain":0,"max_hp_loss":0,"event_name":"Shining Light","floor":2,"gold_loss":0,"cards_upgraded":["Strike_G","Strike_G"]},{"cards_removed":["Defend_G"],"damage_healed":0,"gold_gain":0,"player_choice":"Forget","damage_taken":0,"max_hp_gain":0,"max_hp_loss":0,"event_name":"Living Wall","floor":3,"gold_loss":0},{"cards_removed":["Defend_G"],"damage_healed":0,"gold_gain":0,"player_choice":"Card Removal","damage_taken":7,"max_hp_gain":0,"max_hp_loss":0,"event_name":"Golden Wing","floor":4,"gold_loss":0},{"damage_healed":0,"gold_gain":75,"player_choice":"Gather Gold","damage_taken":11,"max_hp_gain":0,"max_hp_loss":0,"event_name":"World of Goop","floor":5,"gold_loss":0},{"damage_healed":0,"gold_gain":0,"player_choice":"Ignored","damage_taken":0,"max_hp_gain":0,"max_hp_loss":0,"event_name":"The Mausoleum","floor":21,"gold_loss":0},{"damage_healed":0,"gold_gain":0,"player_choice":"Joined the Cult","damage_taken":6,"max_hp_gain":0,"max_hp_loss":0,"event_name":"Nest","floor":27,"gold_loss":0,"cards_obtained":["RitualDagger"]},{"damage_healed":0,"gold_gain":0,"player_choice":"Inject Mutagens","damage_taken":0,"relics_obtained":["MutagenicStrength"],"max_hp_gain":0,"max_hp_loss":0,"event_name":"Drug Dealer","floor":29,"gold_loss":0},{"damage_healed":0,"gold_gain":0,"player_choice":"0 cards matched","damage_taken":0,"max_hp_gain":0,"max_hp_loss":0,"event_name":"Match and Keep!","floor":36,"gold_loss":0,"cards_obtained":[]},{"cards_removed":["RitualDagger"],"damage_healed":0,"gold_gain":0,"player_choice":"Removed Attack","damage_taken":0,"max_hp_gain":0,"max_hp_loss":0,"event_name":"Falling","floor":42,"gold_loss":0},{"damage_healed":0,"gold_gain":0,"player_choice":"Got Potions","damage_taken":0,"max_hp_gain":0,"max_hp_loss":0,"event_name":"Lab","floor":46,"gold_loss":0}],"is_beta":false,"boss_relics":[{"not_picked":["Fusion Hammer","Velvet Choker"],"picked":"Astrolabe"},{"not_picked":["Eternal Feather","Cursed Key"],"picked":"Runic Pyramid"}],"items_purged_floors":[11,13,28],"is_endless":false,"potions_floor_spawned":[6,8,12,14,18,24,35,41,44,47],"ascension_level":0}