{"gold_per_floor":[18,18,18,30,30,30,69,83,83,83,122,147,147,161,161,252,252,277,277,277,36,56,56,92,92,142,50,81,21,36,70,70,70],"floor_reached":33,"playtime":3194,"items_purged":["Bite"],"score":697,"play_id":"e5cc569a-d379-4a12-8f09-7b348378a926","local_time":"20190713151457","is_ascension_mode":true,"campfire_choices":[{"data":"Consume","floor":6,"key":"SMITH"},{"floor":10,"key":"REST"},{"data":"Go for the Eyes","floor":15,"key":"SMITH"},{"data":"Double Energy","floor":23,"key":"SMITH"},{"data":"Discovery","floor":32,"key":"SMITH"}],"neow_cost":"NO_GOLD","seed_source_timestamp":453191102786300,"circlet_count":0,"master_deck":["AscendersBane","Defend_B+1","Defend_B+1","Defend_B+1","Zap","Dualcast","Consume+1","Double Energy+1","Ball Lightning","Go for the Eyes+1","Chill","Rebound","Ball Lightning","Skim","Core Surge","Stack","Bite","Bite","Bite","Bite","Cold Snap","Hologram+1","Static Discharge","RitualDagger","Coolheaded","Discovery+1","Beam Cell+1"],"relics":["Cracked Core","Golden Idol","Ornamental Fan","Bag of Marbles","The Courier","Runic Pyramid","Singing Bowl","Orichalcum","DataDisk","Anchor","Darkstone Periapt"],"potions_floor_usage":[4,7,18,24,28],"damage_taken":[{"damage":12,"enemies":"Small Slimes","floor":1,"turns":4},{"damage":12,"enemies":"Jaw Worm","floor":4,"turns":4},{"damage":27,"enemies":"Gremlin Nob","floor":7,"turns":4},{"damage":0,"enemies":"2 Louse","floor":8,"turns":2},{"damage":10,"enemies":"Lagavulin","floor":11,"turns":7},{"damage":2,"enemies":"Blue Slaver","floor":12,"turns":2},{"damage":7,"enemies":"Lots of Slimes","floor":14,"turns":3},{"damage":14,"enemies":"Hexaghost","floor":16,"turns":7},{"damage":7,"enemies":"2 Thieves","floor":18,"turns":4},{"damage":12,"enemies":"3 Byrds","floor":22,"turns":5},{"damage":12,"enemies":"Gremlin Leader","floor":24,"turns":6},{"damage":36,"enemies":"Slavers","floor":28,"turns":10},{"damage":0,"enemies":"Centurion and Healer","floor":30,"turns":11},{"damage":0,"enemies":"Gremlin Leader","floor":31,"turns":5},{"damage":89,"enemies":"Champ","floor":33,"turns":24}],"seed_played":"401218659144306447","potions_obtained":[{"floor":1,"key":"EntropicBrew"},{"floor":14,"key":"GamblersBrew"},{"floor":16,"key":"Weak Potion"},{"floor":18,"key":"Poison Potion"},{"floor":24,"key":"Ancient Potion"}],"is_trial":false,"path_per_floor":["M","?","?","M","?","R","E","M","T","R","E","M","?","M","R","B",null,"M","?","?","$","M","R","E","?","T","$","E","$","M","E","R","B"],"character_chosen":"DEFECT","items_purchased":["Cold Snap","Singing Bowl","Coolheaded","Discovery"],"campfire_rested":1,"item_purchase_floors":[21,21,27,27],"current_hp_per_floor":[66,66,59,47,47,47,20,20,20,43,33,31,36,29,29,15,65,58,57,57,57,57,57,57,51,51,51,37,37,59,61,61,0],"gold":70,"neow_bonus":"TWENTY_PERCENT_HP_BONUS","is_prod":false,"is_daily":false,"chose_seed":false,"campfire_upgraded":4,"win_rate":0,"timestamp":1563045297,"path_taken":["M","?","?","M","?","R","E","?","T","R","E","M","?","M","R","BOSS","M","?","?","$","M","R","E","?","T","$","E","?","M","E","R","BOSS"],"build_version":"2019-07-05","purchased_purges":1,"victory":false,"max_hp_per_floor":[85,85,85,85,77,77,77,77,77,77,77,77,82,82,82,82,82,82,57,57,57,57,57,57,57,57,57,59,59,59,61,61,61],"card_choices":[{"not_picked":["Sweeping Beam","Recycle"],"picked":"Consume","floor":1},{"not_picked":["Beam Cell","White Noise"],"picked":"Ball Lightning","floor":4},{"not_picked":["Capacitor","Darkness"],"picked":"Go for the Eyes","floor":7},{"not_picked":["Static Discharge","Cold Snap"],"picked":"Chill","floor":8},{"not_picked":["Turbo","Streamline"],"picked":"Rebound","floor":11},{"not_picked":["Beam Cell","Rebound"],"picked":"Ball Lightning","floor":12},{"not_picked":["Turbo","Barrage"],"picked":"Skim","floor":14},{"not_picked":["Reboot","Creative AI"],"picked":"Core Surge","floor":16},{"not_picked":["Sweeping Beam","Barrage+1"],"picked":"Stack","floor":18},{"not_picked":["Streamline","Gash"],"picked":"Hologram+1","floor":22},{"not_picked":["Ball Lightning","Core Surge"],"picked":"Static Discharge","floor":24},{"not_picked":["Leap","Darkness","Rebound"],"picked":"Singing Bowl","floor":28},{"not_picked":["Static Discharge","Coolheaded"],"picked":"Beam Cell+1","floor":30},{"not_picked":["Storm","Sweeping Beam","Fission"],"picked":"Singing Bowl","floor":31}],"player_experience":2259294,"relics_obtained":[{"floor":7,"key":"Ornamental Fan"},{"floor":9,"key":"Bag of Marbles"},{"floor":11,"key":"The Courier"},{"floor":24,"key":"Orichalcum"},{"floor":26,"key":"DataDisk"},{"floor":28,"key":"Anchor"},{"floor":31,"key":"Darkstone Periapt"}],"event_choices":[{"damage_healed":0,"gold_gain":0,"cards_transformed":["Strike_B"],"player_choice":"Change","damage_taken":0,"max_hp_gain":0,"max_hp_loss":0,"event_name":"Living Wall","floor":2,"gold_loss":0,"cards_obtained":["Double Energy"]},{"cards_removed":["Defend_B"],"damage_healed":0,"gold_gain":0,"player_choice":"Card Removal","damage_taken":7,"max_hp_gain":0,"max_hp_loss":0,"event_name":"Golden Wing","floor":3,"gold_loss":0},{"damage_healed":0,"gold_gain":0,"player_choice":"Lose Max HP","damage_taken":0,"relics_obtained":["Golden Idol"],"max_hp_gain":0,"max_hp_loss":8,"event_name":"Golden Idol","floor":5,"gold_loss":0},{"damage_healed":0,"gold_gain":0,"player_choice":"Donut","damage_taken":0,"max_hp_gain":5,"max_hp_loss":0,"event_name":"Big Fish","floor":13,"gold_loss":0},{"damage_healed":0,"gold_gain":0,"player_choice":"Became a vampire","damage_taken":0,"max_hp_gain":0,"max_hp_loss":25,"event_name":"Vampires","floor":19,"gold_loss":0,"cards_obtained":["Bite","Bite","Bite","Bite","Bite"]},{"damage_healed":0,"gold_gain":0,"player_choice":"Simplicity","damage_taken":0,"max_hp_gain":0,"max_hp_loss":0,"event_name":"Back to Basics","floor":20,"gold_loss":0,"cards_upgraded":["Defend_B","Defend_B","Defend_B"]},{"damage_healed":0,"gold_gain":0,"player_choice":"Joined the Cult","damage_taken":6,"max_hp_gain":0,"max_hp_loss":0,"event_name":"Nest","floor":25,"gold_loss":0,"cards_obtained":["RitualDagger"]}],"is_beta":false,"boss_relics":[{"not_picked":["Tiny House","Ectoplasm"],"picked":"Runic Pyramid"}],"items_purged_floors":[29],"is_endless":false,"potions_floor_spawned":[1,14,16,18,22,24],"killed_by":"Champ","ascension_level":20}