{"gold_per_floor":[113,37,56,56,56,388,401,414,486,486,497,507,525,560,560,663,663,682,682,698,714,61,93,93,118,196,43,55,55,71,96,96,196,196,215,231,284,384,396,396,2,14,40,15,15,15,50,60,60,60,60,60,10,10],"floor_reached":54,"playtime":2868,"items_purged":[],"score":825,"play_id":"2a6cc035-89c4-476e-924c-3459a8a7855f","local_time":"20190714190228","is_ascension_mode":true,"campfire_choices":[{"floor":15,"key":"RECALL"},{"floor":24,"key":"REST"},{"data":"Apotheosis","floor":29,"key":"SMITH"},{"floor":32,"key":"REST"},{"floor":40,"key":"REST"},{"data":"Chill","floor":46,"key":"SMITH"},{"floor":49,"key":"REST"},{"data":"Seek","floor":52,"key":"SMITH"}],"neow_cost":"NONE","seed_source_timestamp":18545089309620,"circlet_count":0,"master_deck":["Strike_B+1","Strike_B","Strike_B","Strike_B","Defend_B","Defend_B","Defend_B","Defend_B","Zap","Dualcast","Gash+1","FTL","Steam","Gash","Chill+1","Conserve Battery","Self Repair","Conserve Battery","Steam","Gash","Coolheaded","Melter","Gash+1","Sweeping Beam+1","Scrape+1","Hologram","Core Surge+1","Gash+1","Cold Snap+1","Ball Lightning+1","Apotheosis+1","Blizzard+1","Steam","Ball Lightning+1","Chaos","Coolheaded","Seek+1","Beam Cell+1","Scrape+1","Chill+1","Chill+1","Auto Shields+1","Blizzard+1","Scrape+1","Chaos+1","Sweeping Beam+1","Ball Lightning+1"],"relics":["Orrery","Old Coin","Molten Egg 2","Potion Belt","Nuclear Battery","Blood Vial","Centennial Puzzle","Whetstone","Cables","Orichalcum","Regal Pillow","White Beast Statue","Ginger","Torii","Bottled Lightning","Bag of Preparation","Sundial","Question Card"],"potions_floor_usage":[22,22,31,31,31,47,47,50,50,50,54],"damage_taken":[{"damage":0,"enemies":"Small Slimes","floor":1,"turns":4},{"damage":2,"enemies":"Cultist","floor":3,"turns":4},{"damage":24,"enemies":"Lagavulin","floor":6,"turns":11},{"damage":0,"enemies":"2 Louse","floor":7,"turns":3},{"damage":0,"enemies":"Looter","floor":8,"turns":4},{"damage":0,"enemies":"Exordium Wildlife","floor":11,"turns":4},{"damage":6,"enemies":"Exordium Thugs","floor":12,"turns":5},{"damage":0,"enemies":"3 Louse","floor":13,"turns":4},{"damage":13,"enemies":"Gremlin Nob","floor":14,"turns":4},{"damage":5,"enemies":"Slime Boss","floor":16,"turns":9},{"damage":3,"enemies":"3 Byrds","floor":18,"turns":6},{"damage":0,"enemies":"Spheric Guardian","floor":20,"turns":1},{"damage":2,"enemies":"Cultist and Chosen","floor":21,"turns":6},{"damage":23,"enemies":"Book of Stabbing","floor":23,"turns":5},{"damage":16,"enemies":"Slavers","floor":25,"turns":4},{"damage":9,"enemies":"Centurion and Healer","floor":28,"turns":5},{"damage":4,"enemies":"Shelled Parasite and Fungi","floor":30,"turns":4},{"damage":46,"enemies":"Gremlin Leader","floor":31,"turns":7},{"damage":55,"enemies":"Champ","floor":33,"turns":9},{"damage":0,"enemies":"Orb Walker","floor":35,"turns":4},{"damage":0,"enemies":"3 Shapes","floor":36,"turns":4},{"damage":43,"enemies":"2 Orb Walkers","floor":37,"turns":6},{"damage":16,"enemies":"Mind Bloom Boss Battle","floor":38,"turns":5},{"damage":6,"enemies":"Spire Growth","floor":39,"turns":5},{"damage":19,"enemies":"Transient","floor":42,"turns":5},{"damage":23,"enemies":"Giant Head","floor":47,"turns":8},{"damage":3,"enemies":"Sphere and 2 Shapes","floor":48,"turns":3},{"damage":72,"enemies":"Awakened One","floor":50,"turns":10},{"damage":105,"enemies":"Shield and Spear","floor":54,"turns":6}],"seed_played":"-1191846003376860190","potions_obtained":[{"floor":8,"key":"Poison Potion"},{"floor":11,"key":"EssenceOfSteel"},{"floor":12,"key":"Swift Potion"},{"floor":14,"key":"EssenceOfSteel"},{"floor":20,"key":"Fire Potion"},{"floor":21,"key":"Fruit Juice"},{"floor":25,"key":"PowerPotion"},{"floor":35,"key":"GamblersBrew"},{"floor":36,"key":"SteroidPotion"},{"floor":37,"key":"SpeedPotion"},{"floor":38,"key":"AttackPotion"},{"floor":42,"key":"Energy Potion"},{"floor":47,"key":"SneckoOil"},{"floor":48,"key":"Poison Potion"}],"is_trial":false,"path_per_floor":["M","$","M","?","$","E","M","M","T","?","M","M","M","E","R","B",null,"M","?","M","M","$","E","R","E","T","$","M","R","M","E","R","B",null,"M","M","?","?","M","R","$","M","T","$","?","R","E","M","R","B",null,"R","$","E"],"character_chosen":"DEFECT","items_purchased":["Self Repair","Apotheosis","Blizzard+1","Blood Vial","Centennial Puzzle","Fruit Juice","Orichalcum","Bottled Lightning","Blizzard+1","Scrape+1","Sweeping Beam+1","AttackPotion"],"campfire_rested":4,"item_purchase_floors":[2,22,22,22,22,22,27,41,41,41,44,53],"current_hp_per_floor":[75,75,75,75,75,58,65,72,72,72,75,75,75,62,62,64,75,75,75,75,75,85,72,85,76,76,76,79,79,84,49,85,40,85,85,85,42,38,44,84,84,66,66,66,66,66,45,54,85,13,85,85,85,0],"gold":10,"neow_bonus":"BOSS_RELIC","is_prod":false,"is_daily":false,"chose_seed":false,"campfire_upgraded":3,"win_rate":0,"timestamp":1563127348,"path_taken":["M","$","M","?","?","E","M","M","T","?","M","?","M","E","R","BOSS","M","?","M","M","$","E","R","E","T","$","M","R","M","E","R","BOSS","M","M","?","?","?","R","$","M","T","?","?","R","E","?","R","BOSS","R","$","E"],"build_version":"2019-07-05","purchased_purges":0,"victory":false,"max_hp_per_floor":[75,75,75,75,75,75,75,75,75,75,75,75,75,75,75,75,75,75,75,75,75,85,85,85,85,85,85,85,85,85,85,85,85,85,85,85,85,85,85,85,85,85,85,85,85,85,85,85,85,85,85,85,85,85],"card_choices":[{"not_picked":["Turbo","Go for the Eyes"],"picked":"Gash","floor":0},{"not_picked":["Leap","Glacier"],"picked":"FTL","floor":0},{"not_picked":["Cold Snap","Lockon"],"picked":"Steam","floor":0},{"not_picked":["Capacitor","Hologram"],"picked":"Gash","floor":0},{"not_picked":["Capacitor","Streamline"],"picked":"Chill","floor":0},{"not_picked":["Undo","Reprogram"],"picked":"Conserve Battery","floor":1},{"not_picked":["Rebound","Leap"],"picked":"Conserve Battery","floor":3},{"not_picked":["Heatsinks","Electrodynamics"],"picked":"Gash","floor":6},{"not_picked":["Leap","Conserve Battery"],"picked":"Coolheaded","floor":7},{"not_picked":["Doom and Gloom","Aggregate"],"picked":"Melter","floor":8},{"not_picked":["Reprogram","Auto Shields"],"picked":"Gash+1","floor":11},{"not_picked":["Turbo","Redo"],"picked":"Sweeping Beam+1","floor":12},{"not_picked":["Compile Driver+1","Turbo"],"picked":"Scrape+1","floor":13},{"not_picked":["Barrage+1","Double Energy"],"picked":"Hologram","floor":14},{"not_picked":["Rainbow","Amplify"],"picked":"Core Surge+1","floor":16},{"not_picked":["Sweeping Beam+1","Storm"],"picked":"Gash+1","floor":18},{"not_picked":["Loop","BootSequence"],"picked":"Cold Snap+1","floor":20},{"not_picked":["Redo","Chill+1"],"picked":"Ball Lightning+1","floor":21},{"not_picked":["Conserve Battery","Buffer"],"picked":"Steam","floor":23},{"not_picked":["Lockon+1","Machine Learning","Sunder+1"],"picked":"SKIP","floor":25},{"not_picked":["Static Discharge+1","Sweeping Beam+1"],"picked":"Ball Lightning+1","floor":28},{"not_picked":["Genetic Algorithm","Undo"],"picked":"Chaos","floor":30},{"not_picked":["Barrage+1","Rebound+1"],"picked":"Coolheaded","floor":31},{"not_picked":["Electrodynamics","Reboot"],"picked":"Seek","floor":33},{"not_picked":["Compile Driver+1","Ball Lightning+1"],"picked":"Beam Cell+1","floor":35},{"not_picked":["Leap","Turbo"],"picked":"Scrape+1","floor":36},{"not_picked":["Ball Lightning+1","Tempest"],"picked":"Chill","floor":37},{"not_picked":["Cold Snap+1","BootSequence+1"],"picked":"Chill+1","floor":38},{"not_picked":["Doom and Gloom+1","Aggregate"],"picked":"Auto Shields+1","floor":39},{"not_picked":["Aggregate","Reinforced Body+1"],"picked":"Chaos+1","floor":42},{"not_picked":["Genetic Algorithm","Self Repair+1","Meteor Strike+1"],"picked":"SKIP","floor":47},{"not_picked":["Streamline+1","Beam Cell+1","Heatsinks"],"picked":"Ball Lightning+1","floor":48}],"player_experience":391520,"relics_obtained":[{"floor":6,"key":"Old Coin"},{"floor":9,"key":"Molten Egg 2"},{"floor":14,"key":"Potion Belt"},{"floor":23,"key":"Whetstone"},{"floor":25,"key":"Cables"},{"floor":31,"key":"Regal Pillow"},{"floor":37,"key":"Ginger"},{"floor":38,"key":"Torii"},{"floor":43,"key":"Bag of Preparation"},{"floor":47,"key":"Question Card"}],"event_choices":[{"damage_healed":0,"gold_gain":0,"player_choice":"1 cards matched","damage_taken":0,"max_hp_gain":0,"max_hp_loss":0,"event_name":"Match and Keep!","floor":4,"gold_loss":0,"cards_obtained":["Steam"]},{"damage_healed":0,"gold_gain":0,"player_choice":"Upgraded","damage_taken":0,"max_hp_gain":0,"max_hp_loss":0,"event_name":"Upgrade Shrine","floor":10,"gold_loss":0,"cards_upgraded":["Chill"]},{"damage_healed":0,"gold_gain":0,"player_choice":"Ignored","damage_taken":0,"max_hp_gain":0,"max_hp_loss":0,"event_name":"Ghosts","floor":19,"gold_loss":0},{"damage_healed":0,"gold_gain":0,"player_choice":"Fight","damage_taken":0,"max_hp_gain":0,"max_hp_loss":0,"event_name":"Mysterious Sphere","floor":37,"gold_loss":0},{"damage_healed":0,"gold_gain":0,"player_choice":"Fight","damage_taken":0,"max_hp_gain":0,"max_hp_loss":0,"event_name":"MindBloom","floor":38,"gold_loss":0},{"damage_healed":0,"gold_gain":0,"player_choice":"Gave Potion","damage_taken":0,"relics_obtained":["Sundial"],"max_hp_gain":0,"max_hp_loss":0,"event_name":"WeMeetAgain","floor":45,"gold_loss":0}],"is_beta":false,"boss_relics":[{"not_picked":["Lizard Tail","Cursed Key"],"picked":"Nuclear Battery"},{"not_picked":["Runic Pyramid","Snecko Eye"],"picked":"White Beast Statue"}],"items_purged_floors":[],"is_endless":false,"potions_floor_spawned":[8,11,12,13,14,20,21,25,35,36,37,38,39,42,47,48],"killed_by":"Shield and Spear","ascension_level":1}