{"gold_per_floor":[118,133,153,169,182,212,212,239,264,18,30,4,4,15,15,113,113,124,49,49,69,69,101,120,130,130,140,140,154,172,172,172,273,273,290,72,85,103,103,103,121,121,147,46,46,0,0,13,13,13],"floor_reached":51,"playtime":3180,"items_purged":["Defend_G"],"score":685,"play_id":"80845715-5bae-49d2-a276-a123dd4691e2","local_time":"20190714025814","is_ascension_mode":false,"campfire_choices":[{"data":"After Image","floor":7,"key":"SMITH"},{"floor":15,"key":"REST"},{"floor":28,"key":"REST"},{"data":"Footwork","floor":32,"key":"SMITH"},{"data":"Night Terror","floor":40,"key":"SMITH"},{"data":"Envenom","floor":42,"key":"SMITH"},{"data":"Panache","floor":45,"key":"SMITH"},{"data":"Footwork","floor":49,"key":"SMITH"}],"neow_cost":"NONE","seed_source_timestamp":588294880432066,"circlet_count":0,"master_deck":["Strike_G","Strike_G","Strike_G","Defend_G","Defend_G","Defend_G","Defend_G","Survivor","Neutralize","Dagger Throw","Infinite Blades","Quick Slash","Footwork+1","Dagger Spray","After Image+1","Backstab","Blade Dance","Cloak And Dagger","Dodge and Roll","Backflip","Footwork+1","Envenom+1","Accuracy","Blade Dance+1","Deadly Poison","Riddle With Holes","Riddle With Holes+1","Blade Dance+1","Crippling Poison","Quick Slash+1","Prepared+1","Deflect+1","Night Terror+1","Caltrops","Panache+1","Outmaneuver","PiercingWail+1","Blur+1","Accuracy","Deflect+1"],"relics":["Ring of the Snake","NeowsBlessing","Bird Faced Urn","Boot","Potion Belt","Vajra","Black Star","Strawberry","Art of War","Paper Crane","Eternal Feather","Bag of Preparation","Red Mask"],"potions_floor_usage":[4,6,16,23,30,30,33,50,50,50,50,50],"damage_taken":[{"damage":0,"enemies":"Cultist","floor":1,"turns":1},{"damage":0,"enemies":"Jaw Worm","floor":2,"turns":1},{"damage":0,"enemies":"2 Louse","floor":3,"turns":1},{"damage":0,"enemies":"Lots of Slimes","floor":4,"turns":2},{"damage":1,"enemies":"3 Louse","floor":5,"turns":4},{"damage":34,"enemies":"Lagavulin","floor":6,"turns":10},{"damage":23,"enemies":"Gremlin Nob","floor":8,"turns":5},{"damage":0,"enemies":"Blue Slaver","floor":11,"turns":3},{"damage":0,"enemies":"2 Fungi Beasts","floor":14,"turns":2},{"damage":2,"enemies":"Slime Boss","floor":16,"turns":14},{"damage":1,"enemies":"Shell Parasite","floor":18,"turns":8},{"damage":23,"enemies":"2 Thieves","floor":20,"turns":5},{"damage":19,"enemies":"Snake Plant","floor":21,"turns":6},{"damage":24,"enemies":"Book of Stabbing","floor":23,"turns":7},{"damage":33,"enemies":"Chosen and Byrds","floor":24,"turns":7},{"damage":6,"enemies":"Centurion and Healer","floor":25,"turns":9},{"damage":18,"enemies":"Shelled Parasite and Fungi","floor":27,"turns":6},{"damage":14,"enemies":"Snake Plant","floor":29,"turns":5},{"damage":6,"enemies":"Sentry and Sphere","floor":30,"turns":3},{"damage":68,"enemies":"Automaton","floor":33,"turns":14},{"damage":4,"enemies":"3 Shapes","floor":35,"turns":7},{"damage":2,"enemies":"Orb Walker","floor":37,"turns":4},{"damage":9,"enemies":"3 Darklings","floor":38,"turns":8},{"damage":24,"enemies":"Maw","floor":41,"turns":8},{"damage":17,"enemies":"Sphere and 2 Shapes","floor":48,"turns":5},{"damage":78,"enemies":"Donu and Deca","floor":50,"turns":16}],"seed_played":"-2350873256053616967","potions_obtained":[{"floor":1,"key":"SneckoOil"},{"floor":2,"key":"Explosive Potion"},{"floor":5,"key":"SpeedPotion"},{"floor":11,"key":"GhostInAJar"},{"floor":13,"key":"Swift Potion"},{"floor":13,"key":"Dexterity Potion"},{"floor":20,"key":"Ancient Potion"},{"floor":21,"key":"FairyPotion"},{"floor":24,"key":"GamblersBrew"},{"floor":29,"key":"Fire Potion"},{"floor":33,"key":"GamblersBrew"},{"floor":48,"key":"LiquidBronze"}],"is_trial":false,"path_per_floor":["M","M","M","M","M","E","R","E","T","$","M","$","?","M","R","B",null,"M","$","M","M","?","E","M","M","T","M","R","M","M","?","R","B",null,"M","$","M","M","?","R","M","R","T","$","R","?","$","M","R","B",null],"character_chosen":"THE_SILENT","items_purchased":["Blade Dance","Cloak And Dagger","Vajra","Backflip","Panache","Outmaneuver","FearPotion","Block Potion"],"campfire_rested":2,"item_purchase_floors":[10,10,10,12,36,36,44,44],"current_hp_per_floor":[70,70,70,70,69,35,35,14,14,14,16,16,16,18,39,45,70,70,70,49,42,42,33,12,18,18,8,31,25,23,48,48,7,77,77,77,76,73,73,73,59,73,73,73,73,73,73,60,73,15],"gold":13,"neow_bonus":"THREE_ENEMY_KILL","is_prod":false,"is_daily":false,"chose_seed":false,"campfire_upgraded":6,"win_rate":0.0,"timestamp":1563087494,"path_taken":["M","M","M","M","M","E","R","E","T","$","M","$","?","?","R","BOSS","M","$","M","M","?","E","M","M","T","M","R","M","M","?","R","BOSS","M","$","M","M","?","R","M","R","T","$","R","?","$","M","R","BOSS"],"build_version":"2019-07-05","purchased_purges":1,"victory":true,"max_hp_per_floor":[70,70,70,70,70,70,70,70,70,70,70,70,70,70,70,70,70,70,70,70,70,70,77,77,77,77,77,77,77,77,77,77,77,77,77,77,77,77,73,73,73,73,73,73,73,73,73,73,73,73],"card_choices":[{"not_picked":["Tactician","Poisoned Stab"],"picked":"Dagger Throw","floor":1},{"not_picked":["Tactician","Bane"],"picked":"Infinite Blades","floor":2},{"not_picked":["Sucker Punch","Slice"],"picked":"Quick Slash","floor":3},{"not_picked":["Slice","PiercingWail"],"picked":"Footwork","floor":4},{"not_picked":["Infinite Blades","Blade Dance"],"picked":"Dagger Spray","floor":5},{"not_picked":["Backstab","Envenom"],"picked":"After Image","floor":6},{"not_picked":["Acrobatics","Underhanded Strike"],"picked":"Backstab","floor":8},{"not_picked":["Deadly Poison","Quick Slash"],"picked":"Dodge and Roll","floor":11},{"not_picked":["Sucker Punch","Dodge and Roll"],"picked":"Footwork","floor":14},{"not_picked":["Malaise","Night Terror"],"picked":"Envenom","floor":16},{"not_picked":["Acrobatics","Skewer","Dagger Throw"],"picked":"SKIP","floor":18},{"not_picked":["Sucker Punch","Flechettes"],"picked":"Accuracy","floor":20},{"not_picked":["Dagger Throw","Deflect+1"],"picked":"Blade Dance+1","floor":21},{"not_picked":["Escape Plan","Choke"],"picked":"Riddle With Holes+1","floor":23},{"not_picked":["Finisher+1","PiercingWail"],"picked":"Blade Dance+1","floor":24},{"not_picked":["Well Laid Plans","Calculated Gamble"],"picked":"Crippling Poison","floor":25},{"not_picked":["Deadly Poison","Finisher"],"picked":"Quick Slash+1","floor":27},{"not_picked":["Backstab","Cloak And Dagger"],"picked":"Prepared+1","floor":29},{"not_picked":["Acrobatics","Tactician+1"],"picked":"Deflect+1","floor":30},{"not_picked":["Glass Knife","Storm of Steel"],"picked":"Night Terror","floor":33},{"not_picked":["Poisoned Stab+1","Prepared"],"picked":"Caltrops","floor":35},{"not_picked":["Dodge and Roll+1","Acrobatics+1"],"picked":"PiercingWail+1","floor":37},{"not_picked":["Acrobatics+1","Sucker Punch"],"picked":"Blur+1","floor":38},{"not_picked":["Outmaneuver","Prepared"],"picked":"Accuracy","floor":41},{"not_picked":["Dodge and Roll","Flying Knee"],"picked":"Deflect+1","floor":48}],"player_experience":69437,"relics_obtained":[{"floor":6,"key":"Bird Faced Urn"},{"floor":8,"key":"Boot"},{"floor":9,"key":"Potion Belt"},{"floor":23,"key":"Strawberry"},{"floor":23,"key":"Art of War"},{"floor":26,"key":"Paper Crane"},{"floor":43,"key":"Bag of Preparation"}],"event_choices":[{"damage_healed":0,"gold_gain":0,"player_choice":"Got Potions","damage_taken":0,"max_hp_gain":0,"max_hp_loss":0,"event_name":"Lab","floor":13,"gold_loss":0},{"damage_healed":0,"gold_gain":0,"cards_transformed":["Strike_G","Strike_G"],"player_choice":"Became Test Subject","damage_taken":0,"max_hp_gain":0,"max_hp_loss":0,"event_name":"Drug Dealer","floor":22,"gold_loss":0,"cards_obtained":["Deadly Poison","Riddle With Holes"]},{"damage_healed":25,"gold_gain":0,"player_choice":"Heal","damage_taken":0,"max_hp_gain":0,"max_hp_loss":0,"event_name":"The Library","floor":31,"gold_loss":0},{"damage_healed":0,"gold_gain":0,"player_choice":"Max HP","damage_taken":0,"max_hp_gain":0,"max_hp_loss":4,"event_name":"Winding Halls","floor":39,"gold_loss":0},{"damage_healed":0,"gold_gain":0,"player_choice":"Paid","damage_taken":0,"relics_obtained":["Red Mask"],"max_hp_gain":0,"max_hp_loss":0,"event_name":"Tomb of Lord Red Mask","floor":46,"gold_loss":46}],"is_beta":false,"boss_relics":[{"not_picked":["Sozu","Coffee Dripper"],"picked":"Black Star"},{"not_picked":["HoveringKite","Snecko Eye"],"picked":"Eternal Feather"}],"items_purged_floors":[19],"is_endless":false,"potions_floor_spawned":[1,2,5,11,20,21,24,29,33,48],"ascension_level":0}