{"gold_per_floor":[114,114,127,52,2,2,15,15,97,97,97,116,116,16,16,16],"floor_reached":16,"playtime":549,"items_purged":["Strike_G","Strike_G"],"score":92,"play_id":"e6b2ff54-152b-4c54-a086-23db4ad91770","local_time":"20190714231055","is_ascension_mode":true,"campfire_choices":[{"data":"Reflex","floor":6,"key":"SMITH"},{"floor":15,"key":"REST"}],"neow_cost":"NONE","seed_source_timestamp":35773275030642,"circlet_count":0,"master_deck":["Strike_G+1","Strike_G","Defend_G","Defend_G","Survivor","Neutralize+1","Reflex+1"],"relics":["Empty Cage","NlothsMask","Golden Idol"],"potions_floor_usage":[16],"damage_taken":[{"damage":0,"enemies":"2 Louse","floor":1,"turns":3},{"damage":1,"enemies":"Cultist","floor":3,"turns":5},{"damage":6,"enemies":"Jaw Worm","floor":7,"turns":5},{"damage":8,"enemies":"Large Slime","floor":12,"turns":6},{"damage":68,"enemies":"Slime Boss","floor":16,"turns":13}],"seed_played":"-4263745067604293016","potions_obtained":[{"floor":3,"key":"Swift Potion"},{"floor":7,"key":"SkillPotion"},{"floor":12,"key":"Strength Potion"}],"is_trial":false,"path_per_floor":["M","?","M","$","?","R","M","?","T","$","?","M","?","$","R","B"],"character_chosen":"THE_SILENT","items_purchased":[],"campfire_rested":1,"item_purchase_floors":[],"current_hp_per_floor":[70,70,69,69,69,69,63,63,63,63,49,41,41,41,60,0],"gold":16,"neow_bonus":"BOSS_RELIC","is_prod":false,"is_daily":false,"chose_seed":false,"campfire_upgraded":1,"win_rate":0,"timestamp":1563142255,"path_taken":["M","?","?","$","?","R","M","?","T","$","?","M","?","$","R","BOSS"],"build_version":"2019-07-05","purchased_purges":2,"victory":false,"max_hp_per_floor":[70,70,70,70,70,70,70,70,70,70,70,70,65,65,65,65],"card_choices":[{"not_picked":["Backflip","Poisoned Stab"],"picked":"Reflex","floor":1},{"not_picked":["Footwork","Noxious Fumes","Dagger Spray"],"picked":"SKIP","floor":3},{"not_picked":["Finisher","Infinite Blades","Cloak And Dagger"],"picked":"SKIP","floor":7},{"not_picked":["Catalyst","Poisoned Stab","Noxious Fumes"],"picked":"SKIP","floor":12}],"player_experience":394388,"relics_obtained":[],"event_choices":[{"damage_healed":0,"gold_gain":0,"player_choice":"Trade","damage_taken":0,"relics_obtained":["NlothsMask"],"max_hp_gain":0,"max_hp_loss":0,"event_name":"FaceTrader","floor":2,"gold_loss":0},{"cards_removed":["Defend_G"],"damage_healed":0,"gold_gain":0,"player_choice":"Card Removal","damage_taken":0,"max_hp_gain":0,"max_hp_loss":0,"event_name":"The Cleric","floor":5,"gold_loss":50},{"cards_removed":["Strike_G"],"damage_healed":0,"gold_gain":0,"player_choice":"Forget","damage_taken":0,"max_hp_gain":0,"max_hp_loss":0,"event_name":"Living Wall","floor":8,"gold_loss":0},{"damage_healed":0,"gold_gain":0,"player_choice":"Entered Light","damage_taken":14,"max_hp_gain":0,"max_hp_loss":0,"event_name":"Shining Light","floor":11,"gold_loss":0,"cards_upgraded":["Strike_G","Neutralize"]},{"damage_healed":0,"gold_gain":0,"player_choice":"Lose Max HP","damage_taken":0,"relics_obtained":["Golden Idol"],"max_hp_gain":0,"max_hp_loss":5,"event_name":"Golden Idol","floor":13,"gold_loss":0}],"is_beta":false,"boss_relics":[],"items_purged_floors":[4,14],"is_endless":false,"potions_floor_spawned":[3,7,12],"killed_by":"Slime Boss","ascension_level":1}