{"gold_per_floor":[118,68,87,102,113,144,10,10,61,88,88,108,108,118,118,219,219,231,231,248,28,28,357,357,357,357,369,403,403,432,432,432,527,527,545,545,12,30,30,30,280,280,280,3,18,35,63,83,83,83],"floor_reached":51,"playtime":3695,"items_purged":["Regret","Regret"],"score":745,"play_id":"5ff499f7-b3ff-4553-9ba4-b0a3d88d1009","local_time":"20180730150127","is_ascension_mode":false,"campfire_choices":[{"floor":11,"key":"REST"},{"data":"Skewer","floor":13,"key":"SMITH"},{"floor":15,"key":"REST"},{"floor":25,"key":"REST"},{"floor":32,"key":"REST"},{"floor":40,"key":"REST"},{"data":"Infinite Blades","floor":42,"key":"SMITH"},{"floor":49,"key":"REST"}],"neow_cost":"NONE","seed_source_timestamp":7912356166254,"circlet_count":0,"master_deck":["Defend_G","Defend_G","Defend_G","Defend_G","Strike_G","Strike_G","Strike_G+1","Strike_G","Strike_G","Survivor","Neutralize","Dagger Throw","Skewer+1","Quick Slash","Corpse Explosion","Outmaneuver","Dagger Throw","Endless Agony","Dodge and Roll","PiercingWail","Flying Knee","Sucker Punch","Tools of the Trade","Blur","Finisher","PiercingWail","Malaise","Dagger Throw","Bullet Time","Quick Slash+1","Well Laid Plans","Die Die Die+1","Blur+1","Madness","Madness","Tactician","Acrobatics","Jack Of All Trades","Infinite Blades+1","Poisoned Stab","PiercingWail","Cloak And Dagger+1","Underhanded Strike+1","Prepared+1"],"relics":["Ring of the Serpent","Meat on the Bone","Ancient Tea Set","Vajra","Paper Crane","Old Coin","Smiling Mask","Ninja Scroll","Bronze Scales","Sozu","TwistedFunnel","Whetstone","Mercury Hourglass","Gremlin Horn","Toolbox","Centennial Puzzle"],"potions_floor_usage":[6,16,16,20,24,33,33,33,33,33,33,50,50],"damage_taken":[{"damage":7,"enemies":"Jaw Worm","floor":1,"turns":4},{"damage":0,"enemies":"2 Louse","floor":3,"turns":2},{"damage":4,"enemies":"Cultist","floor":4,"turns":3},{"damage":0,"enemies":"Large Slime","floor":5,"turns":5},{"damage":33,"enemies":"Lagavulin","floor":6,"turns":8},{"damage":17,"enemies":"Gremlin Nob","floor":10,"turns":3},{"damage":0,"enemies":"3 Louse","floor":12,"turns":2},{"damage":0,"enemies":"Looter","floor":14,"turns":2},{"damage":43,"enemies":"The Guardian","floor":16,"turns":10},{"damage":22,"enemies":"Spheric Guardian","floor":18,"turns":4},{"damage":5,"enemies":"Chosen","floor":20,"turns":5},{"damage":37,"enemies":"Slavers","floor":23,"turns":4},{"damage":0,"enemies":"Centurion and Healer","floor":24,"turns":1},{"damage":10,"enemies":"Snake Plant","floor":27,"turns":5},{"damage":29,"enemies":"Gremlin Leader","floor":28,"turns":8},{"damage":32,"enemies":"Slavers","floor":30,"turns":2},{"damage":42,"enemies":"Champ","floor":33,"turns":14},{"damage":0,"enemies":"3 Darklings","floor":35,"turns":1},{"damage":19,"enemies":"Flame Bruiser 1 Orb","floor":38,"turns":6},{"damage":2,"enemies":"3 Darklings","floor":45,"turns":2},{"damage":10,"enemies":"4 Shapes","floor":46,"turns":2},{"damage":27,"enemies":"2 Orb Walkers","floor":47,"turns":4},{"damage":7,"enemies":"Sphere and 2 Shapes","floor":48,"turns":1},{"damage":13,"enemies":"Time Eater","floor":50,"turns":7}],"seed_played":"-7699615328839977835","potions_obtained":[{"floor":5,"key":"SpeedPotion"},{"floor":6,"key":"Ancient Potion"},{"floor":10,"key":"AttackPotion"},{"floor":12,"key":"FearPotion"},{"floor":14,"key":"Regen Potion"},{"floor":20,"key":"SmokeBomb"},{"floor":27,"key":"GamblersBrew"},{"floor":31,"key":"EntropicBrew"},{"floor":31,"key":"GhostInAJar"},{"floor":31,"key":"SmokeBomb"}],"is_trial":false,"path_per_floor":["M","?","M","M","M","E","$","?","T","E","R","M","R","M","R","B",null,"M","?","M","$","?","E","M","R","T","M","E","?","E","?","R","B",null,"M","?","$","M","T","R","?","R","T","$","M","M","E","M","R","B"],"character_chosen":"THE_SILENT","items_purchased":["Dagger Throw","Endless Agony","Dodge and Roll","Malaise","Tactician","Acrobatics","TwistedFunnel","Whetstone","Jack Of All Trades","Toolbox","Poisoned Stab"],"campfire_rested":6,"item_purchase_floors":[7,7,7,21,37,37,37,37,37,44,44],"current_hp_per_floor":[70,70,70,66,66,33,33,33,33,28,51,51,51,51,74,43,77,55,55,62,62,62,37,49,72,72,62,45,45,25,25,48,18,77,77,67,67,48,48,71,71,71,71,71,69,59,48,41,64,51],"gold":83,"neow_bonus":"TEN_PERCENT_HP_BONUS","is_prod":false,"is_daily":false,"chose_seed":false,"campfire_upgraded":2,"win_rate":0,"timestamp":1532959287,"path_taken":["M","?","M","M","M","E","$","?","T","E","R","M","R","M","R","BOSS","M","?","M","$","?","E","M","R","T","M","E","?","E","?","R","BOSS","M","?","$","?","?","R","?","R","T","$","M","M","E","M","R","BOSS"],"build_version":"2018-07-26","purchased_purges":2,"victory":true,"max_hp_per_floor":[77,77,77,77,77,77,77,77,77,77,77,77,77,77,77,77,77,77,77,77,77,77,77,77,77,77,77,77,77,77,77,77,77,77,77,77,77,77,77,77,77,77,77,77,77,77,77,77,77,77],"card_choices":[{"not_picked":["Underhanded Strike","Dash"],"picked":"Dagger Throw","floor":1},{"not_picked":["Bane","Accuracy"],"picked":"Skewer","floor":3},{"not_picked":["Accuracy","Tactician"],"picked":"Quick Slash","floor":4},{"not_picked":["Infinite Blades","Bane"],"picked":"Corpse Explosion","floor":5},{"not_picked":["PiercingWail","Acrobatics"],"picked":"Outmaneuver","floor":6},{"not_picked":["Endless Agony","Deflect"],"picked":"PiercingWail","floor":10},{"not_picked":["Reflex","Slice"],"picked":"Flying Knee","floor":12},{"not_picked":["Eviscerate","Slice"],"picked":"Sucker Punch","floor":14},{"not_picked":["Night Terror","Phantasmal Killer"],"picked":"Tools of the Trade","floor":16},{"not_picked":["Quick Slash","Dagger Spray"],"picked":"Blur","floor":18},{"not_picked":["Dodge and Roll","Deflect"],"picked":"PiercingWail","floor":20},{"not_picked":["Escape Plan","Deadly Poison+1"],"picked":"Dagger Throw","floor":23},{"not_picked":["Outmaneuver","Quick Slash"],"picked":"Bullet Time","floor":27},{"not_picked":["Tools of the Trade","Backflip"],"picked":"Quick Slash+1","floor":28},{"not_picked":["Tactician","Bane"],"picked":"Well Laid Plans","floor":30},{"not_picked":["Venomology","Malaise"],"picked":"Die Die Die","floor":33},{"not_picked":["Deadly Poison","Dagger Spray"],"picked":"Blur+1","floor":35},{"not_picked":["Choke","Skewer"],"picked":"Infinite Blades","floor":38},{"not_picked":["Masterful Stab","Flying Knee"],"picked":"PiercingWail","floor":45},{"not_picked":["Die Die Die","Catalyst+1"],"picked":"Cloak And Dagger+1","floor":46},{"not_picked":["Backstab+1","Dash"],"picked":"Underhanded Strike+1","floor":47},{"not_picked":["Acrobatics","Skewer"],"picked":"Prepared+1","floor":48}],"player_experience":80901,"relics_obtained":[{"floor":6,"key":"Meat on the Bone"},{"floor":9,"key":"Vajra"},{"floor":10,"key":"Paper Crane"},{"floor":23,"key":"Old Coin"},{"floor":26,"key":"Smiling Mask"},{"floor":28,"key":"Ninja Scroll"},{"floor":30,"key":"Bronze Scales"},{"floor":39,"key":"Mercury Hourglass"},{"floor":43,"key":"Gremlin Horn"},{"floor":47,"key":"Centennial Puzzle"}],"event_choices":[{"event_name":"The Cleric","player_choice":"Card Removal","floor":2,"damage_taken":0},{"event_name":"Big Fish","player_choice":"Box","floor":8,"damage_taken":0},{"event_name":"The Library","player_choice":"Read","floor":19,"damage_taken":0},{"event_name":"Beggar","player_choice":"Ignored","floor":22,"damage_taken":0},{"event_name":"Ghosts","player_choice":"Ignored","floor":29,"damage_taken":0},{"event_name":"The Lab","player_choice":"Got Potions","floor":31,"damage_taken":0},{"event_name":"Winding Halls","player_choice":"Embrace Madness","floor":36,"damage_taken":0},{"event_name":"Golden Shrine","player_choice":"Desecrate","floor":41,"damage_taken":0}],"is_beta":false,"boss_relics":[{"not_picked":["Lizard Tail","Calling Bell"],"picked":"Ring of the Serpent"},{"not_picked":["Coffee Dripper","Empty Cage"],"picked":"Sozu"}],"items_purged_floors":[21,44],"is_endless":false,"potions_floor_spawned":[5,6,10,12,14,20,24,27,38,48],"ascension_level":0}