{"gold_per_floor":[109,109,35,35,51,79,79,96,96,106,106,133,133,144,144,144],"floor_reached":16,"playtime":460,"items_purged":[],"score":110,"play_id":"5a676fc5-9f87-442e-b767-c28b7914c900","local_time":"20190602222418","is_ascension_mode":false,"campfire_choices":[{"floor":7,"key":"RECALL"},{"floor":13,"key":"REST"},{"floor":15,"key":"REST"}],"neow_cost":"NONE","seed_source_timestamp":31618069307012,"circlet_count":0,"master_deck":["Strike_R","Strike_R","Strike_R","Strike_R","Defend_R","Defend_R","Defend_R","Defend_R","Bash","Twin Strike","Flame Barrier","Wild Strike","Pommel Strike","Wild Strike","Flex","Regret","Seeing Red","Anger"],"relics":["Burning Blood","Juzu Bracelet","CultistMask","Gremlin Horn","Peace Pipe","Shuriken"],"potions_floor_usage":[6,12],"damage_taken":[{"damage":6,"enemies":"Jaw Worm","floor":1,"turns":4},{"damage":0,"enemies":"Cultist","floor":5,"turns":3},{"damage":27,"enemies":"3 Sentries","floor":6,"turns":11},{"damage":0,"enemies":"Small Slimes","floor":8,"turns":3},{"damage":13,"enemies":"Red Slaver","floor":10,"turns":3},{"damage":65,"enemies":"Gremlin Nob","floor":12,"turns":6},{"damage":10,"enemies":"Looter","floor":14,"turns":3},{"damage":59,"enemies":"Hexaghost","floor":16,"turns":8}],"seed_played":"-6514897386781879079","potions_obtained":[{"floor":5,"key":"Regen Potion"},{"floor":8,"key":"PowerPotion"},{"floor":10,"key":"Dexterity Potion"}],"is_trial":false,"path_per_floor":["M","?","$","?","M","E","R","M","T","M","?","E","R","M","R","B"],"character_chosen":"IRONCLAD","items_purchased":["Flame Barrier"],"campfire_rested":2,"item_purchase_floors":[3],"current_hp_per_floor":[80,80,80,80,80,74,74,80,80,73,73,14,38,34,58,0],"gold":144,"neow_bonus":"RANDOM_COMMON_RELIC","is_prod":false,"is_daily":false,"chose_seed":false,"campfire_upgraded":0,"win_rate":0,"timestamp":1559510658,"path_taken":["M","?","?","?","M","E","R","M","T","M","?","E","R","M","R","BOSS"],"build_version":"2019-01-23","purchased_purges":0,"victory":false,"max_hp_per_floor":[80,80,80,80,80,80,80,80,80,80,80,80,80,80,80,80],"card_choices":[{"not_picked":["Armaments","True Grit"],"picked":"Twin Strike","floor":1},{"not_picked":["Reckless Charge","Heavy Blade"],"picked":"Wild Strike","floor":5},{"not_picked":["Blood for Blood","Heavy Blade"],"picked":"Pommel Strike","floor":6},{"not_picked":["Limit Break","Dual Wield"],"picked":"Wild Strike","floor":8},{"not_picked":["Sword Boomerang","Heavy Blade"],"picked":"Flex","floor":10},{"not_picked":["Armaments","Body Slam"],"picked":"Seeing Red","floor":12},{"not_picked":["Clothesline","Armaments"],"picked":"Anger","floor":14}],"player_experience":292842,"relics_obtained":[{"floor":6,"key":"Gremlin Horn"},{"floor":12,"key":"Shuriken"}],"event_choices":[{"cards_removed":["Strike_R"],"damage_healed":0,"gold_gain":0,"player_choice":"Offered Basic","damage_taken":0,"max_hp_gain":0,"max_hp_loss":0,"event_name":"Bonfire Elementals","floor":2,"gold_loss":0},{"damage_healed":0,"gold_gain":0,"player_choice":"Trade","damage_taken":0,"relics_obtained":["CultistMask"],"max_hp_gain":0,"max_hp_loss":0,"event_name":"FaceTrader","floor":4,"gold_loss":0},{"damage_healed":0,"gold_gain":0,"player_choice":"Box","damage_taken":0,"relics_obtained":["Peace Pipe"],"max_hp_gain":0,"max_hp_loss":0,"event_name":"Big Fish","floor":11,"gold_loss":0,"cards_obtained":["Regret"]}],"is_beta":false,"boss_relics":[],"items_purged_floors":[],"is_endless":false,"potions_floor_spawned":[5,8,10],"killed_by":"Hexaghost","ascension_level":0}