{"gold_per_floor":[115,128,78,78,78,78,98,109,109,124,124,158,171,182,182,286,286,300,319,338,338,28,28,56,71,140,140],"floor_reached":27,"playtime":2394,"items_purged":["Normality"],"score":312,"play_id":"2437f021-d506-45e2-9a58-f60f1046d48d","local_time":"20180705155252","is_ascension_mode":false,"campfire_choices":[{"data":"Cold Snap","floor":6,"key":"SMITH"},{"floor":15,"key":"REST"},{"floor":23,"key":"REST"}],"neow_cost":"","seed_source_timestamp":2093237555889,"circlet_count":0,"master_deck":["Strike_B","Strike_B","Strike_B","Strike_B+1","Defend_B","Defend_B","Defend_B","Zap","Dualcast","Cold Snap+1","Defragment+1","Reprogram","Reinforced Body","Genetic Algorithm","Scrape","Streamline","FTL","Machine Learning","Doubt","Parasite","Barrage+1","Sweeping Beam+1","Redo+1","Cold Snap+1","Rainbow","Capacitor","Redo","Ball Lightning+1"],"relics":["Cracked Core","Mercury Hourglass","Orichalcum","Strawberry","Calling Bell","Ancient Tea Set","Shuriken","Mango","Whetstone","Toxic Egg 2"],"potions_floor_usage":[25,25,25],"damage_taken":[{"damage":1,"enemies":"Cultist","floor":1,"turns":3},{"damage":0,"enemies":"2 Louse","floor":2,"turns":1},{"damage":2,"enemies":"Jaw Worm","floor":7,"turns":2},{"damage":0,"enemies":"Large Slime","floor":8,"turns":3},{"damage":5,"enemies":"Looter","floor":10,"turns":3},{"damage":17,"enemies":"Gremlin Nob","floor":12,"turns":4},{"damage":0,"enemies":"2 Fungi Beasts","floor":13,"turns":3},{"damage":2,"enemies":"Gremlin Gang","floor":14,"turns":3},{"damage":0,"enemies":"Slime Boss","floor":16,"turns":8},{"damage":21,"enemies":"3 Byrds","floor":18,"turns":5},{"damage":12,"enemies":"2 Thieves","floor":19,"turns":4},{"damage":23,"enemies":"Centurion and Healer","floor":20,"turns":8},{"damage":60,"enemies":"Book of Stabbing","floor":24,"turns":6},{"damage":5,"enemies":"Snecko","floor":25,"turns":5},{"damage":17,"enemies":"Slaver and Parasite","floor":27,"turns":1}],"seed_played":"-4901384000602629274","potions_obtained":[{"floor":1,"key":"LiquidBronze"},{"floor":8,"key":"Regen Potion"},{"floor":10,"key":"Poison Potion"},{"floor":12,"key":"SteroidPotion"},{"floor":16,"key":"SkillPotion"},{"floor":20,"key":"FocusPotion"}],"is_trial":false,"path_per_floor":["M","M","?","T","?","R","M","M","T","M","?","E","M","M","R","B",null,"M","M","M","?","$","R","E","M","T"],"character_chosen":"DEFECT","items_purchased":["Cold Snap","Rainbow","Capacitor"],"campfire_rested":2,"item_purchase_floors":[22,22,22],"current_hp_per_floor":[74,74,74,74,74,74,72,72,72,67,67,57,57,55,79,79,96,75,63,40,40,40,68,8,15,15,0],"gold":140,"neow_bonus":"","is_prod":false,"is_daily":false,"chose_seed":false,"campfire_upgraded":1,"win_rate":0.0,"timestamp":1530802372,"path_taken":["M","M","?","?","?","R","?","M","T","M","?","E","?","M","R","BOSS","M","?","M","?","?","R","E","?","T","M"],"build_version":"2018-06-28","purchased_purges":1,"victory":false,"max_hp_per_floor":[75,75,75,75,75,75,75,75,75,75,75,82,82,82,82,82,96,96,96,96,96,96,96,96,96,96,96],"card_choices":[{"not_picked":["Hello World","Stack"],"picked":"Cold Snap","floor":1},{"not_picked":["BootSequence","Hologram"],"picked":"Defragment","floor":2},{"not_picked":["Beam Cell","Go for the Eyes"],"picked":"Reprogram","floor":7},{"not_picked":["Compile Driver","Lockon"],"picked":"Reinforced Body","floor":8},{"not_picked":["Self Repair","Double Energy"],"picked":"Genetic Algorithm","floor":10},{"not_picked":["Gash","Reprogram"],"picked":"Scrape","floor":12},{"not_picked":["Lockon","Gash"],"picked":"Streamline","floor":13},{"not_picked":["Compile Driver","Sweeping Beam"],"picked":"FTL","floor":14},{"not_picked":["Seek","Fission"],"picked":"Machine Learning","floor":16},{"not_picked":["Genetic Algorithm+1","Cold Snap"],"picked":"Barrage+1","floor":18},{"not_picked":["Blizzard","Stack"],"picked":"Sweeping Beam+1","floor":19},{"not_picked":["Gash","Self Repair+1"],"picked":"Redo+1","floor":20},{"not_picked":["Rip and Tear","Reinforced Body"],"picked":"Redo","floor":24},{"not_picked":["Conserve Battery","Defragment+1"],"picked":"Ball Lightning+1","floor":25}],"player_experience":9392,"relics_obtained":[{"floor":4,"key":"Mercury Hourglass"},{"floor":9,"key":"Orichalcum"},{"floor":12,"key":"Strawberry"},{"floor":17,"key":"Ancient Tea Set"},{"floor":17,"key":"Shuriken"},{"floor":17,"key":"Mango"},{"floor":24,"key":"Whetstone"},{"floor":26,"key":"Toxic Egg 2"}],"event_choices":[{"event_name":"The Cleric","player_choice":"Card Removal","floor":3,"damage_taken":0},{"event_name":"Living Wall","player_choice":"Grow","floor":5,"damage_taken":0},{"event_name":"Liars Game","player_choice":"disagreed","floor":11,"damage_taken":0},{"event_name":"Ghosts","player_choice":"Ignored","floor":21,"damage_taken":0}],"boss_relics":[{"not_picked":["Eternal Feather","Tiny House"],"picked":"Calling Bell"}],"items_purged_floors":[22],"is_endless":false,"potions_floor_spawned":[1,8,10,12,16,18,19,20],"killed_by":"Slaver and Parasite","ascension_level":0}