{"gold_per_floor":[117,130,147,194,194,223,237,257,257,257,58,58,128,143,143,247,247,262,281,281,313,326,326,337,337,337,351,351,361,361,91,91,187,187,199,217,217,58,111,333,346,346,346,346,400,400,419,429,429,429],"floor_reached":51,"playtime":7602,"items_purged":["Writhe"],"score":649,"play_id":"01e6a3d3-5a47-4687-957b-7935e3862146","local_time":"20180730192756","is_ascension_mode":false,"campfire_choices":[{"floor":10,"key":"REST"},{"data":"Pummel","floor":12,"key":"SMITH"},{"data":"Flame Barrier","floor":15,"key":"SMITH"},{"data":"Flame Barrier","floor":23,"key":"SMITH"},{"data":"Infernal Blade","floor":25,"key":"SMITH"},{"data":"Pommel Strike","floor":32,"key":"SMITH"},{"floor":46,"key":"REST"},{"floor":49,"key":"REST"}],"neow_cost":"NONE","seed_source_timestamp":20003468244814,"circlet_count":0,"master_deck":["Strike_R","Strike_R","Strike_R","Strike_R","Strike_R","Defend_R","Defend_R","Defend_R+1","Defend_R","Bash","Pommel Strike","Spot Weakness+1","Infernal Blade+1","Pommel Strike+1","Pummel+1","Shrug It Off","Flame Barrier+1","Berserk+1","Clash+1","Ghostly Armor","Flame Barrier+1","Inflame+1","Cleave","Disarm+1","Limit Break","Armaments+1","Sword Boomerang+1","Sword Boomerang","Rage+1","Hemokinesis","Injury","Twin Strike","Writhe","Parasite","Dual Wield+1","Spot Weakness","Cleave+1"],"relics":["Burning Blood","Boot","Juzu Bracelet","Blood Vial","Ancient Tea Set","Orichalcum","Frozen Egg 2","Mark of Pain","Bag of Preparation","Red Mask","Pantograph","Centennial Puzzle","Cursed Key","Magic Flower","Tiny Chest","War Paint","The Courier","Bird Faced Urn"],"potions_floor_usage":[7,7,29,29,33,33,36,50,50,50],"damage_taken":[{"damage":3,"enemies":"Cultist","floor":1,"turns":5},{"damage":1,"enemies":"Jaw Worm","floor":2,"turns":3},{"damage":0,"enemies":"Small Slimes","floor":3,"turns":3},{"damage":36,"enemies":"Lagavulin","floor":6,"turns":8},{"damage":12,"enemies":"Blue Slaver","floor":7,"turns":2},{"damage":6,"enemies":"Red Slaver","floor":8,"turns":3},{"damage":2,"enemies":"Looter","floor":14,"turns":2},{"damage":58,"enemies":"The Guardian","floor":16,"turns":9},{"damage":16,"enemies":"2 Thieves","floor":18,"turns":4},{"damage":0,"enemies":"3 Byrds","floor":19,"turns":1},{"damage":17,"floor":21,"turns":4},{"damage":10,"enemies":"Slaver and Parasite","floor":22,"turns":6},{"damage":4,"enemies":"Snake Plant","floor":24,"turns":3},{"damage":0,"enemies":"Cultist and Chosen","floor":27,"turns":4},{"damage":8,"enemies":"Centurion and Healer","floor":29,"turns":5},{"damage":54,"enemies":"Champ","floor":33,"turns":9},{"damage":0,"enemies":"Orb Walker","floor":35,"turns":3},{"damage":13,"enemies":"3 Shapes","floor":36,"turns":7},{"damage":12,"floor":37,"turns":6},{"damage":43,"enemies":"Sphere and 2 Shapes","floor":41,"turns":7},{"damage":17,"floor":45,"turns":3},{"damage":13,"enemies":"Spire Growth","floor":47,"turns":5},{"damage":67,"enemies":"4 Shapes","floor":48,"turns":16},{"damage":68,"enemies":"Time Eater","floor":50,"turns":11}],"seed_played":"9158127481634191928","potions_obtained":[{"floor":1,"key":"FearPotion"},{"floor":3,"key":"SteroidPotion"},{"floor":6,"key":"Dexterity Potion"},{"floor":19,"key":"GamblersBrew"},{"floor":24,"key":"SkillPotion"},{"floor":29,"key":"SteroidPotion"},{"floor":35,"key":"SpeedPotion"},{"floor":37,"key":"SkillPotion"},{"floor":48,"key":"Weak Potion"}],"is_trial":false,"path_per_floor":["M","M","M","T","?","E","M","M","T","R","$","R","T","M","R","B",null,"M","M","?","?","M","R","M","R","T","M","?","M","?","$","R","B",null,"M","M","?","$","T","?","M","?","T","T","?","R","M","M","R","B"],"character_chosen":"IRONCLAD","items_purchased":["Orichalcum","Shrug It Off","AttackPotion","Centennial Puzzle","Rage","Hemokinesis"],"campfire_rested":3,"item_purchase_floors":[11,11,31,31,38,38],"current_hp_per_floor":[80,80,80,80,80,50,46,48,48,72,72,72,72,78,78,28,80,70,78,78,69,67,67,71,71,71,79,64,64,64,64,64,37,85,85,78,79,79,79,79,48,48,48,48,43,68,73,24,49,29],"gold":429,"neow_bonus":"RANDOM_COMMON_RELIC","is_prod":false,"is_daily":false,"chose_seed":false,"campfire_upgraded":5,"win_rate":0.0,"timestamp":1532975276,"path_taken":["M","M","M","?","?","E","M","M","T","R","$","R","?","M","R","BOSS","M","M","?","?","M","R","M","R","T","M","?","M","?","$","R","BOSS","M","M","?","$","?","?","M","?","T","?","?","R","M","M","R","BOSS"],"build_version":"2018-07-26","purchased_purges":1,"victory":true,"max_hp_per_floor":[80,80,80,80,80,80,80,80,80,80,80,80,80,80,80,80,80,80,80,80,80,80,80,80,80,80,80,85,85,85,85,85,85,85,85,85,85,85,85,85,85,85,85,85,85,85,85,85,85,85],"card_choices":[{"not_picked":["Evolve","Feel No Pain"],"picked":"Pommel Strike","floor":1},{"not_picked":["Body Slam","Evolve","Flex"],"picked":"SKIP","floor":2},{"not_picked":["Headbutt","Armaments"],"picked":"Spot Weakness","floor":3},{"not_picked":["Inflame","Armaments"],"picked":"Infernal Blade","floor":6},{"not_picked":["Battle Trance","Headbutt"],"picked":"Pommel Strike","floor":7},{"not_picked":["Infernal Blade","Headbutt"],"picked":"Pummel","floor":8},{"not_picked":["Bloodletting","Perfected Strike"],"picked":"Flame Barrier","floor":14},{"not_picked":["Bludgeon","Dark Embrace+1"],"picked":"Berserk+1","floor":16},{"not_picked":["Headbutt","Body Slam"],"picked":"Clash+1","floor":18},{"not_picked":["Sever Soul","Iron Wave"],"picked":"Ghostly Armor","floor":19},{"not_picked":["True Grit","Armaments"],"picked":"Flame Barrier","floor":21},{"not_picked":["Anger","Warcry","Flex"],"picked":"SKIP","floor":22},{"not_picked":["Impervious","Shrug It Off+1"],"picked":"Inflame+1","floor":24},{"not_picked":["Body Slam","Carnage"],"picked":"Cleave","floor":27},{"not_picked":["Carnage","True Grit"],"picked":"Disarm+1","floor":29},{"not_picked":["Juggernaut+1","Demon Form+1"],"picked":"Limit Break","floor":33},{"not_picked":["Cleave+1","Wild Strike+1"],"picked":"Armaments+1","floor":35},{"not_picked":["Wild Strike+1","Spot Weakness"],"picked":"Sword Boomerang+1","floor":36},{"not_picked":["Carnage","Clothesline+1"],"picked":"Sword Boomerang","floor":37},{"not_picked":["Blood for Blood","Pommel Strike+1"],"picked":"Twin Strike","floor":41},{"not_picked":["Clothesline","Havoc"],"picked":"Dual Wield+1","floor":45},{"not_picked":["Pommel Strike+1","Iron Wave+1"],"picked":"Spot Weakness","floor":47},{"not_picked":["True Grit+1","Rupture+1"],"picked":"Cleave+1","floor":48}],"player_experience":84596,"relics_obtained":[{"floor":4,"key":"Juzu Bracelet"},{"floor":6,"key":"Blood Vial"},{"floor":9,"key":"Ancient Tea Set"},{"floor":13,"key":"Frozen Egg 2"},{"floor":21,"key":"Red Mask"},{"floor":26,"key":"Pantograph"},{"floor":37,"key":"Magic Flower"},{"floor":39,"key":"Tiny Chest"},{"floor":43,"key":"War Paint"},{"floor":44,"key":"The Courier"},{"floor":45,"key":"Bird Faced Urn"}],"event_choices":[{"event_name":"Accursed Blacksmith","player_choice":"Forge","floor":5,"damage_taken":0},{"event_name":"The Mausoleum","player_choice":"Yes","floor":20,"damage_taken":0},{"event_name":"Masked Bandits","player_choice":"Fought over 281 gold","floor":21,"damage_taken":0},{"event_name":"Forgotten Altar","player_choice":"Shed Blood","floor":28,"damage_taken":0},{"event_name":"Ghosts","player_choice":"Ignored","floor":30,"damage_taken":0},{"event_name":"MindBloom","player_choice":"Fight","floor":37,"damage_taken":0},{"event_name":"Tomb of Lord Red Mask","player_choice":"Wore Mask","floor":40,"damage_taken":0},{"event_name":"Match and Keep!","player_choice":"0 cards matched","floor":42,"damage_taken":0},{"event_name":"Mysterious Sphere","player_choice":"Fight","floor":45,"damage_taken":0}],"is_beta":false,"boss_relics":[{"not_picked":["Runic Pyramid","Coffee Dripper"],"picked":"Mark of Pain"},{"not_picked":["Runic Dome","Snecko Eye"],"picked":"Cursed Key"}],"items_purged_floors":[31],"is_endless":false,"potions_floor_spawned":[1,3,6,19,24,29,35,37,48],"ascension_level":0}