{"gold_per_floor":[112,112,112,122,137,169,169,179,179,179,189,42,42,54,54,152,152,165,165,165,181,194,226,226,90,136,136,136,136,146,146,146,241,241,259,274,325,16,30,30,62,62,62,62,82,82,115,215,215,215,215,215,43,74,74],"floor_reached":55,"playtime":3222,"items_purged":["Defend_R"],"score":923,"play_id":"7a1e9a31-6e71-4ece-a877-8844311db75f","local_time":"20190714140035","is_ascension_mode":true,"campfire_choices":[{"floor":7,"key":"RECALL"},{"data":"Battle Trance","floor":10,"key":"SMITH"},{"data":"Inflame","floor":15,"key":"SMITH"},{"floor":24,"key":"REST"},{"floor":27,"key":"REST"},{"data":"Intimidate","floor":29,"key":"SMITH"},{"data":"Spot Weakness","floor":32,"key":"SMITH"},{"floor":40,"key":"REST"},{"floor":42,"key":"REST"},{"floor":44,"key":"REST"},{"floor":49,"key":"REST"},{"floor":52,"key":"REST"}],"neow_cost":"NONE","seed_source_timestamp":7855509415220,"circlet_count":0,"master_deck":["Strike_R","Strike_R","Strike_R","Strike_R","Strike_R+1","Defend_R+1","Bash","Twin Strike","True Grit","Headbutt+1","Thunderclap","Battle Trance+1","Sword Boomerang+1","Uppercut+1","Wild Strike+1","Inflame+1","Reaper+1","Whirlwind+1","Perfected Strike+1","Dropkick+1","Thunderclap+1","Inflame+1","Mind Blast+1","Intimidate+1","Spot Weakness+1","Double Tap","Flex+1","Perfected Strike+1","Flex+1","Pommel Strike+1","Second Wind+1","Pain","Heavy Blade+1","Pommel Strike+1","Writhe","Anger+1","Perfected Strike+1"],"relics":["Burning Blood","Molten Egg 2","Velvet Choker","Kunai","Smiling Mask","Bottled Lightning","Cursed Key","Prayer Wheel","Ornamental Fan","Orichalcum","Happy Flower","Singing Bowl","Bird Faced Urn","Vajra","Boot"],"potions_floor_usage":[12,16,36,37,41,41,55,55],"damage_taken":[{"damage":5,"enemies":"Small Slimes","floor":1,"turns":4},{"damage":0,"enemies":"2 Louse","floor":4,"turns":2},{"damage":7,"enemies":"Jaw Worm","floor":5,"turns":3},{"damage":32,"enemies":"Lagavulin","floor":6,"turns":5},{"damage":0,"enemies":"Large Slime","floor":8,"turns":4},{"damage":11,"enemies":"Exordium Thugs","floor":11,"turns":5},{"damage":1,"enemies":"2 Fungi Beasts","floor":14,"turns":3},{"damage":30,"enemies":"Hexaghost","floor":16,"turns":5},{"damage":7,"enemies":"Chosen","floor":18,"turns":3},{"damage":20,"enemies":"Spheric Guardian","floor":21,"turns":4},{"damage":26,"enemies":"Centurion and Healer","floor":22,"turns":3},{"damage":44,"enemies":"Book of Stabbing","floor":23,"turns":4},{"damage":0,"enemies":"Snecko","floor":30,"turns":3},{"damage":40,"enemies":"Automaton","floor":33,"turns":6},{"damage":0,"enemies":"3 Shapes","floor":35,"turns":2},{"damage":25,"enemies":"3 Darklings","floor":36,"turns":2},{"damage":36,"enemies":"2 Orb Walkers","floor":37,"turns":3},{"damage":26,"enemies":"4 Shapes","floor":39,"turns":2},{"damage":50,"enemies":"Nemesis","floor":41,"turns":5},{"damage":51,"enemies":"Writhing Mass","floor":45,"turns":3},{"damage":0,"enemies":"Reptomancer","floor":47,"turns":2},{"damage":35,"enemies":"Mind Bloom Boss Battle","floor":48,"turns":5},{"damage":61,"enemies":"Donu and Deca","floor":50,"turns":5},{"damage":71,"enemies":"Shield and Spear","floor":54,"turns":4},{"damage":75,"enemies":"The Heart","floor":55,"turns":2}],"seed_played":"6553782788111940578","potions_obtained":[{"floor":5,"key":"BloodPotion"},{"floor":6,"key":"LiquidBronze"},{"floor":14,"key":"Ancient Potion"},{"floor":21,"key":"LiquidBronze"},{"floor":30,"key":"EssenceOfSteel"},{"floor":39,"key":"SkillPotion"},{"floor":41,"key":"BloodPotion"},{"floor":47,"key":"Strength Potion"}],"is_trial":false,"path_per_floor":["M","?","?","M","M","E","R","M","T","R","M","$","?","M","R","B",null,"M","?","?","M","M","E","R","$","T","R","?","R","M","T","R","B",null,"M","M","?","$","M","R","E","R","T","R","M","?","E","?","R","B",null,"R","$","E","B"],"character_chosen":"IRONCLAD","items_purchased":["Wild Strike+1","Fruit Juice","Mind Blast+1","Intimidate","Ornamental Fan","Vajra","Anger+1"],"campfire_rested":7,"item_purchase_floors":[12,12,25,25,38,53,53],"current_hp_per_floor":[80,80,64,70,69,43,43,49,49,49,44,49,49,54,54,30,71,78,78,78,64,54,21,46,46,46,71,55,55,61,61,61,27,74,80,61,50,50,30,57,35,62,62,89,44,67,75,58,86,35,79,94,94,37,0],"gold":74,"neow_bonus":"REMOVE_CARD","is_prod":false,"is_daily":false,"chose_seed":false,"campfire_upgraded":4,"win_rate":0,"timestamp":1563105635,"path_taken":["M","?","?","M","?","E","R","M","T","R","M","$","?","M","R","BOSS","M","?","?","M","?","E","R","$","T","R","?","R","M","?","R","BOSS","M","M","?","$","M","R","E","R","T","R","M","?","E","?","R","BOSS","R","$","E","BOSS"],"build_version":"2019-07-05","purchased_purges":1,"victory":false,"max_hp_per_floor":[80,80,80,80,80,80,80,80,80,80,80,85,85,85,85,85,85,85,85,85,85,85,85,85,85,85,85,90,90,90,90,90,90,90,90,90,90,90,90,90,90,90,90,90,90,90,92,94,94,94,94,94,94,94,94],"card_choices":[{"not_picked":["Armaments","Warcry"],"picked":"Twin Strike","floor":1},{"not_picked":["Flex","True Grit"],"picked":"Headbutt","floor":4},{"not_picked":["Sword Boomerang","Dark Embrace"],"picked":"Thunderclap","floor":5},{"not_picked":["Perfected Strike","Dropkick"],"picked":"Battle Trance","floor":6},{"not_picked":["Shrug It Off","Dual Wield"],"picked":"Sword Boomerang+1","floor":8},{"not_picked":["Rupture","Body Slam+1"],"picked":"Uppercut+1","floor":11},{"not_picked":["Twin Strike+1","Metallicize"],"picked":"Inflame","floor":14},{"not_picked":["Exhume","Impervious"],"picked":"Reaper+1","floor":16},{"not_picked":["Carnage+1","Intimidate"],"picked":"Whirlwind+1","floor":18},{"not_picked":["Iron Wave+1","Seeing Red"],"picked":"Dropkick+1","floor":21},{"not_picked":["Wild Strike+1","Headbutt+1"],"picked":"Thunderclap+1","floor":22},{"not_picked":["Feel No Pain+1","Power Through"],"picked":"Inflame+1","floor":23},{"not_picked":["Twin Strike+1","Armaments"],"picked":"Spot Weakness","floor":30},{"not_picked":["Juggernaut","Immolate+1"],"picked":"Double Tap","floor":33},{"not_picked":["Rampage+1","Cleave+1"],"picked":"Flex+1","floor":35},{"not_picked":["Thunderclap+1","Sword Boomerang+1"],"picked":"Perfected Strike+1","floor":36},{"not_picked":["Sever Soul+1","Infernal Blade"],"picked":"Flex+1","floor":37},{"not_picked":["Cleave+1","Power Through"],"picked":"Pommel Strike+1","floor":39},{"not_picked":["Corruption","Seeing Red"],"picked":"Second Wind+1","floor":39},{"not_picked":["True Grit+1","Ghostly Armor","Armaments+1"],"picked":"SKIP","floor":41},{"not_picked":["Combust+1","Twin Strike+1"],"picked":"Heavy Blade+1","floor":45},{"not_picked":["Flex+1","Second Wind"],"picked":"Pommel Strike+1","floor":45},{"not_picked":["Shrug It Off+1","Thunderclap+1","Wild Strike+1"],"picked":"Singing Bowl","floor":47},{"not_picked":["Searing Blow+1","Iron Wave+1","Shrug It Off"],"picked":"Singing Bowl","floor":48},{"not_picked":["True Grit+1","Impervious"],"picked":"Perfected Strike+1","floor":54}],"player_experience":93739,"relics_obtained":[{"floor":6,"key":"Molten Egg 2"},{"floor":23,"key":"Kunai"},{"floor":26,"key":"Smiling Mask"},{"floor":31,"key":"Bottled Lightning"},{"floor":37,"key":"Prayer Wheel"},{"floor":41,"key":"Orichalcum"},{"floor":43,"key":"Happy Flower"},{"floor":47,"key":"Singing Bowl"},{"floor":48,"key":"Bird Faced Urn"},{"floor":54,"key":"Boot"}],"event_choices":[{"damage_healed":0,"gold_gain":0,"cards_transformed":["Defend_R"],"player_choice":"Change","damage_taken":0,"max_hp_gain":0,"max_hp_loss":0,"event_name":"Living Wall","floor":2,"gold_loss":0,"cards_obtained":["True Grit"]},{"damage_healed":0,"gold_gain":0,"player_choice":"Entered Light","damage_taken":16,"max_hp_gain":0,"max_hp_loss":0,"event_name":"Shining Light","floor":3,"gold_loss":0,"cards_upgraded":["Strike_R","Defend_R"]},{"damage_healed":0,"gold_gain":0,"player_choice":"Forge","damage_taken":0,"max_hp_gain":0,"max_hp_loss":0,"event_name":"Accursed Blacksmith","floor":13,"gold_loss":0,"cards_upgraded":["Headbutt"]},{"damage_healed":0,"gold_gain":0,"player_choice":"Read","damage_taken":0,"max_hp_gain":0,"max_hp_loss":0,"event_name":"The Library","floor":19,"gold_loss":0,"cards_obtained":["Perfected Strike"]},{"damage_healed":0,"gold_gain":0,"player_choice":"Ignored","damage_taken":0,"max_hp_gain":0,"max_hp_loss":0,"event_name":"N\u0027loth","floor":20,"gold_loss":0},{"damage_healed":0,"gold_gain":0,"player_choice":"Shed Blood","damage_taken":21,"max_hp_gain":5,"max_hp_loss":0,"event_name":"Forgotten Altar","floor":28,"gold_loss":0},{"damage_healed":0,"gold_gain":0,"player_choice":"Fight","damage_taken":0,"max_hp_gain":0,"max_hp_loss":0,"event_name":"Mysterious Sphere","floor":37,"gold_loss":0},{"damage_healed":23,"gold_gain":0,"player_choice":"Writhe","damage_taken":0,"max_hp_gain":0,"max_hp_loss":0,"event_name":"Winding Halls","floor":46,"gold_loss":0,"cards_obtained":["Writhe"]},{"damage_healed":0,"gold_gain":0,"player_choice":"Fight","damage_taken":0,"max_hp_gain":0,"max_hp_loss":0,"event_name":"MindBloom","floor":48,"gold_loss":0}],"is_beta":false,"boss_relics":[{"not_picked":["Orrery","Busted Crown"],"picked":"Velvet Choker"},{"not_picked":["Runic Dome","Runic Pyramid"],"picked":"Cursed Key"}],"items_purged_floors":[38],"is_endless":false,"potions_floor_spawned":[5,6,14,21,22,30,39,41,47],"killed_by":"The Heart","ascension_level":5}