{"gold_per_floor":[109,109,119,119,136,136,154,172,222,254,254,270,281,281,281,380,380,399,399,399,412,428,428,440,440,440,452,464,496,496,496,496,592,592,606,606,606,621,259,288,288,305,329,346,346,346,45,62,62,62],"floor_reached":51,"playtime":4930,"items_purged":[],"score":1001,"play_id":"2129706b-2aa1-4268-9bc5-2e3cda87cbe0","local_time":"20180711132012","is_ascension_mode":false,"campfire_choices":[{"floor":6.0,"key":"REST"},{"floor":11.0,"key":"REST"},{"floor":15.0,"key":"REST"},{"data":"Darkness","floor":23.0,"key":"SMITH"},{"data":"Loop","floor":25.0,"key":"SMITH"},{"data":"Machine Learning","floor":30,"key":"SMITH"},{"data":"Dualcast","floor":32,"key":"SMITH"},{"floor":41,"key":"REST"},{"data":"Apotheosis","floor":45,"key":"SMITH"},{"data":"Jack Of All Trades","floor":49,"key":"SMITH"}],"neow_cost":"NONE","seed_source_timestamp":0,"circlet_count":0,"master_deck":["Strike_B","Strike_B","Defend_B","Zap","Dualcast+1","Redo","Gash","Genetic Algorithm","Coolheaded","Loop+1","Conserve Battery","Self Repair","Cold Snap","Machine Learning+1","Sweeping Beam+1","Ghostly","Ghostly","Ghostly","Ghostly","Ghostly","RitualDagger","Darkness+1","Compile Driver+1","Beam Cell+1","BootSequence","Rip and Tear","Hello World+1","Reinforced Body","Electrodynamics","Sweeping Beam+1","Fusion+1","Thunder Strike+1","Scrape+1","Bandage Up","Apotheosis+1","Jack Of All Trades","Capacitor+1","Tempest","Steam+1","Aggregate+1","Leap+1","Genetic Algorithm","Jack Of All Trades+1","Cold Snap"],"special_seed":17722,"relics":["Cracked Core","Pantograph","Bag of Marbles","Happy Flower","Mercury Hourglass","Velvet Choker","Pen Nib","Question Card","Astrolabe","Ice Cream","Orichalcum","TheAbacus","Ancient Tea Set","Lantern","TwistedFunnel"],"potions_floor_usage":[40,50],"damage_taken":[{"damage":6.0,"enemies":"Cultist","floor":1.0,"turns":3.0},{"damage":8.0,"enemies":"Small Slimes","floor":3.0,"turns":2.0},{"damage":6.0,"enemies":"Jaw Worm","floor":5.0,"turns":3.0},{"damage":14.0,"enemies":"Looter","floor":7.0,"turns":3.0},{"damage":11.0,"enemies":"3 Louse","floor":8.0,"turns":3.0},{"damage":30.0,"enemies":"3 Sentries","floor":10.0,"turns":7.0},{"damage":12.0,"enemies":"2 Fungi Beasts","floor":12.0,"turns":4.0},{"damage":3.0,"enemies":"Blue Slaver","floor":13.0,"turns":4.0},{"damage":21.0,"enemies":"The Guardian","floor":16.0,"turns":11.0},{"damage":13.0,"enemies":"Chosen","floor":18.0,"turns":5.0},{"damage":0.0,"enemies":"2 Thieves","floor":21.0,"turns":4.0},{"damage":0.0,"enemies":"Snake Plant","floor":22.0,"turns":5.0},{"damage":13.0,"enemies":"Centurion and Healer","floor":24.0,"turns":8.0},{"damage":0.0,"enemies":"3 Cultists","floor":27.0,"turns":5.0},{"damage":7.0,"enemies":"Snake Plant","floor":28.0,"turns":2.0},{"damage":5,"enemies":"Gremlin Leader","floor":29,"turns":7},{"damage":24,"enemies":"Champ","floor":33,"turns":9},{"damage":1,"enemies":"Orb Walker","floor":35,"turns":3},{"damage":0,"floor":37,"turns":3},{"damage":14,"enemies":"3 Darklings","floor":38,"turns":5},{"damage":15,"enemies":"2 Orb Walkers","floor":40,"turns":4},{"damage":3,"enemies":"Sphere and 2 Shapes","floor":42,"turns":4},{"damage":9,"enemies":"Maw","floor":44,"turns":7},{"damage":6,"enemies":"4 Shapes","floor":48,"turns":5},{"damage":0,"enemies":"Donu and Deca","floor":50,"turns":9}],"seed_played":"-163716102511872118","potions_obtained":[{"floor":35,"key":"Energy Potion"},{"floor":40,"key":"PowerPotion"},{"floor":42,"key":"Dexterity Potion"},{"floor":48,"key":"Block Potion"}],"is_trial":false,"path_per_floor":["M","?","M","?","M","R","M","M","T","E","R","M","M","?","R","B",null,"M","?","?","M","M","R","M","R","T","M","M","E","R","?","R","B",null,"M","?","?","M","$","E","R","M","T","M","R","?","$","M","R","B"],"character_chosen":"DEFECT","items_purchased":["Orichalcum","TheAbacus","TwistedFunnel","Jack Of All Trades"],"campfire_rested":4,"item_purchase_floors":[39,39,47,47],"current_hp_per_floor":[69,62,54,47,41,63,49,38,38,8,30,18,22,22,44,55,75,69,37,31,37,37,37,31,31,31,37,30,32,32,32,32,13,37,37,27,37,23,23,12,23,30,30,35,35,35,35,33,33,37],"gold":62,"neow_bonus":"THREE_SMALL_POTIONS","is_prod":false,"is_daily":false,"chose_seed":false,"campfire_upgraded":6,"win_rate":0.0,"timestamp":1531311612,"path_taken":["M","?","M","?","M","R","M","M","T","E","R","M","M","?","R","BOSS","M","?","?","M","M","R","?","R","T","M","M","E","R","?","R","BOSS","M","?","?","M","?","E","R","?","T","M","R","?","$","M","R","BOSS"],"build_version":"2018-07-05","purchased_purges":0,"victory":true,"max_hp_per_floor":[75,75,75,75,75,75,75,75,75,75,75,75,75,75,75,75,75,75,37,37,37,37,37,37,37,37,37,37,37,37,37,37,37,37,37,37,37,37,37,37,37,37,37,37,37,37,37,37,37,37],"card_choices":[{"not_picked":["Compile Driver","Force Field"],"picked":"Redo","floor":1.0},{"not_picked":["Rebound","Reprogram"],"picked":"Gash","floor":3.0},{"not_picked":["Cold Snap","Gash"],"picked":"Genetic Algorithm","floor":5.0},{"not_picked":["Barrage","Hologram"],"picked":"Coolheaded","floor":7.0},{"not_picked":["Fission","Leap"],"picked":"Loop","floor":8.0},{"not_picked":["Rebound","Barrage"],"picked":"Conserve Battery","floor":10.0},{"not_picked":["Redo","Coolheaded"],"picked":"Self Repair","floor":12.0},{"not_picked":["Compile Driver","Static Discharge"],"picked":"Cold Snap","floor":13.0},{"not_picked":["Amplify","Multi-Cast"],"picked":"Machine Learning","floor":16.0},{"not_picked":["Redo","Chill"],"picked":"Sweeping Beam+1","floor":18.0},{"not_picked":["Consume","Conserve Battery"],"picked":"Darkness","floor":21.0},{"not_picked":["Fusion","Force Field"],"picked":"Compile Driver+1","floor":22.0},{"not_picked":["Steam","Gash"],"picked":"Beam Cell+1","floor":24.0},{"not_picked":["Leap","Streamline"],"picked":"BootSequence","floor":27.0},{"not_picked":["Multi-Cast","Steam Power"],"picked":"Rip and Tear","floor":28.0},{"not_picked":["Compile Driver+1","Go for the Eyes"],"picked":"Hello World+1","floor":29},{"not_picked":["Biased Cognition","Creative AI","Fission"],"picked":"Electrodynamics","floor":33},{"not_picked":["Steam","Heatsinks+1","Go for the Eyes"],"picked":"Scrape+1","floor":35},{"not_picked":["Deep Breath","Secret Weapon","Purity"],"picked":"Bandage Up","floor":36},{"not_picked":["Magnetism","Good Instincts","Flash of Steel"],"picked":"Apotheosis","floor":36},{"not_picked":["Good Instincts","Panacea","Dark Shackles"],"picked":"Jack Of All Trades","floor":36},{"not_picked":["Coolheaded+1","Beam Cell+1","Hologram"],"picked":"Capacitor+1","floor":37},{"not_picked":["Go for the Eyes","Leap","Steam"],"picked":"Tempest","floor":38},{"not_picked":["Multi-Cast","Capacitor","Fusion"],"picked":"Steam+1","floor":40},{"not_picked":["Self Repair","Hello World+1","Steam+1"],"picked":"Aggregate+1","floor":42},{"not_picked":["Sweeping Beam","Compile Driver+1","Go for the Eyes"],"picked":"Leap+1","floor":44},{"not_picked":["Double Energy","Undo+1","Leap+1"],"picked":"Cold Snap","floor":48}],"player_experience":31073,"relics_obtained":[{"floor":9.0,"key":"Bag of Marbles"},{"floor":10.0,"key":"Happy Flower"},{"floor":26.0,"key":"Pen Nib"},{"floor":29,"key":"Question Card"},{"floor":37,"key":"Ice Cream"},{"floor":40,"key":"Ancient Tea Set"},{"floor":43,"key":"Lantern"}],"event_choices":[{"event_name":"Golden Wing","player_choice":"Card Removal","floor":2.0,"damage_taken":0.0},{"event_name":"Scrap Ooze","player_choice":"success","floor":4.0,"damage_taken":7.0},{"event_name":"Accursed Blacksmith","player_choice":"Rummage","floor":14.0,"damage_taken":0.0},{"event_name":"Ghosts","player_choice":"Became a Ghost","floor":19.0,"damage_taken":0.0},{"event_name":"Nest","player_choice":"Joined the Cult","floor":20.0,"damage_taken":0.0},{"event_name":"Transmorgrifier","player_choice":"Transform","floor":31,"damage_taken":0},{"event_name":"SensoryStone","player_choice":"Memory 3","floor":36,"damage_taken":0},{"event_name":"MindBloom","player_choice":"Fight","floor":37,"damage_taken":0},{"event_name":"Duplicator","player_choice":"One dupe","floor":46,"damage_taken":0}],"boss_relics":[{"not_picked":["Runic Dome","Cursed Key"],"picked":"Velvet Choker"},{"not_picked":["Nuclear Battery","Inserter"],"picked":"Astrolabe"}],"items_purged_floors":[],"is_endless":false,"potions_floor_spawned":[3,7,12,13,22,24,35,40,42,48],"ascension_level":0}