{"gold_per_floor":[111,111,135,155,155,155,178,178,178,178,191,214,214,57,57,153,153,142,157,175,23,23,23,23,23,49,70,70,70,84,108,108,108],"floor_reached":33,"playtime":1632,"items_purged":["Strike_B","Strike_B"],"score":394,"play_id":"2fd4d0c1-a767-465c-afb4-82a7bf6430d0","local_time":"20190713171126","is_ascension_mode":true,"campfire_choices":[{"data":"Genetic Algorithm","floor":6,"key":"SMITH"},{"data":"Zap","floor":10,"key":"SMITH"},{"data":"Dualcast","floor":15,"key":"SMITH"},{"data":"Defragment","floor":23,"key":"SMITH"},{"data":"Fission","floor":28,"key":"SMITH"},{"data":"Go for the Eyes","floor":32,"key":"SMITH"}],"neow_cost":"NONE","seed_source_timestamp":949210558160362,"circlet_count":0,"master_deck":["AscendersBane","Strike_B","Defend_B","Defend_B","Defend_B","Defend_B","Zap+1","Dualcast+1","Sweeping Beam","Genetic Algorithm+1","Conserve Battery","Self Repair","All For One","Conserve Battery","Doom and Gloom","Fission+1","Glacier","Compile Driver","Go for the Eyes+1","Defragment+1","Double Energy","Leap"],"relics":["Cracked Core","Golden Idol","Singing Bowl","FossilizedHelix","Art of War"],"potions_floor_usage":[4,11,12,16,19,30,31,33],"damage_taken":[{"damage":8,"enemies":"Small Slimes","floor":1,"turns":4},{"damage":5,"enemies":"Cultist","floor":3,"turns":4},{"damage":6,"enemies":"2 Louse","floor":4,"turns":2},{"damage":3,"enemies":"Blue Slaver","floor":7,"turns":4},{"damage":14,"enemies":"3 Louse","floor":11,"turns":3},{"damage":7,"enemies":"Lots of Slimes","floor":12,"turns":3},{"damage":22,"enemies":"Slime Boss","floor":16,"turns":9},{"damage":23,"enemies":"2 Thieves","floor":18,"turns":5},{"damage":9,"enemies":"Shell Parasite","floor":19,"turns":6},{"damage":11,"enemies":"Snake Plant","floor":20,"turns":7},{"damage":31,"enemies":"Cultist and Chosen","floor":27,"turns":6},{"damage":0,"enemies":"Snecko","floor":30,"turns":6},{"damage":0,"enemies":"3 Cultists","floor":31,"turns":4},{"damage":40,"enemies":"Automaton","floor":33,"turns":8}],"seed_played":"-1950076207740752574","potions_obtained":[{"floor":1,"key":"SteroidPotion"},{"floor":7,"key":"FocusPotion"},{"floor":11,"key":"Fire Potion"},{"floor":12,"key":"SpeedPotion"},{"floor":18,"key":"PowerPotion"},{"floor":27,"key":"AttackPotion"},{"floor":30,"key":"AttackPotion"},{"floor":31,"key":"Swift Potion"}],"is_trial":false,"path_per_floor":["M","?","M","M","?","R","M","?","T","R","M","M","?","$","R","B",null,"M","M","M","$","?","R","$","?","T","M","R","?","M","M","R","B"],"character_chosen":"DEFECT","items_purchased":["Doom and Gloom","Go for the Eyes"],"campfire_rested":0,"item_purchase_floors":[14,21],"current_hp_per_floor":[60,60,55,49,49,49,46,46,46,46,39,39,62,62,62,47,64,48,46,42,42,42,42,42,42,42,20,20,20,27,36,36,0],"gold":108,"neow_bonus":"REMOVE_CARD","is_prod":false,"is_daily":false,"chose_seed":false,"campfire_upgraded":6,"win_rate":0,"timestamp":1563063086,"path_taken":["M","?","M","M","?","R","?","?","T","R","M","M","?","$","R","BOSS","M","M","M","$","?","R","$","?","T","?","R","?","M","?","R","BOSS"],"build_version":"2019-07-05","purchased_purges":2,"victory":false,"max_hp_per_floor":[75,69,69,69,69,69,69,69,69,69,69,69,69,69,69,69,69,69,69,69,69,69,69,69,69,69,71,71,71,71,73,73,73],"card_choices":[{"not_picked":["Hologram","Steam"],"picked":"Sweeping Beam","floor":1},{"not_picked":["Turbo","Redo"],"picked":"Genetic Algorithm","floor":3},{"not_picked":["Hello World","Heatsinks"],"picked":"Conserve Battery","floor":4},{"not_picked":["BootSequence","Barrage"],"picked":"Self Repair","floor":7},{"not_picked":["Skim","Gash"],"picked":"All For One","floor":11},{"not_picked":["Turbo","Sweeping Beam"],"picked":"Conserve Battery","floor":12},{"not_picked":["Reboot","Seek"],"picked":"Fission","floor":16},{"not_picked":["Chaos","Hologram"],"picked":"Glacier","floor":18},{"not_picked":["Gash","Steam"],"picked":"Leap","floor":19},{"not_picked":["Blizzard","Redo"],"picked":"Compile Driver","floor":20},{"not_picked":["Machine Learning","Rebound","Gash"],"picked":"Singing Bowl","floor":27},{"not_picked":["Beam Cell","Reinforced Body"],"picked":"Leap","floor":30},{"not_picked":["Streamline","Rebound","Reprogram"],"picked":"Singing Bowl","floor":31}],"player_experience":514441,"relics_obtained":[{"floor":9,"key":"Singing Bowl"},{"floor":26,"key":"Art of War"}],"event_choices":[{"damage_healed":0,"gold_gain":0,"player_choice":"Lose Max HP","damage_taken":0,"relics_obtained":["Golden Idol"],"max_hp_gain":0,"max_hp_loss":6,"event_name":"Golden Idol","floor":2,"gold_loss":0},{"damage_healed":0,"gold_gain":0,"player_choice":"Bought 0 Potions","damage_taken":0,"max_hp_gain":0,"max_hp_loss":0,"event_name":"The Woman in Blue","floor":5,"gold_loss":0},{"damage_healed":0,"gold_gain":0,"player_choice":"Ignored","damage_taken":0,"max_hp_gain":0,"max_hp_loss":0,"event_name":"Shining Light","floor":8,"gold_loss":0},{"damage_healed":23,"gold_gain":0,"player_choice":"Banana","damage_taken":0,"max_hp_gain":0,"max_hp_loss":0,"event_name":"Big Fish","floor":13,"gold_loss":0},{"damage_healed":0,"gold_gain":0,"player_choice":"Read","damage_taken":0,"max_hp_gain":0,"max_hp_loss":0,"event_name":"The Library","floor":22,"gold_loss":0,"cards_obtained":["Defragment"]},{"cards_removed":["Leap"],"damage_healed":0,"gold_gain":0,"player_choice":"Gave Card","damage_taken":0,"relics_obtained":["FossilizedHelix"],"max_hp_gain":0,"max_hp_loss":0,"event_name":"WeMeetAgain","floor":25,"gold_loss":0},{"damage_healed":0,"gold_gain":0,"player_choice":"1 cards matched","damage_taken":0,"max_hp_gain":0,"max_hp_loss":0,"event_name":"Match and Keep!","floor":29,"gold_loss":0,"cards_obtained":["Double Energy"]},{"damage_healed":0,"gold_gain":0,"player_choice":"1 cards matched","damage_taken":0,"max_hp_gain":0,"max_hp_loss":0,"event_name":"Match and Keep!","floor":29,"gold_loss":0,"cards_obtained":["Double Energy"]}],"is_beta":false,"boss_relics":[{"not_picked":["Runic Dome","Velvet Choker","Busted Crown"]}],"items_purged_floors":[14,21],"is_endless":false,"potions_floor_spawned":[1,7,11,12,18,27,30,31],"killed_by":"Automaton","ascension_level":13}