{"gold_per_floor":[119,130,130,150,167,167,183,183,265,265,278,31,106,12,12,136,136,136,136,136,136,136,136,136,136,136,51,51,51,51,51,51,51],"floor_reached":33,"playtime":2359,"items_purged":[],"score":354,"play_id":"f3ac70d3-bea2-4a70-aad5-cf938cc170bc","local_time":"20190513170316","is_ascension_mode":false,"campfire_choices":[{"data":"FTL","floor":6,"key":"SMITH"},{"data":"Go for the Eyes","floor":10,"key":"SMITH"},{"floor":15,"key":"REST"},{"data":"Seek","floor":24,"key":"SMITH"},{"floor":32,"key":"REST"}],"neow_cost":"NONE","seed_source_timestamp":6379901678654,"circlet_count":0,"master_deck":["Defend_B","Defend_B","Defend_B","Zap+1","Dualcast","FTL+1","Hologram","Conserve Battery","Turbo","Go for the Eyes+1","Rip and Tear","Master of Strategy","Chill","Coolheaded","Sunder","Seek+1","Coolheaded+1","Sweeping Beam+1","Bite","Bite","Bite","Bite","Bite","Cold Snap","Buffer","Tempest"],"relics":["Cracked Core","Golden Idol","Singing Bowl","Ectoplasm","WingedGreaves","PreservedInsect","Sundial","Bird Faced Urn"],"potions_floor_usage":[7,16,33,33,33],"damage_taken":[{"damage":0,"enemies":"Small Slimes","floor":1,"turns":3},{"damage":1,"enemies":"2 Louse","floor":2,"turns":2},{"damage":3,"enemies":"Jaw Worm","floor":4,"turns":2},{"damage":0,"enemies":"3 Louse","floor":5,"turns":3},{"damage":0,"enemies":"Blue Slaver","floor":7,"turns":5},{"damage":4,"enemies":"Red Slaver","floor":11,"turns":3},{"damage":0,"enemies":"Slime Boss","floor":16,"turns":7},{"damage":0,"enemies":"Shell Parasite","floor":18,"turns":6},{"damage":1,"enemies":"Chosen","floor":19,"turns":4},{"damage":14,"enemies":"Snecko","floor":22,"turns":6},{"damage":13,"enemies":"Slavers","floor":23,"turns":5},{"damage":2,"enemies":"Gremlin Leader","floor":25,"turns":7},{"damage":4,"enemies":"Centurion and Healer","floor":28,"turns":7},{"damage":0,"enemies":"Sentry and Sphere","floor":30,"turns":3},{"damage":26,"enemies":"Snake Plant","floor":31,"turns":5},{"damage":94,"enemies":"Automaton","floor":33,"turns":12}],"seed_played":"1729562022355046518","potions_obtained":[{"floor":1,"key":"LiquidBronze"},{"floor":4,"key":"SmokeBomb"},{"floor":5,"key":"Regen Potion"},{"floor":11,"key":"SkillPotion"},{"floor":19,"key":"GamblersBrew"},{"floor":30,"key":"AttackPotion"}],"is_trial":false,"path_per_floor":["M","M","?","M","M","R","M","?","T","R","M","$","?","$","R","B",null,"M","M","?","?","M","E","R","E","T","?","M","?","M","M","R","B"],"character_chosen":"DEFECT","items_purchased":["Master of Strategy","Chill","Coolheaded","Sunder"],"campfire_rested":2,"item_purchase_floors":[12,12,14,14],"current_hp_per_floor":[75,74,67,64,64,64,73,55,55,55,51,51,40,40,62,62,75,75,74,52,52,44,47,47,56,56,56,56,56,56,40,57,0],"gold":51,"neow_bonus":"UPGRADE_CARD","is_prod":false,"is_daily":false,"chose_seed":false,"campfire_upgraded":3,"win_rate":0,"timestamp":1557763396,"path_taken":["M","M","?","M","M","R","M","?","T","R","M","?","?","$","R","BOSS","M","M","?","?","?","E","R","E","T","?","M","?","?","M","R","BOSS"],"build_version":"2019-01-23","purchased_purges":0,"victory":false,"max_hp_per_floor":[75,75,75,75,75,75,75,75,75,75,75,75,75,75,75,75,75,75,75,52,52,52,54,54,56,56,56,56,56,56,58,58,58],"card_choices":[{"not_picked":["White Noise","Steam"],"picked":"FTL","floor":1},{"not_picked":["Auto Shields","Compile Driver"],"picked":"Hologram","floor":2},{"not_picked":["Sweeping Beam","Doom and Gloom"],"picked":"Conserve Battery","floor":4},{"not_picked":["Darkness","Consume"],"picked":"Turbo","floor":5},{"not_picked":["Lockon","Glacier"],"picked":"Go for the Eyes","floor":7},{"not_picked":["Conserve Battery","Rebound"],"picked":"Rip and Tear","floor":11},{"not_picked":["Thunder Strike","Fission"],"picked":"Seek","floor":16},{"not_picked":["Barrage","Compile Driver"],"picked":"Coolheaded+1","floor":18},{"not_picked":["Stack","Barrage"],"picked":"Sweeping Beam+1","floor":19},{"not_picked":["Glacier","Static Discharge"],"picked":"Cold Snap","floor":22},{"not_picked":["Sweeping Beam","Ball Lightning","Steam"],"picked":"Singing Bowl","floor":23},{"not_picked":["Coolheaded","BootSequence","Undo"],"picked":"Singing Bowl","floor":25},{"not_picked":["Steam Power+1","Go for the Eyes"],"picked":"Buffer","floor":28},{"not_picked":["Darkness","Streamline"],"picked":"Tempest","floor":30},{"not_picked":["Compile Driver","Streamline","Lockon"],"picked":"Singing Bowl","floor":31}],"player_experience":211876,"relics_obtained":[{"floor":9,"key":"Singing Bowl"},{"floor":23,"key":"WingedGreaves"},{"floor":25,"key":"PreservedInsect"},{"floor":26,"key":"Sundial"}],"event_choices":[{"cards_removed":["Strike_B"],"damage_healed":0,"gold_gain":0,"player_choice":"Card Removal","damage_taken":7,"max_hp_gain":0,"max_hp_loss":0,"event_name":"Golden Wing","floor":3,"gold_loss":0},{"damage_healed":0,"gold_gain":0,"player_choice":"Take Damage","damage_taken":18,"relics_obtained":["Golden Idol"],"max_hp_gain":0,"max_hp_loss":0,"event_name":"Golden Idol","floor":8,"gold_loss":0},{"damage_healed":0,"gold_gain":75,"player_choice":"Gather Gold","damage_taken":11,"max_hp_gain":0,"max_hp_loss":0,"event_name":"World of Goop","floor":13,"gold_loss":0},{"damage_healed":0,"gold_gain":0,"player_choice":"Became a vampire","damage_taken":0,"max_hp_gain":0,"max_hp_loss":23,"event_name":"Vampires","floor":20,"gold_loss":0,"cards_obtained":["Bite","Bite","Bite","Bite","Bite"]},{"cards_removed":["Defend_B"],"damage_healed":0,"gold_gain":0,"player_choice":"Purged","damage_taken":0,"max_hp_gain":0,"max_hp_loss":0,"event_name":"Purifier","floor":21,"gold_loss":0},{"damage_healed":0,"gold_gain":0,"player_choice":"Obtained Relic","damage_taken":0,"relics_obtained":["Bird Faced Urn"],"max_hp_gain":0,"max_hp_loss":0,"event_name":"Addict","floor":27,"gold_loss":85},{"damage_healed":0,"gold_gain":0,"player_choice":"Ignored","damage_taken":0,"max_hp_gain":0,"max_hp_loss":0,"event_name":"Beggar","floor":29,"gold_loss":0}],"is_beta":false,"boss_relics":[{"not_picked":["White Beast Statue","Tiny House"],"picked":"Ectoplasm"}],"items_purged_floors":[],"is_endless":false,"potions_floor_spawned":[1,4,5,11,19,28,30,31],"killed_by":"Automaton","ascension_level":0}