{"gold_per_floor":[112,112,131,141,154,154,181,181,181,181,193,218,19,19,19,19],"floor_reached":16,"playtime":751,"items_purged":["Strike_B"],"score":182,"play_id":"30b4c75f-8e4f-4d1f-b277-fa16b579c51e","local_time":"20190713164359","is_ascension_mode":true,"campfire_choices":[{"data":"Zap","floor":6.0,"key":"SMITH"},{"data":"Dualcast","floor":8.0,"key":"SMITH"},{"data":"Coolheaded","floor":10.0,"key":"SMITH"},{"floor":15.0,"key":"REST"}],"neow_cost":"NONE","seed_source_timestamp":0,"circlet_count":0,"master_deck":["AscendersBane","Strike_B","Strike_B","Strike_B","Defend_B","Defend_B","Defend_B","Defend_B","Zap+1","Dualcast+1","Go for the Eyes","Coolheaded+1","Go for the Eyes","Cold Snap","Conserve Battery","Defragment","Leap"],"special_seed":0,"relics":["Cracked Core","NeowsBlessing","Omamori","Unceasing Top","Dodecahedron","Emotion Chip"],"potions_floor_usage":[],"damage_taken":[{"damage":0.0,"enemies":"Small Slimes","floor":1.0,"turns":1.0},{"damage":0.0,"enemies":"Cultist","floor":3.0,"turns":1.0},{"damage":0.0,"enemies":"2 Louse","floor":4.0,"turns":1.0},{"damage":6.0,"enemies":"Large Slime","floor":5.0,"turns":5.0},{"damage":23.0,"enemies":"Lagavulin","floor":7.0,"turns":7.0},{"damage":7.0,"enemies":"Blue Slaver","floor":11.0,"turns":3.0},{"damage":26.0,"enemies":"3 Sentries","floor":12.0,"turns":10.0},{"damage":32,"enemies":"Slime Boss","floor":16,"turns":13}],"seed_played":"-552887198245734147","potions_obtained":[{"floor":1.0,"key":"SteroidPotion"},{"floor":3.0,"key":"LiquidBronze"},{"floor":5.0,"key":"SpeedPotion"},{"floor":7.0,"key":"SkillPotion"}],"is_trial":false,"path_per_floor":["M","?","M","M","M","R","E","R","T","R","M","E","$","?","R","B"],"character_chosen":"DEFECT","items_purchased":["Defragment","Leap"],"campfire_rested":1,"item_purchase_floors":[13,13],"current_hp_per_floor":[68,68,68,68,62,62,39,39,39,39,32,6,6,6,28,0],"gold":19,"neow_bonus":"THREE_ENEMY_KILL","is_prod":false,"is_daily":false,"chose_seed":false,"campfire_upgraded":3,"win_rate":0,"timestamp":1563061439,"path_taken":["M","?","?","M","M","R","E","R","T","R","M","E","$","?","R","BOSS"],"build_version":"2019-07-05","purchased_purges":1,"victory":false,"max_hp_per_floor":[75,75,75,75,75,75,75,75,75,75,75,75,75,75,75,75],"card_choices":[{"not_picked":["BootSequence","Leap"],"picked":"Go for the Eyes","floor":1.0},{"not_picked":["Rebound","Blizzard"],"picked":"Coolheaded","floor":3.0},{"not_picked":["Chaos","Rebound"],"picked":"Go for the Eyes","floor":4.0},{"not_picked":["Redo","FTL"],"picked":"Cold Snap","floor":5.0},{"not_picked":["Storm","Stack","Hologram"],"picked":"SKIP","floor":7.0},{"not_picked":["Doom and Gloom","Storm","Hologram"],"picked":"SKIP","floor":11.0},{"not_picked":["Redo","Rebound"],"picked":"Conserve Battery","floor":12.0}],"player_experience":513690,"relics_obtained":[{"floor":7.0,"key":"Unceasing Top"},{"floor":9.0,"key":"Dodecahedron"},{"floor":12.0,"key":"Emotion Chip"}],"event_choices":[{"damage_healed":0.0,"max_hp_gain":0.0,"max_hp_loss":0.0,"gold_gain":0.0,"event_name":"WeMeetAgain","player_choice":"Gave Potion","floor":2.0,"gold_loss":0.0,"damage_taken":0.0,"relics_obtained":["Omamori"]},{"damage_healed":0.0,"max_hp_gain":0.0,"max_hp_loss":0.0,"gold_gain":0.0,"event_name":"Dead Adventurer","player_choice":"Searched \u00270\u0027 times","floor":14.0,"gold_loss":0.0,"damage_taken":0.0}],"is_beta":false,"boss_relics":[],"items_purged_floors":[13],"is_endless":false,"potions_floor_spawned":[1,3,5,7],"killed_by":"Slime Boss","ascension_level":13}