{"gold_per_floor":[114,125,125,143,163,163,2,28,51,83,8,83,2,33,33,111,111,111,111,61,0],"floor_reached":21,"playtime":1137,"items_purged":[],"score":440,"play_id":"e20fa356-1bbf-4214-b05f-7e7758fd2d07","local_time":"20190608154225","is_ascension_mode":true,"campfire_choices":[{"data":"Streamline","floor":6,"key":"SMITH"},{"data":"Sunder","floor":15,"key":"SMITH"}],"neow_cost":"NONE","seed_source_timestamp":13635782781200,"circlet_count":0,"master_deck":["AscendersBane","Strike_B+1","Strike_B","Strike_B+1","Defend_B","Defend_B","Defend_B","Defend_B","Zap","Dualcast","Loop","Streamline+1","Conserve Battery","FTL","Echo Form","Glacier","Sunder+1","Machine Learning","Ball Lightning"],"relics":["White Beast Statue","PreservedInsect","Whetstone","Art of War","Potion Belt","Strawberry","Ectoplasm","Red Mask"],"potions_floor_usage":[5,10,14,16,18,19,21,21],"damage_taken":[{"damage":4,"enemies":"Jaw Worm","floor":1,"turns":4},{"damage":2,"enemies":"Cultist","floor":2,"turns":4},{"damage":2,"enemies":"2 Louse","floor":4,"turns":4},{"damage":1,"enemies":"Blue Slaver","floor":5,"turns":4},{"damage":15,"enemies":"3 Sentries","floor":8,"turns":6},{"damage":6,"enemies":"Gremlin Nob","floor":10,"turns":3},{"damage":0,"enemies":"Lagavulin","floor":14,"turns":6},{"damage":5,"enemies":"Slime Boss","floor":16,"turns":7},{"damage":12,"enemies":"Shell Parasite","floor":18,"turns":5},{"damage":51,"enemies":"Masked Bandits","floor":19,"turns":4},{"damage":11,"enemies":"2 Thieves","floor":21,"turns":2}],"seed_played":"-152260713326328502","potions_obtained":[{"floor":1,"key":"Block Potion"},{"floor":2,"key":"Poison Potion"},{"floor":5,"key":"Strength Potion"},{"floor":10,"key":"Energy Potion"},{"floor":14,"key":"Poison Potion"},{"floor":16,"key":"EssenceOfSteel"},{"floor":18,"key":"Regen Potion"},{"floor":19,"key":"SkillPotion"}],"is_trial":false,"path_per_floor":["M","M","?","M","M","R","$","E","T","E","?","?","$","E","R","B",null,"M","?","?","M"],"character_chosen":"DEFECT","items_purchased":["PreservedInsect","Sunder"],"campfire_rested":0,"item_purchase_floors":[7,13],"current_hp_per_floor":[60,58,58,56,55,55,55,40,40,34,34,23,23,30,30,25,65,53,2,2,0],"gold":0,"neow_bonus":"BOSS_RELIC","is_prod":false,"is_daily":false,"chose_seed":false,"campfire_upgraded":2,"win_rate":0,"timestamp":1560022945,"path_taken":["M","M","?","M","?","R","$","E","T","E","?","?","?","E","R","BOSS","M","?","?","?"],"build_version":"2019-01-23","purchased_purges":0,"victory":false,"max_hp_per_floor":[71,71,71,71,71,71,71,71,71,71,71,71,71,78,78,78,78,78,78,78,78],"card_choices":[{"not_picked":["Redo","Double Energy"],"picked":"Loop","floor":1},{"not_picked":["Steam","Hologram"],"picked":"Streamline","floor":2},{"not_picked":["Redo","Stack"],"picked":"Conserve Battery","floor":4},{"not_picked":["Reinforced Body","Rip and Tear"],"picked":"FTL","floor":5},{"not_picked":["All For One","Reprogram"],"picked":"Echo Form","floor":8},{"not_picked":["Turbo","Scrape"],"picked":"Glacier","floor":10},{"not_picked":["Barrage","Compile Driver","Sweeping Beam"],"picked":"SKIP","floor":14},{"not_picked":["Echo Form","Fission"],"picked":"Machine Learning","floor":16},{"not_picked":["Turbo","Tempest"],"picked":"Ball Lightning","floor":18}],"player_experience":2092677,"relics_obtained":[{"floor":8,"key":"Whetstone"},{"floor":9,"key":"Art of War"},{"floor":10,"key":"Potion Belt"},{"floor":14,"key":"Strawberry"},{"floor":19,"key":"Red Mask"}],"event_choices":[{"damage_healed":0,"gold_gain":0,"player_choice":"Got Potions","damage_taken":0,"max_hp_gain":0,"max_hp_loss":0,"event_name":"Lab","floor":3,"gold_loss":0},{"cards_removed":["Strike_B"],"damage_healed":0,"gold_gain":0,"player_choice":"Card Removal","damage_taken":0,"max_hp_gain":0,"max_hp_loss":0,"event_name":"The Cleric","floor":11,"gold_loss":75},{"damage_healed":0,"gold_gain":75,"player_choice":"Gather Gold","damage_taken":11,"max_hp_gain":0,"max_hp_loss":0,"event_name":"World of Goop","floor":12,"gold_loss":0},{"damage_healed":0,"gold_gain":0,"player_choice":"Fought Bandits","damage_taken":0,"max_hp_gain":0,"max_hp_loss":0,"event_name":"Masked Bandits","floor":19,"gold_loss":0},{"damage_healed":0,"gold_gain":250,"player_choice":"Bet on Owner","damage_taken":0,"max_hp_gain":0,"max_hp_loss":0,"event_name":"The Joust","floor":20,"gold_loss":50}],"is_beta":false,"boss_relics":[{"not_picked":["Inserter","Philosopher\u0027s Stone"],"picked":"Ectoplasm"}],"items_purged_floors":[],"is_endless":false,"potions_floor_spawned":[1,2,4,5,8,10,14,16,18,19],"killed_by":"2 Thieves","ascension_level":20}