{"gold_per_floor":[110,110,125,300,314,314,326,344,368,398,412,412,412,429,429,534,534,549,17,17,17,66,66,91,91,91,8,8,8,8,27,27,27],"floor_reached":33,"playtime":1607,"items_purged":["Pain"],"score":253,"play_id":"9735f5dd-2cdb-4631-9f38-bd23cc201ac3","local_time":"20180730135754","is_ascension_mode":false,"campfire_choices":[{"data":"Crippling Poison","floor":6,"key":"SMITH"},{"floor":13,"key":"REST"},{"data":"Catalyst","floor":15,"key":"SMITH"},{"floor":23,"key":"REST"},{"floor":28,"key":"REST"},{"floor":32,"key":"REST"}],"neow_cost":"","seed_source_timestamp":6217077076139,"circlet_count":0,"master_deck":["Defend_G+1","Defend_G+1","Defend_G+1","Defend_G+1","Defend_G+1","Strike_G+1","Strike_G+1","Strike_G+1","Strike_G+1","Strike_G+1","Survivor","Neutralize","Crippling Poison+1","Bandage Up","Riddle With Holes","PiercingWail+1","Doubt","Dagger Spray","Backflip","Poisoned Stab","Catalyst+1","Blade Dance","Adrenaline+1","Flying Knee","Trip","Decay","Dagger Throw+1","Normality","Skewer+1","Dagger Spray+1","RitualDagger+1","Outmaneuver+1"],"relics":["Ring of the Snake","Juzu Bracelet","Tiny Chest","Snake Skull","Cursed Key","Orichalcum","Strange Spoon","Centennial Puzzle","War Paint","Molten Egg 2"],"potions_floor_usage":[16,16,16,16,16,24,31,31,33],"damage_taken":[{"damage":2,"enemies":"Small Slimes","floor":1,"turns":4},{"damage":5,"enemies":"Cultist","floor":3,"turns":5},{"damage":8,"enemies":"2 Louse","floor":5,"turns":3},{"damage":4,"enemies":"Lots of Slimes","floor":7,"turns":3},{"damage":18,"enemies":"Exordium Wildlife","floor":8,"turns":5},{"damage":7,"enemies":"Looter","floor":11,"turns":4},{"damage":7,"enemies":"2 Fungi Beasts","floor":14,"turns":2},{"damage":9,"enemies":"The Guardian","floor":16,"turns":7},{"damage":22,"enemies":"2 Thieves","floor":18,"turns":4},{"damage":9,"enemies":"Book of Stabbing","floor":24,"turns":4},{"damage":12,"enemies":"Spheric Guardian","floor":31,"turns":4},{"damage":84,"enemies":"Champ","floor":33,"turns":10}],"seed_played":"5212061851682831692","potions_obtained":[{"floor":1,"key":"EntropicBrew"},{"floor":5,"key":"Ancient Potion"},{"floor":8,"key":"FearPotion"},{"floor":16,"key":"Dexterity Potion"},{"floor":18,"key":"Swift Potion"},{"floor":31,"key":"Fire Potion"}],"is_trial":false,"path_per_floor":["M","?","M","?","M","R","M","M","T","T","M","?","R","M","R","B",null,"M","$","?","?","T","R","E","?","T","$","R","?","?","M","R"],"character_chosen":"THE_SILENT","items_purchased":["Orichalcum","Strange Spoon","Trip","Skewer+1","Dagger Spray+1"],"campfire_rested":4,"item_purchase_floors":[19,19,19,27,27],"current_hp_per_floor":[68,68,67,67,63,63,63,49,49,49,46,43,64,61,61,56,70,52,52,52,52,52,70,61,48,48,48,70,64,64,56,75,0],"gold":27,"neow_bonus":"","is_prod":false,"is_daily":false,"chose_seed":false,"campfire_upgraded":2,"win_rate":0,"timestamp":1532955474,"path_taken":["M","?","M","?","?","R","M","M","T","?","M","?","R","M","R","BOSS","M","$","?","?","?","R","E","?","T","$","R","?","?","M","R","BOSS"],"build_version":"2018-07-26","purchased_purges":1,"victory":false,"max_hp_per_floor":[70,70,70,70,70,70,70,70,70,70,70,70,70,70,70,70,70,70,70,70,70,70,70,70,75,75,75,75,75,75,75,75,75],"card_choices":[{"not_picked":["Caltrops","Deflect"],"picked":"Crippling Poison","floor":1},{"not_picked":["Caltrops","Riddle With Holes"],"picked":"PiercingWail","floor":3},{"not_picked":["Outmaneuver","Prepared"],"picked":"Dagger Spray","floor":5},{"not_picked":["Bane","Crippling Poison"],"picked":"Backflip","floor":7},{"not_picked":["Dash","Leg Sweep"],"picked":"Poisoned Stab","floor":8},{"not_picked":["Acrobatics","Poisoned Stab"],"picked":"Catalyst","floor":11},{"not_picked":["Acrobatics","Envenom"],"picked":"Blade Dance","floor":14},{"not_picked":["A Thousand Cuts","Unload"],"picked":"Adrenaline","floor":16},{"not_picked":["Slice","Underhanded Strike"],"picked":"Flying Knee","floor":18},{"not_picked":["Deadly Poison+1","Slice"],"picked":"Dagger Throw+1","floor":24},{"not_picked":["Masterful Stab+1","Cloak And Dagger"],"picked":"Outmaneuver+1","floor":31}],"player_experience":79294,"relics_obtained":[{"floor":9,"key":"Juzu Bracelet"},{"floor":10,"key":"Tiny Chest"},{"floor":22,"key":"Centennial Puzzle"},{"floor":24,"key":"War Paint"},{"floor":26,"key":"Molten Egg 2"}],"event_choices":[{"event_name":"Match and Keep!","player_choice":"3 cards matched","floor":2,"damage_taken":0},{"event_name":"Liars Game","player_choice":"agreed","floor":4,"damage_taken":0},{"event_name":"Scrap Ooze","player_choice":"success","floor":12,"damage_taken":3},{"event_name":"Back to Basics","player_choice":"Simplicity","floor":20,"damage_taken":0},{"event_name":"Addict","player_choice":"Ignored","floor":21,"damage_taken":0},{"event_name":"Forgotten Altar","player_choice":"Shed Blood","floor":25,"damage_taken":0},{"event_name":"Nest","player_choice":"Joined the Cult","floor":29,"damage_taken":0},{"event_name":"Ghosts","player_choice":"Ignored","floor":30,"damage_taken":0}],"is_beta":false,"boss_relics":[{"not_picked":["Coffee Dripper","Runic Pyramid"],"picked":"Cursed Key"}],"items_purged_floors":[19],"is_endless":false,"potions_floor_spawned":[1,5,8,16,18,31],"killed_by":"Champ","ascension_level":0}