{"gold_per_floor":[116,133,148,6,6,6,20,20,67,87,101,114,114,128,128,230,230,246,246,246,246,257,257,277,277,355,369,369,292,320,339,339,439,439,458,477,32,1031,21,21],"floor_reached":40,"playtime":2774,"items_purged":["Pain","Normality","Normality"],"score":500,"play_id":"dbee0af2-de1d-409a-983b-a9d6ff4a02d2","local_time":"20180730202630","is_ascension_mode":false,"campfire_choices":[{"data":"Darkness","floor":6,"key":"SMITH"},{"floor":8,"key":"REST"},{"floor":13,"key":"REST"},{"floor":15,"key":"REST"},{"floor":23,"key":"REST"},{"floor":25,"key":"REST"},{"floor":28,"key":"REST"},{"floor":32,"key":"REST"}],"neow_cost":"CURSE","seed_source_timestamp":28364848181086,"circlet_count":0,"master_deck":["Strike_B+1","Strike_B+1","Strike_B+1","Strike_B+1","Defend_B+1","Defend_B+1","Defend_B+1","Defend_B+1","Zap","Dualcast","Ball Lightning","Self Repair","Lockon","Redo","Darkness+1","Core Surge","Turbo","Conserve Battery","Barrage","Leap","Coolheaded","Glacier","Cold Snap","Ball Lightning","Ball Lightning","Compile Driver","Machine Learning","Chaos","Fission","Ball Lightning+1","Double Energy","Sweeping Beam+1","Redo","White Noise","Beam Cell","Conserve Battery+1","Undo","J.A.X.","Core Surge","Cold Snap","Leap+1","Core Surge","Clumsy","Pain","Redo+1","Hello World","Compile Driver","Cold Snap","Normality","Transmutation","Panacea","Barrage","Compile Driver","Stack","Hello World"],"relics":["FrozenCore","Prayer Wheel","Nloth\u0027s Gift","Mummified Hand","Anchor","Calling Bell","Orichalcum","Smiling Mask","Du-Vu Doll","Meat on the Bone","Art of War","Membership Card","Gremlin Horn","Dream Catcher"],"potions_floor_usage":[18,30,30,33,33,40,40],"damage_taken":[{"damage":9,"enemies":"Jaw Worm","floor":1,"turns":3},{"damage":8,"enemies":"Cultist","floor":2,"turns":3},{"damage":10,"enemies":"2 Louse","floor":3,"turns":3},{"damage":28,"enemies":"Lots of Slimes","floor":7,"turns":4},{"damage":13,"enemies":"Exordium Thugs","floor":10,"turns":3},{"damage":8,"enemies":"2 Fungi Beasts","floor":11,"turns":3},{"damage":7,"enemies":"Blue Slaver","floor":12,"turns":2},{"damage":4,"enemies":"3 Louse","floor":14,"turns":3},{"damage":39,"enemies":"Hexaghost","floor":16,"turns":9},{"damage":1,"enemies":"3 Byrds","floor":18,"turns":5},{"damage":30,"enemies":"2 Thieves","floor":22,"turns":4},{"damage":22,"enemies":"Sentry and Sphere","floor":24,"turns":5},{"damage":30,"enemies":"Snake Plant","floor":27,"turns":5},{"damage":41,"enemies":"Book of Stabbing","floor":30,"turns":5},{"damage":16,"enemies":"Centurion and Healer","floor":31,"turns":7},{"damage":35,"enemies":"Automaton","floor":33,"turns":12},{"damage":3,"enemies":"3 Shapes","floor":35,"turns":6},{"damage":36,"enemies":"3 Darklings","floor":36,"turns":6},{"damage":59,"enemies":"Giant Head","floor":40,"turns":8}],"seed_played":"-1884620124984330685","potions_obtained":[{"floor":2,"key":"PowerPotion"},{"floor":11,"key":"Explosive Potion"},{"floor":12,"key":"Energy Potion"},{"floor":14,"key":"SkillPotion"},{"floor":18,"key":"FocusPotion"},{"floor":30,"key":"Dexterity Potion"},{"floor":33,"key":"SkillPotion"}],"is_trial":false,"path_per_floor":["M","M","M","$","?","R","M","R","T","M","M","M","R","M","R","B",null,"M","?","?","?","M","R","M","R","T","M","R","?","E","M","R","B",null,"M","M","$","?","$"],"character_chosen":"DEFECT","items_purchased":["Turbo","Conserve Battery","Meat on the Bone","Art of War","Membership Card","Gremlin Horn","Dream Catcher","SkillPotion","Transmutation","Panacea","Barrage","Compile Driver","Stack","Hello World"],"campfire_rested":7,"item_purchase_floors":[4,4,37,37,39,39,39,39,39,39,39,39,39,39],"current_hp_per_floor":[66,65,62,62,55,55,34,56,56,43,42,35,57,53,75,36,75,75,75,75,75,45,67,45,67,67,51,73,73,46,37,59,31,75,75,46,46,46,46,0],"gold":21,"neow_bonus":"ONE_RARE_RELIC","is_prod":false,"is_daily":false,"chose_seed":false,"campfire_upgraded":1,"win_rate":0,"timestamp":1532978790,"path_taken":["M","M","M","$","?","R","M","R","T","M","M","M","R","?","R","BOSS","M","?","?","?","M","R","M","R","T","M","R","?","E","M","R","BOSS","M","M","$","?","?","E"],"build_version":"2018-07-26","purchased_purges":3,"victory":false,"max_hp_per_floor":[75,75,75,75,75,75,75,75,75,75,75,75,75,75,75,75,75,75,75,75,75,75,75,75,75,75,75,75,75,75,75,75,75,75,75,75,75,75,75,75],"card_choices":[{"not_picked":["Sweeping Beam","Beam Cell"],"picked":"Ball Lightning","floor":1},{"not_picked":["Barrage","Gash"],"picked":"Self Repair","floor":1},{"not_picked":["Skim","Go for the Eyes"],"picked":"Lockon","floor":2},{"not_picked":["Beam Cell","Compile Driver"],"picked":"Redo","floor":2},{"not_picked":["Redo","Stack"],"picked":"Darkness","floor":3},{"not_picked":["Coolheaded","Rebound"],"picked":"Core Surge","floor":3},{"not_picked":["Stack","Storm"],"picked":"Barrage","floor":7},{"not_picked":["Hologram","Blizzard"],"picked":"Leap","floor":7},{"not_picked":["Streamline","Hello World"],"picked":"Coolheaded","floor":10},{"not_picked":["Heatsinks","Defragment"],"picked":"Glacier","floor":10},{"not_picked":["Consume","Hologram"],"picked":"Cold Snap","floor":11},{"not_picked":["Recycle","BootSequence"],"picked":"Ball Lightning","floor":11},{"not_picked":["Fusion","Conserve Battery"],"picked":"Ball Lightning","floor":12},{"not_picked":["Beam Cell","Glacier"],"picked":"Compile Driver","floor":12},{"not_picked":["Turbo","Hello World"],"picked":"Machine Learning","floor":14},{"not_picked":["Lockon","Hologram"],"picked":"Chaos","floor":14},{"not_picked":["All For One","Reboot"],"picked":"Fission","floor":16},{"not_picked":["Rip and Tear","Beam Cell+1"],"picked":"Ball Lightning+1","floor":18},{"not_picked":["Stack","Steam"],"picked":"Double Energy","floor":18},{"not_picked":["Cold Snap","Melter"],"picked":"Sweeping Beam+1","floor":22},{"not_picked":["Heatsinks","Creative AI"],"picked":"Redo","floor":22},{"not_picked":["Gash","Cold Snap"],"picked":"White Noise","floor":24},{"not_picked":["Meteor Strike","Stack"],"picked":"Beam Cell","floor":24},{"not_picked":["Streamline+1","Gash+1"],"picked":"Conserve Battery+1","floor":27},{"not_picked":["Rebound","Buffer"],"picked":"Undo","floor":27},{"not_picked":["Beam Cell","Coolheaded"],"picked":"Core Surge","floor":30},{"not_picked":["Stack","Gash"],"picked":"Cold Snap","floor":31},{"not_picked":["Fusion+1","Storm+1"],"picked":"Leap+1","floor":31},{"not_picked":["Rainbow","Biased Cognition"],"picked":"Core Surge","floor":33},{"not_picked":["Steam","Rip and Tear"],"picked":"Redo+1","floor":35},{"not_picked":["Rebound","Gash"],"picked":"Hello World","floor":35},{"not_picked":["FTL","Hologram+1"],"picked":"Compile Driver","floor":36},{"not_picked":["White Noise","Hyperbeam"],"picked":"Cold Snap","floor":36}],"player_experience":92198,"relics_obtained":[{"floor":9,"key":"Oddly Smooth Stone"},{"floor":26,"key":"Mummified Hand"},{"floor":30,"key":"Anchor"},{"floor":34,"key":"Orichalcum"},{"floor":34,"key":"Smiling Mask"},{"floor":34,"key":"Du-Vu Doll"}],"event_choices":[{"event_name":"Wheel of Change","player_choice":"Damage","floor":5,"damage_taken":0},{"event_name":"N\u0027loth","player_choice":"Traded a Oddly Smooth Stone","floor":19,"damage_taken":0},{"event_name":"Ghosts","player_choice":"Ignored","floor":20,"damage_taken":0},{"event_name":"Back to Basics","player_choice":"Simplicity","floor":21,"damage_taken":0},{"event_name":"Drug Dealer","player_choice":"Got JAXXED","floor":29,"damage_taken":0},{"event_name":"MindBloom","player_choice":"Gold","floor":38,"damage_taken":0}],"is_beta":false,"boss_relics":[{"not_picked":["Runic Dome","Eternal Feather"],"picked":"FrozenCore"},{"not_picked":["Fusion Hammer","Tiny House"],"picked":"Calling Bell"}],"items_purged_floors":[4,37,39],"is_endless":false,"potions_floor_spawned":[2,11,12,14,16,18,30,33],"killed_by":"Giant Head","ascension_level":0}