{"gold_per_floor":[118,135,135,85,96,96,130,142,142,174,3,30,47,64,64,160,160,173,188,288,203,229,241,253,265,277,309,341,353,390,421,433,550,562,590,619,731,763,202,202,23,69,69,82,82,117,117,128,128,128],"floor_reached":51,"playtime":2570,"items_purged":["Shockwave+1","Defend_R"],"score":794,"play_id":"cff95e38-4290-437b-b186-dbf2471da4b6","local_time":"20180802161431","is_ascension_mode":false,"campfire_choices":[{"floor":6,"key":"REST"},{"floor":15,"key":"REST"},{"floor":23,"key":"REST"},{"floor":29,"key":"REST"},{"floor":32,"key":"REST"},{"floor":40,"key":"REST"},{"floor":49,"key":"REST"}],"neow_cost":"FIFTY_PERCENT_DAMAGE","seed_source_timestamp":20740965821811,"circlet_count":0,"master_deck":["Strike_R+1","Defend_R","Defend_R","Bash","Shrug It Off","Spot Weakness","Sword Boomerang+1","Shrug It Off","Flex","Rage","Pummel","Immolate","Flame Barrier","Limit Break","Pommel Strike+1","Headbutt+1","Spot Weakness","Shrug It Off","Necronomicurse","Limit Break","Spot Weakness","Exhume","Uppercut+1","Pummel","Sword Boomerang+1","Seeing Red","Twin Strike","Sword Boomerang+1","Twin Strike+1","Headbutt+1"],"relics":["Burning Blood","Whetstone","Letter Opener","Nunchaku","Pantograph","Astrolabe","MawBank","Necronomicon","Lantern","Oddly Smooth Stone","Fusion Hammer","Shuriken","Paper Frog","Magic Flower","Molten Egg 2","Ornamental Fan","Bag of Preparation","NlothsMask"],"potions_floor_usage":[7,12,12,16,22,31,33,46,50,50],"damage_taken":[{"damage":1,"enemies":"Cultist","floor":1,"turns":3},{"damage":2,"enemies":"Small Slimes","floor":2,"turns":4},{"damage":10,"enemies":"Jaw Worm","floor":5,"turns":4},{"damage":41,"enemies":"Lagavulin","floor":7,"turns":7},{"damage":2,"enemies":"Large Slime","floor":8,"turns":5},{"damage":32,"enemies":"Gremlin Nob","floor":10,"turns":4},{"damage":8,"enemies":"3 Sentries","floor":12,"turns":6},{"damage":0,"enemies":"Lots of Slimes","floor":13,"turns":3},{"damage":6,"enemies":"Exordium Wildlife","floor":14,"turns":2},{"damage":43,"enemies":"The Guardian","floor":16,"turns":9},{"damage":9,"enemies":"3 Byrds","floor":18,"turns":4},{"damage":10,"enemies":"Chosen","floor":19,"turns":3},{"damage":23,"enemies":"Centurion and Healer","floor":22,"turns":8},{"damage":15,"enemies":"Snecko","floor":27,"turns":4},{"damage":32,"enemies":"Slaver and Parasite","floor":28,"turns":3},{"damage":32,"enemies":"Book of Stabbing","floor":30,"turns":4},{"damage":0,"enemies":"Cultist and Chosen","floor":31,"turns":3},{"damage":60,"enemies":"Collector","floor":33,"turns":7},{"damage":0,"enemies":"Flame Bruiser 1 Orb","floor":35,"turns":3},{"damage":7,"enemies":"Orb Walker","floor":36,"turns":3},{"damage":26,"enemies":"Flame Bruiser 2 Orb","floor":38,"turns":7},{"damage":3,"floor":42,"turns":2},{"damage":0,"enemies":"3 Darklings","floor":44,"turns":2},{"damage":13,"enemies":"2 Orb Walkers","floor":46,"turns":2},{"damage":19,"enemies":"Maw","floor":48,"turns":5},{"damage":62,"enemies":"Donu and Deca","floor":50,"turns":5}],"seed_played":"4747737564118991860","potions_obtained":[{"floor":2,"key":"Ancient Potion"},{"floor":10,"key":"Ancient Potion"},{"floor":12,"key":"Explosive Potion"},{"floor":13,"key":"Dexterity Potion"},{"floor":14,"key":"BloodPotion"},{"floor":18,"key":"Poison Potion"},{"floor":19,"key":"SkillPotion"},{"floor":27,"key":"Explosive Potion"},{"floor":33,"key":"Ancient Potion"},{"floor":42,"key":"GamblersBrew"},{"floor":46,"key":"Fire Potion"}],"is_trial":false,"path_per_floor":["M","M","?","?","M","R","E","M","T","E","$","E","M","M","R","B",null,"M","M","?","?","M","R","?","?","T","M","M","R","E","M","R","B",null,"M","M","?","M","$","R","$","?","T","M","T","E","?","M","R","B"],"character_chosen":"IRONCLAD","items_purchased":["Pummel","Fire Potion","SkillPotion","Shuriken","Paper Frog","Seeing Red"],"campfire_rested":7,"item_purchase_floors":[11,11,11,39,39,41],"current_hp_per_floor":[53,57,57,57,53,81,46,50,50,24,24,22,28,28,56,53,96,93,89,89,89,72,96,96,80,80,71,45,73,47,53,81,42,96,96,95,95,75,75,96,96,96,96,96,96,92,92,82,96,43],"gold":128,"neow_bonus":"TWENTY_PERCENT_HP_BONUS","is_prod":false,"is_daily":false,"chose_seed":false,"campfire_upgraded":0,"win_rate":0,"timestamp":1533222871,"path_taken":["M","?","?","?","M","R","E","?","T","E","?","E","M","M","R","BOSS","M","M","?","?","M","R","?","?","T","M","M","R","E","?","R","BOSS","M","M","?","?","$","R","$","?","T","M","?","E","?","M","R","BOSS"],"build_version":"2018-07-26","purchased_purges":2,"victory":true,"max_hp_per_floor":[96,96,96,96,96,96,96,96,96,96,96,96,96,96,96,96,96,96,96,96,96,96,96,96,96,96,96,96,96,96,96,96,96,96,96,96,96,96,96,96,96,96,96,96,96,96,96,96,96,96],"card_choices":[{"not_picked":["Body Slam","Thunderclap"],"picked":"Shrug It Off","floor":1},{"not_picked":["Power Through","True Grit"],"picked":"Spot Weakness","floor":2},{"not_picked":["Clothesline","True Grit"],"picked":"Sword Boomerang","floor":5},{"not_picked":["True Grit","Anger"],"picked":"Shrug It Off","floor":7},{"not_picked":["Wild Strike","True Grit"],"picked":"Flex","floor":8},{"not_picked":["True Grit","Pommel Strike"],"picked":"Rage","floor":10},{"not_picked":["Offering","Armaments"],"picked":"Immolate","floor":12},{"not_picked":["Hemokinesis","Twin Strike"],"picked":"Flame Barrier","floor":13},{"not_picked":["True Grit","Shockwave","Feel No Pain"],"picked":"SKIP","floor":14},{"not_picked":["Barricade","Reaper"],"picked":"Limit Break","floor":16},{"not_picked":["Wild Strike","Body Slam+1"],"picked":"Spot Weakness","floor":18},{"not_picked":["Clash","Warcry","Havoc"],"picked":"SKIP","floor":19},{"not_picked":["Wild Strike","Rupture"],"picked":"Shrug It Off","floor":22},{"not_picked":["Power Through","Clash"],"picked":"Limit Break","floor":27},{"not_picked":["Iron Wave+1","Wild Strike","Sever Soul"],"picked":"SKIP","floor":28},{"not_picked":["Shrug It Off","Warcry+1","Body Slam"],"picked":"SKIP","floor":30},{"not_picked":["Metallicize","Clothesline"],"picked":"Spot Weakness","floor":31},{"not_picked":["Offering","Brutality"],"picked":"Exhume","floor":33},{"not_picked":["Armaments+1","True Grit+1"],"picked":"Uppercut+1","floor":35},{"not_picked":["Spot Weakness+1","Wild Strike"],"picked":"Pummel","floor":36},{"not_picked":["Body Slam+1","Corruption+1"],"picked":"Sword Boomerang+1","floor":38},{"not_picked":["Headbutt","Clash"],"picked":"Twin Strike","floor":42},{"not_picked":["Warcry","Clash+1"],"picked":"Sword Boomerang+1","floor":44},{"not_picked":["Entrench+1","Perfected Strike+1"],"picked":"Twin Strike+1","floor":46},{"not_picked":["Hemokinesis+1","Cleave+1"],"picked":"Headbutt+1","floor":48}],"player_experience":106233,"relics_obtained":[{"floor":7,"key":"Whetstone"},{"floor":9,"key":"Letter Opener"},{"floor":10,"key":"Nunchaku"},{"floor":12,"key":"Pantograph"},{"floor":25,"key":"Necronomicon"},{"floor":26,"key":"Lantern"},{"floor":30,"key":"Oddly Smooth Stone"},{"floor":42,"key":"Magic Flower"},{"floor":43,"key":"Molten Egg 2"},{"floor":45,"key":"Ornamental Fan"},{"floor":46,"key":"Bag of Preparation"}],"event_choices":[{"event_name":"Wheel of Change","player_choice":"Card Removal","floor":3,"damage_taken":0},{"event_name":"The Cleric","player_choice":"Card Removal","floor":4,"damage_taken":0},{"event_name":"Golden Shrine","player_choice":"Pray","floor":20,"damage_taken":0},{"event_name":"Addict","player_choice":"Obtained Relic","floor":21,"damage_taken":0},{"event_name":"Vampires","player_choice":"Ignored","floor":24,"damage_taken":0},{"event_name":"Cursed Tome","player_choice":"Obtained Book","floor":25,"damage_taken":0},{"event_name":"Golden Shrine","player_choice":"Pray","floor":37,"damage_taken":0},{"event_name":"Mysterious Sphere","player_choice":"Fight","floor":42,"damage_taken":0},{"event_name":"FaceTrader","player_choice":"Trade","floor":47,"damage_taken":0}],"is_beta":false,"boss_relics":[{"not_picked":["Runic Cube","Runic Pyramid"],"picked":"Astrolabe"},{"not_picked":["Calling Bell","Velvet Choker"],"picked":"Fusion Hammer"}],"items_purged_floors":[39,41],"is_endless":false,"potions_floor_spawned":[2,10,12,13,14,18,19,27,30,33,42,46],"ascension_level":0}