{"gold_per_floor":[115,127,127,144,163,189,189,215,263,263,280,305,305,325,325,420,420,402,402,413,413,424,424,457,457,481,481,510,82,101,113,113,218,218,237,254,80,80,99,129,129,229,252,279,296,311,338,338],"floor_reached":48,"playtime":4934,"items_purged":[],"score":686,"play_id":"73e93b23-87b8-4f1f-968d-1a0c1df39409","local_time":"20190708212507","is_ascension_mode":true,"campfire_choices":[{"floor":7,"key":"RECALL"},{"floor":10,"key":"REST"},{"floor":13,"key":"REST"},{"data":"Sweeping Beam","floor":15,"key":"SMITH"},{"floor":23,"key":"REST"},{"floor":25,"key":"REST"},{"floor":27,"key":"REST"},{"floor":32,"key":"REST"},{"floor":41,"key":"REST"}],"neow_cost":"NONE","seed_source_timestamp":4409317855926,"circlet_count":0,"master_deck":["Strike_B","Strike_B+1","Strike_B","Strike_B","Defend_B","Defend_B","Defend_B","Defend_B","Zap","Dualcast+1","Beam Cell","Rebound+1","Conserve Battery","Aggregate","FTL","Stack","Sweeping Beam","Steam","Sweeping Beam+1","Amplify","Stack","Leap+1","Sweeping Beam+1","Sweeping Beam","Rebound+1","Coolheaded+1","Conserve Battery+1","Chaos+1","Storm","Defragment","White Noise","Genetic Algorithm","Ball Lightning+1","Seek","Tempest+1","Secret Weapon","Decay","Compile Driver+1","Ball Lightning+1","Hologram","Melter+1","Defragment+1","Compile Driver+1","Capacitor+1"],"relics":["Cracked Core","FaceOfCleric","Incense Burner","Pantograph","Dream Catcher","Philosopher\u0027s Stone","Oddly Smooth Stone","Molten Egg 2","Pen Nib","Happy Flower","PreservedInsect","OrangePellets","Fusion Hammer","Pocketwatch","Whetstone","Smiling Mask","Meat on the Bone"],"potions_floor_usage":[8,28,28,40,48],"damage_taken":[{"damage":0,"enemies":"Small Slimes","floor":1,"turns":3},{"damage":0,"enemies":"Cultist","floor":2,"turns":2},{"damage":1,"enemies":"Jaw Worm","floor":4,"turns":2},{"damage":1,"enemies":"Gremlin Gang","floor":5,"turns":3},{"damage":32,"enemies":"3 Sentries","floor":6,"turns":8},{"damage":33,"enemies":"Lagavulin","floor":8,"turns":7},{"damage":11,"enemies":"Blue Slaver","floor":11,"turns":3},{"damage":15,"enemies":"Gremlin Nob","floor":12,"turns":4},{"damage":8,"enemies":"Red Slaver","floor":14,"turns":4},{"damage":43,"enemies":"The Guardian","floor":16,"turns":12},{"damage":11,"enemies":"2 Thieves","floor":18,"turns":4},{"damage":7,"enemies":"Shell Parasite","floor":20,"turns":7},{"damage":13,"enemies":"Sentry and Sphere","floor":22,"turns":6},{"damage":29,"enemies":"Slavers","floor":24,"turns":5},{"damage":49,"enemies":"Gremlin Leader","floor":28,"turns":7},{"damage":0,"enemies":"Snake Plant","floor":30,"turns":4},{"damage":0,"enemies":"Centurion and Healer","floor":31,"turns":5},{"damage":16,"enemies":"Collector","floor":33,"turns":6},{"damage":13,"enemies":"3 Darklings","floor":35,"turns":7},{"damage":3,"enemies":"Orb Walker","floor":36,"turns":4},{"damage":36,"enemies":"Maw","floor":39,"turns":8},{"damage":5,"enemies":"Nemesis","floor":40,"turns":5},{"damage":3,"enemies":"Reptomancer","floor":44,"turns":4},{"damage":22,"enemies":"Writhing Mass","floor":45,"turns":5},{"damage":1,"enemies":"Sphere and 2 Shapes","floor":46,"turns":3},{"damage":16,"enemies":"Nemesis","floor":47,"turns":5},{"damage":38,"enemies":"2 Orb Walkers","floor":48,"turns":3}],"seed_played":"2067346312032699809","potions_obtained":[{"floor":2,"key":"Regen Potion"},{"floor":6,"key":"SpeedPotion"},{"floor":8,"key":"Ancient Potion"},{"floor":16,"key":"Poison Potion"},{"floor":18,"key":"Explosive Potion"},{"floor":35,"key":"Ancient Potion"},{"floor":40,"key":"Fire Potion"},{"floor":44,"key":"PowerPotion"}],"is_trial":false,"path_per_floor":["M","M","?","M","M","E","R","E","T","R","M","E","R","M","R","B",null,"M","?","M","?","M","R","E","R","T","R","E","$","M","M","R","B",null,"M","M","$","?","M","E","R","?","T","E","M","M","E","?"],"character_chosen":"DEFECT","items_purchased":["Defragment","PreservedInsect","OrangePellets","Secret Weapon"],"campfire_rested":7,"item_purchase_floors":[29,29,29,37],"current_hp_per_floor":[75,75,75,75,75,44,44,27,27,50,40,26,50,43,43,26,83,73,73,67,67,55,80,52,78,78,87,39,39,40,41,68,75,91,79,77,77,77,42,38,66,66,66,64,43,43,28,0],"gold":338,"neow_bonus":"UPGRADE_CARD","is_prod":false,"is_daily":false,"chose_seed":false,"campfire_upgraded":1,"win_rate":0,"timestamp":1562613907,"path_taken":["M","M","?","M","?","E","R","E","T","R","M","E","R","M","R","BOSS","M","?","?","?","M","R","E","R","T","R","E","$","M","?","R","BOSS","M","M","$","?","?","E","R","?","T","E","?","M","E","?"],"build_version":"2019-07-05","purchased_purges":0,"victory":false,"max_hp_per_floor":[75,75,75,76,77,78,78,79,79,79,80,81,81,82,82,83,83,84,84,85,85,86,86,87,87,87,87,88,88,89,90,90,91,91,92,93,93,93,94,95,95,95,95,96,97,98,99,99],"card_choices":[{"not_picked":["Stack","Leap"],"picked":"Beam Cell","floor":1},{"not_picked":["Ball Lightning","Redo"],"picked":"Rebound","floor":2},{"not_picked":["Consume","Compile Driver"],"picked":"Conserve Battery","floor":4},{"not_picked":["Cold Snap","Streamline"],"picked":"Aggregate","floor":5},{"not_picked":["Steam Power","Rebound"],"picked":"FTL","floor":6},{"not_picked":["Coolheaded","Darkness"],"picked":"Stack","floor":8},{"not_picked":["Rainbow","Turbo"],"picked":"Sweeping Beam","floor":11},{"not_picked":["Rebound","Lockon"],"picked":"Steam","floor":12},{"not_picked":["Cold Snap","Doom and Gloom"],"picked":"Sweeping Beam","floor":13},{"not_picked":["Multi-Cast","Streamline"],"picked":"Go for the Eyes","floor":14},{"not_picked":["Creative AI","Thunder Strike"],"picked":"Amplify","floor":16},{"not_picked":["Gash","Steam"],"picked":"Stack","floor":18},{"not_picked":["Stack","Force Field"],"picked":"Leap+1","floor":20},{"not_picked":["Consume+1","Cold Snap"],"picked":"Sweeping Beam","floor":22},{"not_picked":["Melter","Sweeping Beam"],"picked":"Rebound+1","floor":23},{"not_picked":["Turbo","Ball Lightning"],"picked":"Coolheaded+1","floor":24},{"not_picked":["Redo","Tempest"],"picked":"Conserve Battery+1","floor":25},{"not_picked":["Gash+1","Barrage+1"],"picked":"Chaos+1","floor":27},{"not_picked":["Double Energy+1","FTL+1"],"picked":"Storm","floor":28},{"not_picked":["FTL+1","Aggregate"],"picked":"White Noise","floor":30},{"not_picked":["Reprogram","Redo"],"picked":"Genetic Algorithm","floor":31},{"not_picked":["Darkness","Hologram"],"picked":"Ball Lightning+1","floor":32},{"not_picked":["Biased Cognition","Fission"],"picked":"Seek","floor":33},{"not_picked":["Streamline+1","Turbo"],"picked":"Tempest+1","floor":35},{"not_picked":["Chill","Turbo","Steam Power"],"picked":"SKIP","floor":36},{"not_picked":["Turbo","Reprogram+1"],"picked":"Compile Driver+1","floor":39},{"not_picked":["Redo+1","Barrage+1"],"picked":"Ball Lightning+1","floor":40},{"not_picked":["Aggregate","Reinforced Body"],"picked":"Hologram","floor":41},{"not_picked":["Aggregate+1","Barrage+1"],"picked":"Melter+1","floor":44},{"not_picked":["Steam","Skim"],"picked":"Defragment+1","floor":45},{"not_picked":["Reinforced Body","Skim+1"],"picked":"Compile Driver+1","floor":46},{"not_picked":["Fusion","Barrage+1"],"picked":"Capacitor+1","floor":47}],"player_experience":66695,"relics_obtained":[{"floor":6,"key":"Incense Burner"},{"floor":8,"key":"Pantograph"},{"floor":12,"key":"Dream Catcher"},{"floor":24,"key":"Molten Egg 2"},{"floor":26,"key":"Pen Nib"},{"floor":28,"key":"Happy Flower"},{"floor":40,"key":"Pocketwatch"},{"floor":43,"key":"Whetstone"},{"floor":44,"key":"Smiling Mask"},{"floor":47,"key":"Meat on the Bone"}],"event_choices":[{"damage_healed":0,"gold_gain":0,"player_choice":"Trade","damage_taken":0,"relics_obtained":["FaceOfCleric"],"max_hp_gain":0,"max_hp_loss":0,"event_name":"FaceTrader","floor":3,"gold_loss":0},{"cards_removed":["Go for the Eyes"],"damage_healed":0,"gold_gain":0,"player_choice":"Gave Card","damage_taken":0,"relics_obtained":["Oddly Smooth Stone"],"max_hp_gain":0,"max_hp_loss":0,"event_name":"WeMeetAgain","floor":19,"gold_loss":0},{"damage_healed":0,"gold_gain":0,"player_choice":"Copied","damage_taken":0,"max_hp_gain":0,"max_hp_loss":0,"event_name":"Duplicator","floor":21,"gold_loss":0,"cards_obtained":["Sweeping Beam"]},{"damage_healed":0,"gold_gain":0,"player_choice":"Cursed","damage_taken":0,"max_hp_gain":0,"max_hp_loss":0,"event_name":"Wheel of Change","floor":38,"gold_loss":0,"cards_obtained":["Decay"]},{"damage_healed":0,"gold_gain":100,"player_choice":"Pray","damage_taken":0,"max_hp_gain":0,"max_hp_loss":0,"event_name":"Golden Shrine","floor":42,"gold_loss":0},{"damage_healed":0,"gold_gain":0,"player_choice":"Fight","damage_taken":0,"max_hp_gain":0,"max_hp_loss":0,"event_name":"Mysterious Sphere","floor":48,"gold_loss":0}],"is_beta":false,"boss_relics":[{"not_picked":["Eternal Feather","Lizard Tail"],"picked":"Philosopher\u0027s Stone"},{"not_picked":["Sozu","Coffee Dripper"],"picked":"Fusion Hammer"}],"items_purged_floors":[],"is_endless":false,"potions_floor_spawned":[2,6,8,16,18,22,24,35,40,44,47],"killed_by":"2 Orb Walkers","ascension_level":1}