{"gold_per_floor":[118,193,210,227,227,227,245,245,296,326,326,14,38,53,53,53],"floor_reached":16,"playtime":1207,"items_purged":[],"score":107,"play_id":"e81057dd-7643-4809-8bc3-a163fabdd096","local_time":"20190512024648","is_ascension_mode":true,"campfire_choices":[{"data":"Double Tap","floor":6,"key":"SMITH"},{"data":"Cleave","floor":8,"key":"SMITH"},{"floor":15,"key":"REST"}],"neow_cost":"NONE","seed_source_timestamp":36456585335363,"circlet_count":0,"master_deck":["Strike_R","Strike_R","Strike_R","Strike_R","Strike_R","Defend_R","Defend_R","Defend_R","Defend_R","Bash","Double Tap+1","Infernal Blade+1","Clash","Spot Weakness","Cleave+1","Ghostly Armor","Seeing Red","Seeing Red"],"relics":["Burning Blood","Potion Belt","Centennial Puzzle","Golden Idol","Unceasing Top"],"potions_floor_usage":[10,16],"damage_taken":[{"damage":3,"enemies":"Jaw Worm","floor":1,"turns":4},{"damage":8,"enemies":"Small Slimes","floor":3,"turns":3},{"damage":1,"enemies":"Cultist","floor":4,"turns":3},{"damage":4,"enemies":"3 Louse","floor":7,"turns":3},{"damage":20,"enemies":"3 Sentries","floor":10,"turns":6},{"damage":11,"enemies":"Exordium Wildlife","floor":13,"turns":4},{"damage":2,"enemies":"Blue Slaver","floor":14,"turns":3},{"damage":74,"enemies":"Slime Boss","floor":16,"turns":12}],"seed_played":"-4974930353339931672","potions_obtained":[{"floor":4,"key":"Strength Potion"},{"floor":7,"key":"Regen Potion"},{"floor":14,"key":"Block Potion"}],"is_trial":false,"path_per_floor":["M","?","M","M","?","R","M","R","T","E","?","$","M","M","R","B"],"character_chosen":"IRONCLAD","items_purchased":["Unceasing Top"],"campfire_rested":1,"item_purchase_floors":[12],"current_hp_per_floor":[80,69,67,72,72,72,74,74,74,65,45,45,40,44,68,0],"gold":53,"neow_bonus":"ONE_RANDOM_RARE_CARD","is_prod":false,"is_daily":false,"chose_seed":false,"campfire_upgraded":2,"win_rate":0,"timestamp":1557625608,"path_taken":["M","?","M","M","?","R","?","R","T","E","?","$","M","M","R","BOSS"],"build_version":"2019-01-23","purchased_purges":0,"victory":false,"max_hp_per_floor":[80,80,80,80,80,80,80,80,80,80,80,80,80,80,80,80],"card_choices":[{"not_picked":["Sword Boomerang","Flex"],"picked":"Infernal Blade","floor":1},{"not_picked":["Havoc","Inflame"],"picked":"Clash","floor":3},{"not_picked":["Feel No Pain","Twin Strike"],"picked":"Spot Weakness","floor":4},{"not_picked":["Burning Pact","Intimidate"],"picked":"Cleave","floor":7},{"not_picked":["Twin Strike","Feel No Pain"],"picked":"Ghostly Armor","floor":10},{"not_picked":["Battle Trance","Uppercut"],"picked":"Seeing Red","floor":13},{"not_picked":["Clothesline","Clash"],"picked":"Seeing Red","floor":14}],"player_experience":198781,"relics_obtained":[{"floor":9,"key":"Potion Belt"},{"floor":10,"key":"Centennial Puzzle"}],"event_choices":[{"damage_healed":0,"gold_gain":75,"player_choice":"Gather Gold","damage_taken":11,"max_hp_gain":0,"max_hp_loss":0,"event_name":"World of Goop","floor":2,"gold_loss":0},{"damage_healed":0,"gold_gain":0,"player_choice":"Upgraded","damage_taken":0,"max_hp_gain":0,"max_hp_loss":0,"event_name":"Upgrade Shrine","floor":5,"gold_loss":0,"cards_upgraded":["Infernal Blade"]},{"damage_healed":0,"gold_gain":0,"player_choice":"Take Damage","damage_taken":20,"relics_obtained":["Golden Idol"],"max_hp_gain":0,"max_hp_loss":0,"event_name":"Golden Idol","floor":11,"gold_loss":0}],"is_beta":false,"boss_relics":[],"items_purged_floors":[],"is_endless":false,"potions_floor_spawned":[4,7,14],"killed_by":"Slime Boss","ascension_level":1}