{"gold_per_floor":[117,130,130,55,75,75,106,106,106,121,121,50,0,27,27,103,103,119,45,45,45,63,63,96,106,131,131,161,176,176,188,188,266,266,283,283,296,308,56,81,81,92,92,92,92,118,135,147,147,147,147,147,22,48,48],"floor_reached":56,"playtime":3872,"items_purged":["Strike_B","Strike_B","Strike_B"],"score":2053,"play_id":"7b159d85-2b4e-4996-9242-bfa1f6e0f08e","local_time":"20190714152027","is_ascension_mode":true,"campfire_choices":[{"data":"Zap","floor":6,"key":"SMITH"},{"floor":8,"key":"REST"},{"data":"Lockon","floor":11,"key":"SMITH"},{"data":"Self Repair","floor":15,"key":"SMITH"},{"data":"Double Energy","floor":23,"key":"SMITH"},{"floor":27,"key":"REST"},{"data":"Double Energy","floor":30,"key":"SMITH"},{"data":"Chill","floor":32,"key":"SMITH"},{"floor":41,"key":"RECALL"},{"data":"Recycle","floor":45,"key":"SMITH"},{"data":"Go for the Eyes","floor":49,"key":"SMITH"},{"data":"BootSequence","floor":52,"key":"SMITH"}],"neow_cost":"NONE","seed_source_timestamp":416764885700742,"circlet_count":0,"master_deck":["AscendersBane","Defend_B","Defend_B","Defend_B","Defend_B","Zap+1","Dualcast","Amplify","Ball Lightning","Compile Driver","Auto Shields","Lockon+1","Self Repair+1","BootSequence","Rainbow","Double Energy+1","Chill+1","Double Energy+1","Conserve Battery+1","Core Surge","BootSequence+1","Go for the Eyes+1","Compile Driver+1","Biased Cognition+1","Core Surge","Coolheaded+1","Recycle+1","Capacitor+1","Hologram","Coolheaded+1"],"relics":["Cracked Core","Unceasing Top","Dead Branch","Oddly Smooth Stone","Prayer Wheel","Inserter","Nilry\u0027s Codex","Frozen Egg 2","DataDisk","Incense Burner","Busted Crown","Happy Flower","Boot","Bag of Marbles"],"potions_floor_usage":[14,17,25,33,40,55,55],"damage_taken":[{"damage":5,"enemies":"Small Slimes","floor":1,"turns":4},{"damage":13,"enemies":"2 Louse","floor":2,"turns":3},{"damage":0,"enemies":"Cultist","floor":5,"turns":3},{"damage":35,"enemies":"3 Sentries","floor":7,"turns":8},{"damage":1,"enemies":"Exordium Wildlife","floor":10,"turns":3},{"damage":15,"enemies":"Gremlin Nob","floor":14,"turns":4},{"damage":22,"enemies":"Hexaghost","floor":16,"turns":11},{"damage":9,"enemies":"Shell Parasite","floor":18,"turns":4},{"damage":18,"enemies":"Spheric Guardian","floor":22,"turns":4},{"damage":18,"enemies":"Slavers","floor":24,"turns":4},{"damage":13,"enemies":"Shelled Parasite and Fungi","floor":25,"turns":5},{"damage":27,"enemies":"Book of Stabbing","floor":28,"turns":8},{"damage":0,"enemies":"Centurion and Healer","floor":29,"turns":4},{"damage":6,"enemies":"Snake Plant","floor":31,"turns":4},{"damage":60,"enemies":"Collector","floor":33,"turns":6},{"damage":2,"enemies":"Orb Walker","floor":35,"turns":4},{"damage":0,"enemies":"3 Darklings","floor":37,"turns":3},{"damage":0,"enemies":"Transient","floor":38,"turns":5},{"damage":12,"enemies":"Reptomancer","floor":40,"turns":8},{"damage":0,"enemies":"4 Shapes","floor":42,"turns":8},{"damage":5,"enemies":"Nemesis","floor":46,"turns":7},{"damage":6,"enemies":"Sphere and 2 Shapes","floor":47,"turns":4},{"damage":0,"enemies":"3 Darklings","floor":48,"turns":4},{"damage":0,"enemies":"Time Eater","floor":50,"turns":19},{"damage":2,"enemies":"Shield and Spear","floor":54,"turns":6},{"damage":10,"enemies":"The Heart","floor":55,"turns":13}],"seed_played":"6408404265469997594","potions_obtained":[{"floor":2,"key":"Fruit Juice"},{"floor":7,"key":"Weak Potion"},{"floor":18,"key":"Fruit Juice"},{"floor":22,"key":"Strength Potion"},{"floor":28,"key":"SteroidPotion"},{"floor":31,"key":"Regen Potion"},{"floor":38,"key":"Weak Potion"},{"floor":40,"key":"Poison Potion"},{"floor":42,"key":"Block Potion"}],"is_trial":false,"path_per_floor":["M","M","?","$","M","R","E","R","T","M","R","$","?","E","R","B",null,"M","$","?","?","M","R","E","M","T","R","E","M","R","M","R","B",null,"M","?","M","M","$","E","R","M","T","?","R","E","M","M","R","B",null,"R","$","E","B",null],"character_chosen":"DEFECT","items_purchased":["Self Repair","Chill","Recycle","Capacitor+1"],"campfire_rested":2,"item_purchase_floors":[12,19,39,39],"current_hp_per_floor":[59,46,46,46,46,46,11,32,32,31,31,31,31,23,23,11,61,62,62,62,41,33,33,15,17,17,41,24,44,44,58,58,20,66,74,74,81,81,81,79,79,81,81,81,81,81,81,81,81,81,81,81,81,81,81],"gold":48,"neow_bonus":"ONE_RANDOM_RARE_CARD","is_prod":false,"is_daily":false,"chose_seed":false,"campfire_upgraded":9,"win_rate":0,"timestamp":1563088827,"path_taken":["M","M","?","$","M","R","E","R","T","M","R","$","?","E","R","BOSS","M","$","?","?","M","R","E","M","T","R","E","M","R","M","R","BOSS","M","?","M","?","$","E","R","M","T","?","R","E","?","M","R","BOSS","R","$","E","BOSS"],"build_version":"2019-07-05","purchased_purges":3,"victory":true,"max_hp_per_floor":[71,71,71,71,71,71,71,71,71,71,71,71,71,71,71,71,76,76,76,76,76,76,76,76,81,81,81,81,81,81,81,81,81,81,81,81,81,81,81,81,81,81,81,81,81,81,81,81,81,81,81,81,81,81,81],"card_choices":[{"not_picked":["Cold Snap","Go for the Eyes"],"picked":"Ball Lightning","floor":1},{"not_picked":["Hello World","Consume","Turbo"],"picked":"SKIP","floor":2},{"not_picked":["Hologram","Hello World"],"picked":"Compile Driver","floor":5},{"not_picked":["Stack","FTL"],"picked":"Auto Shields","floor":7},{"not_picked":["Sweeping Beam","Multi-Cast"],"picked":"Lockon","floor":10},{"not_picked":["Go for the Eyes","Compile Driver"],"picked":"BootSequence","floor":14},{"not_picked":["Buffer","Meteor Strike"],"picked":"Rainbow","floor":16},{"not_picked":["Rip and Tear","Blizzard+1"],"picked":"Double Energy","floor":18},{"not_picked":["Hologram","Scrape","Loop"],"picked":"SKIP","floor":18},{"not_picked":["Hologram","Scrape","Loop"],"picked":"SKIP","floor":18},{"not_picked":["Loop","Coolheaded"],"picked":"Double Energy","floor":22},{"not_picked":["Leap+1","Turbo+1"],"picked":"Conserve Battery+1","floor":22},{"not_picked":["Loop","Machine Learning"],"picked":"Core Surge","floor":24},{"not_picked":["Leap+1","Sweeping Beam"],"picked":"BootSequence","floor":25},{"not_picked":["Beam Cell","Barrage","Storm+1"],"picked":"SKIP","floor":25},{"not_picked":["Rip and Tear","Redo"],"picked":"Go for the Eyes","floor":28},{"not_picked":["Conserve Battery","Leap"],"picked":"Compile Driver+1","floor":29},{"not_picked":["Steam","Streamline","Turbo"],"picked":"SKIP","floor":29},{"not_picked":["Beam Cell+1","Streamline"],"picked":"Biased Cognition+1","floor":31},{"not_picked":["Lockon","Rebound","Doom and Gloom"],"picked":"SKIP","floor":31},{"not_picked":["Creative AI+1","Amplify"],"picked":"Core Surge","floor":33},{"not_picked":["Gash+1"],"picked":"SKIP","floor":35},{"not_picked":["Ball Lightning"],"picked":"SKIP","floor":35},{"not_picked":["Turbo"],"picked":"SKIP","floor":37},{"not_picked":["Gash"],"picked":"SKIP","floor":37},{"not_picked":[],"picked":"Coolheaded+1","floor":38},{"not_picked":["Sunder"],"picked":"SKIP","floor":38},{"not_picked":["Skim+1"],"picked":"SKIP","floor":40},{"not_picked":[],"picked":"Hologram","floor":42},{"not_picked":["Rip and Tear"],"picked":"SKIP","floor":42},{"not_picked":["Rainbow"],"picked":"SKIP","floor":46},{"not_picked":["Recycle"],"picked":"SKIP","floor":47},{"not_picked":["Turbo"],"picked":"SKIP","floor":47},{"not_picked":[],"picked":"Coolheaded+1","floor":48},{"not_picked":["Steam"],"picked":"SKIP","floor":48},{"not_picked":["Recycle"],"picked":"SKIP","floor":54}],"player_experience":462091,"relics_obtained":[{"floor":7,"key":"Unceasing Top"},{"floor":9,"key":"Dead Branch"},{"floor":14,"key":"Prayer Wheel"},{"floor":21,"key":"Nilry\u0027s Codex"},{"floor":24,"key":"Frozen Egg 2"},{"floor":26,"key":"DataDisk"},{"floor":28,"key":"Incense Burner"},{"floor":40,"key":"Happy Flower"},{"floor":46,"key":"Boot"},{"floor":54,"key":"Bag of Marbles"}],"event_choices":[{"damage_healed":0,"gold_gain":0,"player_choice":"Ignored","damage_taken":0,"max_hp_gain":0,"max_hp_loss":0,"event_name":"Liars Game","floor":3,"gold_loss":0},{"damage_healed":0,"gold_gain":0,"player_choice":"Paid Gold","damage_taken":0,"relics_obtained":["Oddly Smooth Stone"],"max_hp_gain":0,"max_hp_loss":0,"event_name":"WeMeetAgain","floor":13,"gold_loss":50},{"damage_healed":0,"gold_gain":0,"player_choice":"Ignored","damage_taken":0,"max_hp_gain":0,"max_hp_loss":0,"event_name":"The Mausoleum","floor":20,"gold_loss":0},{"damage_healed":0,"gold_gain":0,"player_choice":"Obtained Book","damage_taken":21,"max_hp_gain":0,"max_hp_loss":0,"event_name":"Cursed Tome","floor":21,"gold_loss":0},{"cards_removed":["Strike_B"],"damage_healed":0,"gold_gain":0,"player_choice":"Purged","damage_taken":0,"max_hp_gain":0,"max_hp_loss":0,"event_name":"Purifier","floor":36,"gold_loss":0},{"damage_healed":0,"gold_gain":0,"player_choice":"0 cards matched","damage_taken":0,"max_hp_gain":0,"max_hp_loss":0,"event_name":"Match and Keep!","floor":44,"gold_loss":0,"cards_obtained":[]}],"is_beta":false,"boss_relics":[{"not_picked":["Philosopher\u0027s Stone","Runic Dome"],"picked":"Inserter"},{"not_picked":["FrozenCore","Lizard Tail"],"picked":"Busted Crown"}],"items_purged_floors":[4,39,53],"is_endless":false,"potions_floor_spawned":[2,7,18,22,28,31,38,40,42],"ascension_level":15}