{"gold_per_floor":[119,130,130,144,155,155,185,10,10,40,40,40,52,52,52,148,198,218,235,235,253,0,35,35,51,78,78],"floor_reached":27,"playtime":919,"items_purged":[],"score":255,"play_id":"400605ac-76fc-4033-a06c-b4f380c4c3be","local_time":"20190714232627","is_ascension_mode":true,"campfire_choices":[{"data":"Blade Dance","floor":6,"key":"SMITH"},{"floor":11,"key":"REST"},{"floor":15,"key":"REST"}],"neow_cost":"NONE","seed_source_timestamp":36335539857582,"circlet_count":0,"master_deck":["Strike_G","Strike_G","Strike_G","Strike_G","Strike_G","Defend_G","Defend_G","Defend_G+1","Defend_G","Defend_G","Survivor","Neutralize","Sucker Punch","Accuracy","Poisoned Stab","Blade Dance+1","Backflip","Blade Dance","Glass Knife","Dagger Throw","Dagger Throw","Parasite","Adrenaline","Backflip","All Out Attack","Terror+1","Bouncing Flask+1","Backflip","Sucker Punch","Pain"],"relics":["Cursed Key","Snake Skull","Lantern","Paper Crane","Tiny House","Blue Candle","Letter Opener","Blood Vial"],"potions_floor_usage":[10,16,23,25],"damage_taken":[{"damage":0,"enemies":"Jaw Worm","floor":1,"turns":5},{"damage":0,"enemies":"Small Slimes","floor":2,"turns":4},{"damage":0,"enemies":"2 Louse","floor":4,"turns":3},{"damage":8,"enemies":"Red Slaver","floor":5,"turns":5},{"damage":17,"enemies":"3 Sentries","floor":7,"turns":8},{"damage":13,"enemies":"Gremlin Nob","floor":10,"turns":3},{"damage":12,"enemies":"3 Louse","floor":13,"turns":2},{"damage":41,"enemies":"Hexaghost","floor":16,"turns":9},{"damage":4,"enemies":"Shell Parasite","floor":18,"turns":4},{"damage":0,"enemies":"Chosen","floor":19,"turns":4},{"damage":19,"enemies":"Sentry and Sphere","floor":21,"turns":4},{"damage":18,"enemies":"Book of Stabbing","floor":23,"turns":5},{"damage":21,"enemies":"Snake Plant","floor":25,"turns":4},{"damage":14,"enemies":"Colosseum Slavers","floor":27,"turns":1}],"seed_played":"-2708432880346629547","potions_obtained":[{"floor":2,"key":"PowerPotion"},{"floor":4,"key":"Fire Potion"},{"floor":7,"key":"Poison Potion"},{"floor":17,"key":"Energy Potion"},{"floor":19,"key":"Regen Potion"},{"floor":24,"key":"Dexterity Potion"},{"floor":25,"key":"FearPotion"}],"is_trial":false,"path_per_floor":["M","M","$","M","M","R","E","$","T","E","R","?","M","?","R","B",null,"M","M","?","M","$","E","?","M","T","?"],"character_chosen":"THE_SILENT","items_purchased":["Blade Dance","Glass Knife","Blue Candle"],"campfire_rested":2,"item_purchase_floors":[8,8,22],"current_hp_per_floor":[70,70,70,70,62,62,45,45,45,32,53,46,34,51,70,29,75,71,71,57,38,38,32,32,11,11,0],"gold":78,"neow_bonus":"BOSS_RELIC","is_prod":false,"is_daily":false,"chose_seed":false,"campfire_upgraded":1,"win_rate":0,"timestamp":1563143187,"path_taken":["M","M","$","M","M","R","E","$","T","E","R","?","M","?","R","BOSS","M","M","?","M","$","E","?","?","T","?"],"build_version":"2019-07-05","purchased_purges":0,"victory":false,"max_hp_per_floor":[70,70,70,70,70,70,70,70,70,70,70,70,70,70,70,70,75,75,75,80,80,80,80,80,80,80,80],"card_choices":[{"not_picked":["Slice","Bane"],"picked":"Sucker Punch","floor":1},{"not_picked":["Bane","Expertise"],"picked":"Accuracy","floor":2},{"not_picked":["Deflect","PiercingWail"],"picked":"Poisoned Stab","floor":4},{"not_picked":["Deflect","Underhanded Strike"],"picked":"Blade Dance","floor":5},{"not_picked":["PiercingWail","Acrobatics"],"picked":"Backflip","floor":7},{"not_picked":["Underhanded Strike","Well Laid Plans"],"picked":"Dagger Throw","floor":10},{"not_picked":["Slice","PiercingWail"],"picked":"Dagger Throw","floor":13},{"not_picked":["Unload","Storm of Steel"],"picked":"Adrenaline","floor":16},{"not_picked":["Poisoned Stab","Predator"],"picked":"Backflip","floor":17},{"not_picked":["Catalyst","Leg Sweep"],"picked":"All Out Attack","floor":18},{"not_picked":["Backflip","Crippling Poison"],"picked":"Terror+1","floor":19},{"not_picked":["Acrobatics+1","Caltrops"],"picked":"Bouncing Flask+1","floor":21},{"not_picked":["Masterful Stab","Well Laid Plans"],"picked":"Backflip","floor":23},{"not_picked":["Underhanded Strike","Noxious Fumes"],"picked":"Sucker Punch","floor":25}],"player_experience":394937,"relics_obtained":[{"floor":7,"key":"Snake Skull"},{"floor":9,"key":"Lantern"},{"floor":10,"key":"Paper Crane"},{"floor":23,"key":"Letter Opener"},{"floor":26,"key":"Blood Vial"}],"event_choices":[{"cards_removed":["Doubt"],"damage_healed":0,"gold_gain":0,"player_choice":"Card Removal","damage_taken":7,"max_hp_gain":0,"max_hp_loss":0,"event_name":"Golden Wing","floor":12,"gold_loss":0},{"damage_healed":17,"gold_gain":0,"player_choice":"Healed and dodged fight","damage_taken":0,"max_hp_gain":0,"max_hp_loss":0,"event_name":"Mushrooms","floor":14,"gold_loss":0,"cards_obtained":["Parasite"]},{"damage_healed":0,"gold_gain":0,"player_choice":"Shed Blood","damage_taken":19,"max_hp_gain":5,"max_hp_loss":0,"event_name":"Forgotten Altar","floor":20,"gold_loss":0},{"damage_healed":0,"gold_gain":0,"player_choice":"Got Potions","damage_taken":0,"max_hp_gain":0,"max_hp_loss":0,"event_name":"Lab","floor":24,"gold_loss":0},{"damage_healed":0,"gold_gain":0,"player_choice":"Fight","damage_taken":0,"max_hp_gain":0,"max_hp_loss":0,"event_name":"Colosseum","floor":27,"gold_loss":0}],"is_beta":false,"boss_relics":[{"not_picked":["Eternal Feather","Calling Bell"],"picked":"Tiny House"}],"items_purged_floors":[],"is_endless":false,"potions_floor_spawned":[2,4,7,19,25],"killed_by":"Colosseum Slavers","ascension_level":1}