{"gold_per_floor":[116,116,116,135,153,187,187,197,197,215,215,234,234],"floor_reached":13,"playtime":3558,"items_purged":[],"score":87,"play_id":"4b841ae1-aefb-4fee-919e-a2bb20e4b10d","local_time":"20180706134651","is_ascension_mode":false,"campfire_choices":[{"floor":7,"key":"REST"},{"floor":11,"key":"REST"}],"neow_cost":"NONE","seed_source_timestamp":10446564494768,"circlet_count":0,"master_deck":["Strike_R","Strike_R","Strike_R","Strike_R","Strike_R","Defend_R","Defend_R","Defend_R","Bash","Pommel Strike","Cleave","Regret","Cleave","Whirlwind","Perfected Strike","Shrug It Off","Sword Boomerang","Disarm"],"relics":["Black Star","Blood Vial","Bottled Flame","Ornamental Fan","Centennial Puzzle"],"potions_floor_usage":[],"damage_taken":[{"damage":0,"enemies":"Small Slimes","floor":1,"turns":3},{"damage":5,"enemies":"2 Louse","floor":4,"turns":2},{"damage":7,"enemies":"Cultist","floor":5,"turns":4},{"damage":54,"enemies":"Lagavulin","floor":6,"turns":6},{"damage":16,"enemies":"Blue Slaver","floor":8,"turns":3},{"damage":12,"enemies":"3 Louse","floor":10,"turns":2},{"damage":13,"enemies":"Exordium Wildlife","floor":12,"turns":3},{"damage":33,"enemies":"Exordium Thugs","floor":13,"turns":4}],"seed_played":"-484331730786853294","potions_obtained":[{"floor":1,"key":"LiquidBronze"},{"floor":8,"key":"Weak Potion"},{"floor":10,"key":"Weak Potion"}],"is_trial":false,"path_per_floor":["M","?","?","M","M","E","R","M","T","M","R","M"],"character_chosen":"IRONCLAD","items_purchased":[],"campfire_rested":2,"item_purchase_floors":[],"current_hp_per_floor":[80,80,80,75,70,18,42,28,28,18,42,31,0],"gold":234,"neow_bonus":"BOSS_RELIC","is_prod":false,"is_daily":false,"chose_seed":false,"campfire_upgraded":0,"win_rate":0.0,"timestamp":1530881211,"path_taken":["M","?","?","?","M","E","R","M","T","M","R","M","M"],"build_version":"2018-07-05","purchased_purges":0,"victory":false,"max_hp_per_floor":[80,80,80,80,80,80,80,80,80,80,80,80,80],"card_choices":[{"not_picked":["Corruption","Clash"],"picked":"Pommel Strike","floor":1},{"not_picked":["Armaments","Clothesline"],"picked":"Cleave","floor":4},{"not_picked":["Intimidate","Sever Soul"],"picked":"Whirlwind","floor":5},{"not_picked":["Thunderclap","Pummel"],"picked":"Perfected Strike","floor":6},{"not_picked":["Fire Breathing","Uppercut"],"picked":"Shrug It Off","floor":8},{"not_picked":["Dual Wield","Clash"],"picked":"Sword Boomerang","floor":10},{"not_picked":["Spot Weakness","Rupture"],"picked":"Disarm","floor":12}],"player_experience":17425,"relics_obtained":[{"floor":6,"key":"Bottled Flame"},{"floor":6,"key":"Ornamental Fan"},{"floor":9,"key":"Centennial Puzzle"}],"event_choices":[{"event_name":"Living Wall","player_choice":"Change","floor":2,"damage_taken":0},{"event_name":"Big Fish","player_choice":"Box","floor":3,"damage_taken":0}],"boss_relics":[],"items_purged_floors":[],"is_endless":false,"potions_floor_spawned":[1,8,10],"killed_by":"Exordium Thugs","ascension_level":0}