{"gold_per_floor":[117,133,208,208,208,234,247,247,247,267,287,314,332,65,65,168,168,178,178,189,224,242,277,277,293,293,308,325,19,19,39,39,143,143,154,154,165,212,228,228,256,273,297,320,345,345,567,595,595,595,595,595,54,87,87],"floor_reached":55,"playtime":1995,"items_purged":["Normality","Doubt"],"score":839,"play_id":"15c99f58-2ff7-4b17-a641-3f6059f277d5","local_time":"20190616013939","is_ascension_mode":false,"campfire_choices":[{"floor":15,"key":"REST"},{"floor":30,"key":"RECALL"},{"floor":32,"key":"REST"},{"floor":40,"key":"REST"},{"floor":46,"key":"REST"},{"floor":49,"key":"REST"},{"floor":52,"key":"REST"}],"neow_cost":"NONE","seed_source_timestamp":46104997646404,"circlet_count":0,"master_deck":["Bash","Sword Boomerang","Exhume+1","Thunderclap","Ghostly Armor+1","Fiend Fire","Sword Boomerang","Headbutt","Reaper","Shrug It Off","Sword Boomerang","Clothesline","Clash","Inflame","Spot Weakness","Pummel","Spot Weakness","Impervious","Clash+1","Infernal Blade+1","Heavy Blade+1","Inflame","Havoc","Spot Weakness","Double Tap","Exhume","Sword Boomerang+1","Clash+1","Parasite","Havoc","Clash","Decay","Infernal Blade+1","Shockwave"],"relics":["Pandora\u0027s Box","Self Forming Clay","Mummified Hand","PreservedInsect","Cursed Key","Red Mask","Smiling Mask","War Paint","Meat on the Bone","Fusion Hammer","Turnip","Pen Nib","Lantern","Boot","Frozen Egg 2","Paper Frog","Ice Cream","Strange Spoon","Red Skull"],"potions_floor_usage":[18,18,28,31,31],"damage_taken":[{"damage":1,"enemies":"Jaw Worm","floor":1,"turns":3},{"damage":0,"enemies":"Small Slimes","floor":2,"turns":3},{"damage":8,"enemies":"Gremlin Nob","floor":6,"turns":3},{"damage":6,"enemies":"2 Louse","floor":7,"turns":3},{"damage":14,"enemies":"Gremlin Gang","floor":10,"turns":3},{"damage":2,"enemies":"Looter","floor":11,"turns":2},{"damage":15,"enemies":"Lagavulin","floor":12,"turns":4},{"damage":4,"enemies":"2 Fungi Beasts","floor":13,"turns":3},{"damage":39,"enemies":"Slime Boss","floor":16,"turns":9},{"damage":10,"enemies":"3 Byrds","floor":18,"turns":2},{"damage":0,"enemies":"Chosen","floor":20,"turns":3},{"damage":14,"enemies":"Masked Bandits","floor":21,"turns":3},{"damage":27,"enemies":"Shelled Parasite and Fungi","floor":22,"turns":3},{"damage":14,"enemies":"Slavers","floor":23,"turns":2},{"damage":16,"enemies":"Centurion and Healer","floor":25,"turns":3},{"damage":6,"enemies":"Chosen and Byrds","floor":27,"turns":3},{"damage":0,"enemies":"Sentry and Sphere","floor":28,"turns":3},{"damage":24,"enemies":"Centurion and Healer","floor":31,"turns":3},{"damage":46,"enemies":"Champ","floor":33,"turns":6},{"damage":15,"enemies":"Orb Walker","floor":35,"turns":3},{"damage":23,"enemies":"3 Darklings","floor":37,"turns":4},{"damage":21,"enemies":"2 Orb Walkers","floor":38,"turns":3},{"damage":0,"enemies":"Writhing Mass","floor":39,"turns":2},{"damage":41,"enemies":"Giant Head","floor":41,"turns":6},{"damage":19,"enemies":"4 Shapes","floor":42,"turns":3},{"damage":39,"enemies":"Reptomancer","floor":45,"turns":4},{"damage":13,"enemies":"Giant Head","floor":48,"turns":4},{"damage":88,"enemies":"Awakened One","floor":50,"turns":7},{"damage":47,"enemies":"Shield and Spear","floor":54,"turns":4},{"damage":55,"enemies":"The Heart","floor":55,"turns":3}],"seed_played":"-7693469944333314068","potions_obtained":[{"floor":2,"key":"FearPotion"},{"floor":10,"key":"PowerPotion"},{"floor":12,"key":"Dexterity Potion"},{"floor":16,"key":"Explosive Potion"},{"floor":21,"key":"FearPotion"},{"floor":23,"key":"Strength Potion"},{"floor":25,"key":"Explosive Potion"},{"floor":27,"key":"Fruit Juice"},{"floor":37,"key":"Weak Potion"},{"floor":38,"key":"EssenceOfSteel"},{"floor":48,"key":"SteroidPotion"}],"is_trial":false,"path_per_floor":["M","M","?","?","?","E","M","?","T","M","M","E","M","$","R","B",null,"M","?","M","?","M","E","?","M","T","M","M","$","R","M","R","B",null,"M","?","M","?","M","R","E","M","T","T","E","R","?","E","R","B",null,"R","$","E","B"],"character_chosen":"IRONCLAD","items_purchased":["Pummel","Spot Weakness","PreservedInsect","Meat on the Bone","Ice Cream","Strange Spoon"],"campfire_rested":6,"item_purchase_floors":[14,14,14,29,53,53],"current_hp_per_floor":[79,80,69,74,67,59,61,61,61,53,51,36,40,40,65,41,85,75,75,85,71,54,40,40,25,25,38,43,43,43,46,73,39,90,75,75,81,60,60,87,60,53,53,53,50,77,77,64,90,29,90,90,90,55,0],"gold":87,"neow_bonus":"BOSS_RELIC","is_prod":false,"is_daily":false,"chose_seed":false,"campfire_upgraded":0,"win_rate":0,"timestamp":1560645579,"path_taken":["M","M","?","?","?","E","M","?","T","?","M","E","?","$","R","BOSS","M","?","M","?","?","E","?","M","T","M","?","$","R","M","R","BOSS","M","?","M","?","M","R","E","M","T","?","E","R","?","E","R","BOSS","R","$","E","BOSS"],"build_version":"2019-01-23","purchased_purges":2,"victory":false,"max_hp_per_floor":[80,80,80,85,85,85,85,85,85,85,85,85,85,85,85,85,85,85,85,85,85,85,85,85,85,85,85,90,90,90,90,90,90,90,90,90,90,90,90,90,90,90,90,90,90,90,90,90,90,90,90,90,90,90,90],"card_choices":[{"not_picked":["Spot Weakness","Perfected Strike"],"picked":"Shrug It Off","floor":1},{"not_picked":["Iron Wave","Cleave"],"picked":"Sword Boomerang","floor":2},{"not_picked":["Searing Blow","Dropkick"],"picked":"Pommel Strike","floor":6},{"not_picked":["True Grit","Blood for Blood","Anger"],"picked":"SKIP","floor":7},{"not_picked":["Headbutt","Fire Breathing"],"picked":"Clothesline","floor":10},{"not_picked":["Iron Wave","Clothesline"],"picked":"Clash","floor":11},{"not_picked":["Headbutt","Ghostly Armor"],"picked":"Inflame","floor":12},{"not_picked":["Thunderclap","Flex"],"picked":"Spot Weakness","floor":13},{"not_picked":["Fiend Fire","Barricade"],"picked":"Impervious","floor":16},{"not_picked":["Dual Wield+1","Hemokinesis"],"picked":"Clash+1","floor":18},{"not_picked":["Body Slam","Wild Strike+1"],"picked":"Infernal Blade","floor":20},{"not_picked":["Twin Strike","Dropkick"],"picked":"Heavy Blade+1","floor":21},{"not_picked":["Clash","Flex"],"picked":"Inflame","floor":22},{"not_picked":["Cleave","Clothesline","Barricade"],"picked":"SKIP","floor":23},{"not_picked":["Thunderclap","Heavy Blade"],"picked":"Havoc","floor":25},{"not_picked":["Evolve","Clothesline+1","Thunderclap+1"],"picked":"SKIP","floor":27},{"not_picked":["Clothesline+1","Flex"],"picked":"Spot Weakness","floor":28},{"not_picked":["Heavy Blade+1","Armaments+1"],"picked":"Double Tap","floor":31},{"not_picked":["Bludgeon","Barricade"],"picked":"Exhume","floor":33},{"not_picked":["Headbutt","Iron Wave"],"picked":"Sword Boomerang+1","floor":35},{"not_picked":["Wild Strike","Bludgeon"],"picked":"Clash+1","floor":37},{"not_picked":["Combust","Cleave+1","Perfected Strike+1"],"picked":"SKIP","floor":39},{"not_picked":["Wild Strike+1","Fire Breathing"],"picked":"Havoc","floor":41},{"not_picked":["Anger+1","Perfected Strike+1"],"picked":"Clash","floor":42},{"not_picked":["Cleave+1","Exhume"],"picked":"Infernal Blade+1","floor":45},{"not_picked":["Rage","Headbutt"],"picked":"Shockwave","floor":48},{"not_picked":["True Grit+1","Carnage+1","Wild Strike+1"],"picked":"SKIP","floor":54}],"player_experience":326838,"relics_obtained":[{"floor":6,"key":"Self Forming Clay"},{"floor":12,"key":"Mummified Hand"},{"floor":21,"key":"Red Mask"},{"floor":23,"key":"Smiling Mask"},{"floor":26,"key":"War Paint"},{"floor":38,"key":"Turnip"},{"floor":41,"key":"Pen Nib"},{"floor":43,"key":"Lantern"},{"floor":44,"key":"Boot"},{"floor":45,"key":"Frozen Egg 2"},{"floor":48,"key":"Paper Frog"},{"floor":54,"key":"Red Skull"}],"event_choices":[{"damage_healed":0,"gold_gain":75,"player_choice":"Gather Gold","damage_taken":11,"max_hp_gain":0,"max_hp_loss":0,"event_name":"World of Goop","floor":3,"gold_loss":0},{"damage_healed":0,"gold_gain":0,"player_choice":"Donut","damage_taken":0,"max_hp_gain":5,"max_hp_loss":0,"event_name":"Big Fish","floor":4,"gold_loss":0},{"cards_removed":["Rupture"],"damage_healed":0,"gold_gain":0,"player_choice":"Card Removal","damage_taken":7,"max_hp_gain":0,"max_hp_loss":0,"event_name":"Golden Wing","floor":5,"gold_loss":0},{"damage_healed":0,"gold_gain":0,"player_choice":"Upgraded","damage_taken":0,"max_hp_gain":0,"max_hp_loss":0,"event_name":"Upgrade Shrine","floor":8,"gold_loss":0,"cards_upgraded":["Exhume"]},{"damage_healed":0,"gold_gain":0,"player_choice":"Ignored","damage_taken":0,"max_hp_gain":0,"max_hp_loss":0,"event_name":"Ghosts","floor":19,"gold_loss":0},{"damage_healed":0,"gold_gain":0,"player_choice":"Fought Bandits","damage_taken":0,"max_hp_gain":0,"max_hp_loss":0,"event_name":"Masked Bandits","floor":21,"gold_loss":0},{"damage_healed":0,"gold_gain":0,"player_choice":"Ignored","damage_taken":0,"max_hp_gain":0,"max_hp_loss":0,"event_name":"NoteForYourself","floor":24,"gold_loss":0},{"cards_removed":["Pommel Strike"],"damage_healed":0,"gold_gain":0,"player_choice":"Removed Attack","damage_taken":0,"max_hp_gain":0,"max_hp_loss":0,"event_name":"Falling","floor":36,"gold_loss":0},{"damage_healed":0,"gold_gain":0,"player_choice":"Fight","damage_taken":0,"max_hp_gain":0,"max_hp_loss":0,"event_name":"Mysterious Sphere","floor":38,"gold_loss":0},{"damage_healed":0,"gold_gain":222,"player_choice":"Wore Mask","damage_taken":0,"max_hp_gain":0,"max_hp_loss":0,"event_name":"Tomb of Lord Red Mask","floor":47,"gold_loss":0}],"is_beta":false,"boss_relics":[{"not_picked":["Busted Crown","Ectoplasm"],"picked":"Cursed Key"},{"not_picked":["White Beast Statue","Velvet Choker"],"picked":"Fusion Hammer"}],"items_purged_floors":[29,53],"is_endless":false,"potions_floor_spawned":[2,10,12,16,21,23,25,27,37,38,48],"killed_by":"The Heart","ascension_level":0}