{"gold_per_floor":[111,124,124,2,13,40,56,56,56,71,71,84,109,29,29,127,127,138,165,165,176,186,186,204,204,204,220,220,106,125,138,138,243,243,260,17,17,17,29,29,43,43,43,43,43,75,75],"floor_reached":47,"playtime":3315,"items_purged":["Decay","Strike_R"],"score":467,"play_id":"06d1a09a-37f2-49e6-b631-c2292b14186f","local_time":"20190713221316","is_ascension_mode":false,"campfire_choices":[{"data":"Hemokinesis","floor":8,"key":"SMITH"},{"data":"True Grit","floor":11,"key":"SMITH"},{"floor":15,"key":"REST"},{"data":"Flame Barrier","floor":25,"key":"SMITH"},{"floor":28,"key":"REST"},{"floor":32,"key":"REST"},{"data":"Limit Break","floor":40,"key":"SMITH"},{"floor":42,"key":"REST"}],"neow_cost":"NONE","seed_source_timestamp":209538319238600,"circlet_count":0,"master_deck":["Strike_R","Strike_R","Strike_R","Strike_R+1","Defend_R+1","Defend_R","Defend_R","Defend_R","Bash+1","Headbutt","Clothesline+1","Inflame","Twin Strike","Hemokinesis+1","True Grit+1","Shockwave","Ghostly Armor","Flame Barrier+1","Limit Break+1","Pommel Strike+1","Headbutt+1","Battle Trance+1","Shrug It Off+1","Shrug It Off","Anger+1","Immolate+1","Shrug It Off","Carnage+1","Whirlwind+1","Immolate+1","True Grit+1","Anger+1","Impervious"],"relics":["Burning Blood","StoneCalendar","Prayer Wheel","Molten Egg 2","Sozu","Whetstone","Bottled Tornado","Runic Cube","War Paint","Bird Faced Urn","Dead Branch"],"potions_floor_usage":[6,6,13,13,16],"damage_taken":[{"damage":5,"enemies":"2 Louse","floor":1,"turns":4},{"damage":0,"enemies":"Cultist","floor":2,"turns":2},{"damage":0,"enemies":"Small Slimes","floor":5,"turns":3},{"damage":22,"enemies":"3 Sentries","floor":6,"turns":7},{"damage":9,"enemies":"3 Louse","floor":7,"turns":4},{"damage":31,"enemies":"Exordium Thugs","floor":10,"turns":5},{"damage":23,"enemies":"Gremlin Gang","floor":12,"turns":5},{"damage":24,"enemies":"Lagavulin","floor":13,"turns":5},{"damage":31,"enemies":"Hexaghost","floor":16,"turns":9},{"damage":16,"enemies":"Shell Parasite","floor":18,"turns":4},{"damage":10,"enemies":"Chosen","floor":21,"turns":6},{"damage":0,"enemies":"Snecko","floor":22,"turns":3},{"damage":27,"enemies":"Sentry and Sphere","floor":24,"turns":5},{"damage":16,"enemies":"Cultist and Chosen","floor":27,"turns":5},{"damage":2,"enemies":"3 Cultists","floor":30,"turns":3},{"damage":7,"enemies":"Snake Plant","floor":31,"turns":4},{"damage":65,"enemies":"Automaton","floor":33,"turns":7},{"damage":3,"enemies":"3 Darklings","floor":35,"turns":2},{"damage":13,"enemies":"3 Shapes","floor":39,"turns":3},{"damage":42,"enemies":"Writhing Mass","floor":41,"turns":5},{"damage":40,"enemies":"Reptomancer","floor":46,"turns":5},{"damage":68,"enemies":"Maw","floor":47,"turns":8}],"seed_played":"-2586414265472685739","potions_obtained":[{"floor":5,"key":"PowerPotion"},{"floor":6,"key":"SteroidPotion"},{"floor":10,"key":"FairyPotion"},{"floor":12,"key":"Regen Potion"},{"floor":13,"key":"AttackPotion"}],"is_trial":false,"path_per_floor":["M","M","?","$","M","E","M","R","T","M","R","M","E","$","R","B",null,"M","T","?","M","M","?","M","R","T","M","R","$","M","M","R","B",null,"M","$","?","?","M","R","M","R","T","$","?","E","M"],"character_chosen":"IRONCLAD","items_purchased":["Inflame","Weak Potion","Flame Barrier","Whirlwind+1","War Paint"],"campfire_rested":4,"item_purchase_floors":[4,4,14,29,36],"current_hp_per_floor":[80,80,80,80,80,64,61,61,61,36,36,19,15,15,39,14,80,70,70,70,66,72,72,51,51,51,41,65,65,69,68,80,21,80,80,80,80,80,73,73,37,61,61,61,61,29,0],"gold":75,"neow_bonus":"UPGRADE_CARD","is_prod":false,"is_daily":false,"chose_seed":false,"campfire_upgraded":4,"win_rate":0,"timestamp":1563081196,"path_taken":["M","M","?","$","M","E","M","R","T","M","R","M","E","$","R","BOSS","M","?","?","M","M","?","M","R","T","?","R","$","?","M","R","BOSS","M","$","?","?","M","R","?","R","T","$","?","E","?"],"build_version":"2019-07-05","purchased_purges":2,"victory":false,"max_hp_per_floor":[80,80,80,80,80,80,80,80,80,80,80,80,80,80,80,80,80,80,80,80,80,80,80,80,80,80,80,80,80,80,80,80,80,80,80,80,80,80,80,80,80,80,80,80,80,80,80],"card_choices":[{"not_picked":["Twin Strike","Body Slam"],"picked":"Headbutt","floor":1},{"not_picked":["Ghostly Armor","Entrench"],"picked":"Clothesline","floor":2},{"not_picked":["Power Through","Clothesline"],"picked":"Twin Strike","floor":5},{"not_picked":["Perfected Strike","Heavy Blade"],"picked":"Hemokinesis","floor":6},{"not_picked":["Twin Strike","Armaments","Havoc"],"picked":"SKIP","floor":7},{"not_picked":["Headbutt","Searing Blow"],"picked":"True Grit","floor":10},{"not_picked":["Shockwave","Bloodletting","Double Tap"],"picked":"SKIP","floor":10},{"not_picked":["Bloodletting","Double Tap"],"picked":"Shockwave","floor":10},{"not_picked":["Evolve","Havoc","Dual Wield"],"picked":"SKIP","floor":12},{"not_picked":["Clothesline","Twin Strike","Fire Breathing"],"picked":"SKIP","floor":12},{"not_picked":["Clothesline","Double Tap"],"picked":"Ghostly Armor","floor":13},{"not_picked":["Dark Embrace","Juggernaut"],"picked":"Limit Break","floor":16},{"not_picked":["Second Wind","Sword Boomerang+1"],"picked":"Pommel Strike+1","floor":18},{"not_picked":["Thunderclap+1","Inflame"],"picked":"Headbutt+1","floor":18},{"not_picked":["Spot Weakness","Heavy Blade+1"],"picked":"Shrug It Off+1","floor":21},{"not_picked":["Clash+1","Perfected Strike+1"],"picked":"Shrug It Off","floor":21},{"not_picked":["Clash+1","Flex"],"picked":"Anger+1","floor":22},{"not_picked":["Flex","Second Wind+1","Feed+1"],"picked":"SKIP","floor":22},{"not_picked":["Seeing Red","Perfected Strike+1"],"picked":"Immolate+1","floor":24},{"not_picked":["Second Wind+1","Heavy Blade+1"],"picked":"Shrug It Off","floor":24},{"not_picked":["Hemokinesis+1","Inflame+1"],"picked":"Carnage+1","floor":27},{"not_picked":["Wild Strike+1","Clash+1","Twin Strike+1"],"picked":"SKIP","floor":27},{"not_picked":["Thunderclap+1","Fire Breathing","Body Slam+1"],"picked":"SKIP","floor":30},{"not_picked":["Clash+1","Shrug It Off","Headbutt+1"],"picked":"SKIP","floor":30},{"not_picked":["Combust","Clothesline+1","Heavy Blade+1"],"picked":"SKIP","floor":31},{"not_picked":["True Grit","Flex","Power Through"],"picked":"SKIP","floor":31},{"not_picked":["Feed+1","Impervious"],"picked":"Immolate+1","floor":33},{"not_picked":["Whirlwind+1","Shockwave+1"],"picked":"True Grit+1","floor":35},{"not_picked":["Whirlwind+1","Iron Wave+1","Headbutt+1"],"picked":"SKIP","floor":35},{"not_picked":["Clash+1","Cleave+1","Warcry+1"],"picked":"SKIP","floor":39},{"not_picked":["Carnage+1","Shrug It Off+1","Armaments"],"picked":"SKIP","floor":39},{"not_picked":["Havoc","Sever Soul+1"],"picked":"Anger+1","floor":41},{"not_picked":["Burning Pact+1","Thunderclap+1","Body Slam+1"],"picked":"SKIP","floor":41},{"not_picked":["Armaments+1","Anger+1"],"picked":"Impervious","floor":46}],"player_experience":142244,"relics_obtained":[{"floor":6,"key":"StoneCalendar"},{"floor":9,"key":"Prayer Wheel"},{"floor":13,"key":"Molten Egg 2"},{"floor":19,"key":"Whetstone"},{"floor":26,"key":"Bottled Tornado"},{"floor":43,"key":"Bird Faced Urn"},{"floor":46,"key":"Dead Branch"}],"event_choices":[{"damage_healed":0,"gold_gain":0,"player_choice":"Ignored","damage_taken":0,"max_hp_gain":0,"max_hp_loss":0,"event_name":"NoteForYourself","floor":3,"gold_loss":0},{"damage_healed":0,"gold_gain":0,"player_choice":"Read","damage_taken":0,"max_hp_gain":0,"max_hp_loss":0,"event_name":"The Library","floor":20,"gold_loss":0,"cards_obtained":["Battle Trance"]},{"damage_healed":0,"gold_gain":0,"player_choice":"Smashed Altar","damage_taken":0,"max_hp_gain":0,"max_hp_loss":0,"event_name":"Forgotten Altar","floor":23,"gold_loss":0,"cards_obtained":["Decay"]},{"damage_healed":0,"gold_gain":0,"player_choice":"Memory 1","damage_taken":0,"max_hp_gain":0,"max_hp_loss":0,"event_name":"SensoryStone","floor":37,"gold_loss":0},{"damage_healed":0,"gold_gain":0,"player_choice":"Leave","damage_taken":0,"max_hp_gain":0,"max_hp_loss":0,"event_name":"FaceTrader","floor":38,"gold_loss":0},{"damage_healed":0,"gold_gain":0,"player_choice":"0 cards matched","damage_taken":0,"max_hp_gain":0,"max_hp_loss":0,"event_name":"Match and Keep!","floor":45,"gold_loss":0,"cards_obtained":[]}],"is_beta":false,"boss_relics":[{"not_picked":["Coffee Dripper","Snecko Eye"],"picked":"Sozu"},{"not_picked":["Eternal Feather","Runic Pyramid"],"picked":"Runic Cube"}],"items_purged_floors":[29,36],"is_endless":false,"potions_floor_spawned":[5,6,10,12,13,24,30,33,41,46],"killed_by":"Maw","ascension_level":0}