{"gold_per_floor":[109,124,65,83,83,83,114,114,114,114,127,140,140,175,175,247,247,257,32,44,57,75,101,116,148,148,168,198,218,233,245,245,319,319,329,18,35,53,53,88,88,113,167,167,179,196,225,237,237,237,237,237,237,14,44,44],"floor_reached":57,"playtime":6353,"items_purged":["Zap"],"score":3615,"play_id":"9d84d4b4-ba47-4d60-a90d-780f5dfbb1c2","local_time":"20190706161322","is_ascension_mode":true,"campfire_choices":[{"data":"Tempest","floor":6,"key":"SMITH"},{"data":"Genetic Algorithm","floor":8,"key":"SMITH"},{"floor":15,"key":"REST"},{"floor":32,"key":"RECALL"},{"floor":49,"key":"REST"},{"floor":53,"key":"REST"}],"neow_cost":"NONE","seed_source_timestamp":232351757096600,"circlet_count":0,"master_deck":["AscendersBane","Dualcast+1","Tempest+1","Undo+1","Genetic Algorithm+1","Sunder+1","Thunder Strike+1","Recycle+1","Genetic Algorithm+1","Genetic Algorithm+1","Seek+1","Doom and Gloom+1","Beam Cell+1","Double Energy+1","Chaos+1","Cold Snap+1","Undo+1","Genetic Algorithm+1","Amplify+1","Hologram+1","Chill+1","Skim+1","Turbo+1","Reprogram+1","Coolheaded+1","Meteor Strike+1","Hologram+1","Acrobatics+1","Violence+1","Deep Breath+1","Hologram+1","Reinforced Body+1","Rampage+1","Burning Pact+1"],"relics":["Cracked Core","Molten Egg 2","Toxic Egg 2","Anchor","CultistMask","Calipers","Pandora\u0027s Box","Bag of Preparation","Singing Bowl","Du-Vu Doll","Letter Opener","Nuclear Battery","PrismaticShard","Kunai","War Paint","Strawberry","Centennial Puzzle","Membership Card","Dodecahedron"],"potions_floor_usage":[7,16,56,56],"damage_taken":[{"damage":3,"enemies":"2 Louse","floor":1,"turns":3},{"damage":0,"enemies":"Small Slimes","floor":2,"turns":4},{"damage":0,"enemies":"Cultist","floor":4,"turns":3},{"damage":6,"enemies":"Gremlin Nob","floor":7,"turns":3},{"damage":8,"enemies":"2 Fungi Beasts","floor":11,"turns":3},{"damage":0,"enemies":"Lots of Slimes","floor":12,"turns":4},{"damage":10,"enemies":"Lagavulin","floor":14,"turns":5},{"damage":29,"enemies":"Slime Boss","floor":16,"turns":7},{"damage":0,"enemies":"Spheric Guardian","floor":18,"turns":3},{"damage":1,"enemies":"3 Byrds","floor":20,"turns":4},{"damage":0,"enemies":"Cultist and Chosen","floor":21,"turns":4},{"damage":0,"enemies":"Sentry and Sphere","floor":22,"turns":5},{"damage":0,"enemies":"Slavers","floor":23,"turns":5},{"damage":0,"enemies":"Snecko","floor":24,"turns":3},{"damage":0,"enemies":"Gremlin Leader","floor":25,"turns":6},{"damage":0,"enemies":"Snake Plant","floor":27,"turns":2},{"damage":0,"enemies":"Slavers","floor":28,"turns":3},{"damage":0,"enemies":"Chosen and Byrds","floor":29,"turns":6},{"damage":0,"enemies":"Shelled Parasite and Fungi","floor":30,"turns":3},{"damage":0,"enemies":"Centurion and Healer","floor":31,"turns":3},{"damage":0,"enemies":"Automaton","floor":33,"turns":6},{"damage":0,"enemies":"3 Shapes","floor":35,"turns":3},{"damage":0,"enemies":"Orb Walker","floor":37,"turns":2},{"damage":0,"enemies":"Sphere and 2 Shapes","floor":38,"turns":1},{"damage":0,"enemies":"Reptomancer","floor":40,"turns":3},{"damage":0,"enemies":"Giant Head","floor":42,"turns":4},{"damage":0,"enemies":"Jaw Worm Horde","floor":45,"turns":3},{"damage":0,"enemies":"Spire Growth","floor":46,"turns":4},{"damage":0,"enemies":"Nemesis","floor":47,"turns":1},{"damage":0,"enemies":"3 Darklings","floor":48,"turns":4},{"damage":0,"enemies":"Awakened One","floor":50,"turns":5},{"damage":0,"enemies":"Donu and Deca","floor":51,"turns":4},{"damage":0,"enemies":"Shield and Spear","floor":55,"turns":5},{"damage":0,"enemies":"The Heart","floor":56,"turns":12}],"seed_played":"-3048816201028441438","potions_obtained":[{"floor":1,"key":"Energy Potion"},{"floor":2,"key":"PowerPotion"},{"floor":11,"key":"FairyPotion"},{"floor":16,"key":"Dexterity Potion"},{"floor":18,"key":"Strength Potion"},{"floor":21,"key":"Fire Potion"},{"floor":22,"key":"Block Potion"},{"floor":28,"key":"FocusPotion"},{"floor":47,"key":"PowerPotion"}],"is_trial":false,"path_per_floor":["M","M","$","M","?","R","E","R","T","?","M","M","?","E","R","B",null,"M","$","M","M","M","E","M","E","T","M","E","M","M","M","R","B",null,"M","$","M","M","$","E","?","E","T","?","M","M","E","M","R","B","B",null,"R","$","E","B",null],"character_chosen":"DEFECT","items_purchased":["Ball Lightning","Bag of Preparation","Hologram+1","PrismaticShard","Hologram+1","Membership Card"],"campfire_rested":3,"item_purchase_floors":[3,19,19,36,36,54],"current_hp_per_floor":[68,68,68,68,63,63,57,57,57,57,49,49,49,39,62,33,67,67,67,66,66,66,68,68,70,70,72,72,72,74,76,76,76,85,87,87,87,89,89,91,83,85,92,92,92,94,94,96,109,109,109,109,109,109,109,109],"gold":44,"neow_bonus":"TEN_PERCENT_HP_BONUS","is_prod":false,"is_daily":false,"chose_seed":false,"campfire_upgraded":2,"win_rate":0,"timestamp":1562444002,"path_taken":["M","M","$","M","?","R","E","R","T","?","?","M","?","E","R","BOSS","M","$","M","M","M","E","M","E","T","M","E","M","M","M","R","BOSS","M","$","M","M","?","E","?","E","T","?","?","M","E","M","R","BOSS","BOSS","R","$","E","BOSS"],"build_version":"2019-07-05","purchased_purges":1,"victory":true,"max_hp_per_floor":[78,78,78,78,78,78,78,78,78,78,78,78,78,78,78,78,78,78,78,78,78,78,80,80,82,82,84,84,84,86,88,88,88,88,90,90,90,92,92,94,96,98,105,105,105,107,107,109,109,109,109,109,109,109,109,109],"card_choices":[{"not_picked":["Conserve Battery","Hello World"],"picked":"Tempest","floor":1},{"not_picked":["Hologram","Streamline"],"picked":"Undo","floor":2},{"not_picked":["Fusion","Force Field"],"picked":"Genetic Algorithm","floor":4},{"not_picked":["Gash+1","Beam Cell+1"],"picked":"Sunder+1","floor":7},{"not_picked":["Consume+1","Stack+1"],"picked":"Recycle+1","floor":11},{"not_picked":["Reprogram+1","Rebound+1"],"picked":"Genetic Algorithm+1","floor":12},{"not_picked":["Gash+1","Creative AI"],"picked":"Genetic Algorithm+1","floor":14},{"not_picked":["Electrodynamics","Creative AI"],"picked":"Seek+1","floor":16},{"not_picked":["Redo+1","Streamline+1","Stack+1"],"picked":"SKIP","floor":18},{"not_picked":["Barrage+1","Doom and Gloom+1","Blizzard+1"],"picked":"SKIP","floor":20},{"not_picked":["Barrage+1","Doom and Gloom+1","Blizzard+1"],"picked":"SKIP","floor":20},{"not_picked":["Stack+1","All For One+1"],"picked":"Chill+1","floor":21},{"not_picked":["Capacitor","Fusion+1"],"picked":"Skim+1","floor":22},{"not_picked":["Doom and Gloom+1","Streamline+1","Beam Cell+1"],"picked":"Singing Bowl","floor":23},{"not_picked":["Undo+1","Barrage+1"],"picked":"Turbo+1","floor":24},{"not_picked":["Beam Cell+1","Turbo+1","Go for the Eyes+1"],"picked":"Singing Bowl","floor":25},{"not_picked":["Steam+1","Conserve Battery+1","Melter+1"],"picked":"Singing Bowl","floor":27},{"not_picked":["Sweeping Beam+1","Amplify+1"],"picked":"Reprogram+1","floor":28},{"not_picked":["Streamline+1","Turbo+1"],"picked":"Coolheaded+1","floor":29},{"not_picked":["Redo+1","Auto Shields+1","Coolheaded+1"],"picked":"Singing Bowl","floor":30},{"not_picked":["Go for the Eyes+1","Self Repair","Redo+1"],"picked":"Singing Bowl","floor":31},{"not_picked":["Thunder Strike+1","Amplify+1"],"picked":"Meteor Strike+1","floor":33},{"not_picked":["Turbo+1","Sweeping Beam+1","Coolheaded+1"],"picked":"Singing Bowl","floor":35},{"not_picked":["White Noise+1","Dagger Throw+1"],"picked":"Acrobatics+1","floor":37},{"not_picked":["Dodge and Roll+1","Hologram+1","Flex+1"],"picked":"Singing Bowl","floor":38},{"not_picked":["Hologram+1","Bouncing Flask+1","Evolve"],"picked":"Singing Bowl","floor":40},{"not_picked":["HandOfGreed+1","Mayhem"],"picked":"Violence+1","floor":41},{"not_picked":["Enlightenment+1","Bandage Up+1","Mind Blast+1"],"picked":"Singing Bowl","floor":41},{"not_picked":["Dark Shackles+1","Dramatic Entrance+1"],"picked":"Deep Breath+1","floor":41},{"not_picked":["Concentrate+1","Go for the Eyes+1","Combust"],"picked":"Singing Bowl","floor":42},{"not_picked":["Poisoned Stab+1","Sunder+1"],"picked":"Reinforced Body+1","floor":45},{"not_picked":["Dagger Throw+1","Masterful Stab+1","Pummel+1"],"picked":"Singing Bowl","floor":46},{"not_picked":["Self Repair","Deadly Poison+1"],"picked":"Rampage+1","floor":47},{"not_picked":["Distraction+1","Sword Boomerang+1","Redo+1"],"picked":"Singing Bowl","floor":48},{"not_picked":["Armaments+1","Bandage Up+1"],"picked":"Burning Pact+1","floor":55}],"player_experience":2209714,"relics_obtained":[{"floor":7,"key":"Toxic Egg 2"},{"floor":9,"key":"Anchor"},{"floor":14,"key":"Calipers"},{"floor":23,"key":"Singing Bowl"},{"floor":25,"key":"Du-Vu Doll"},{"floor":28,"key":"Letter Opener"},{"floor":40,"key":"Kunai"},{"floor":42,"key":"War Paint"},{"floor":43,"key":"Strawberry"},{"floor":47,"key":"Centennial Puzzle"},{"floor":55,"key":"Dodecahedron"}],"event_choices":[{"damage_healed":0,"gold_gain":0,"player_choice":"Success","damage_taken":5,"relics_obtained":["Molten Egg 2"],"max_hp_gain":0,"max_hp_loss":0,"event_name":"Scrap Ooze","floor":5,"gold_loss":0},{"damage_healed":0,"gold_gain":0,"player_choice":"1 cards matched","damage_taken":0,"max_hp_gain":0,"max_hp_loss":0,"event_name":"Match and Keep!","floor":10,"gold_loss":0,"cards_obtained":["Thunder Strike"]},{"damage_healed":0,"gold_gain":0,"player_choice":"1 cards matched","damage_taken":0,"max_hp_gain":0,"max_hp_loss":0,"event_name":"Match and Keep!","floor":10,"gold_loss":0,"cards_obtained":["Thunder Strike"]},{"damage_healed":0,"gold_gain":0,"player_choice":"Trade","damage_taken":0,"relics_obtained":["CultistMask"],"max_hp_gain":0,"max_hp_loss":0,"event_name":"FaceTrader","floor":13,"gold_loss":0},{"damage_healed":0,"gold_gain":0,"player_choice":"Memory 3","damage_taken":10,"max_hp_gain":0,"max_hp_loss":0,"event_name":"SensoryStone","floor":41,"gold_loss":0},{"damage_healed":0,"gold_gain":0,"cards_transformed":["Ball Lightning"],"player_choice":"Transformed","damage_taken":0,"max_hp_gain":0,"max_hp_loss":0,"event_name":"Transmorgrifier","floor":44,"gold_loss":0,"cards_obtained":["Hologram"]}],"is_beta":false,"boss_relics":[{"not_picked":["Snecko Eye","Inserter"],"picked":"Pandora\u0027s Box"},{"not_picked":["Runic Dome","White Beast Statue"],"picked":"Nuclear Battery"}],"items_purged_floors":[36],"is_endless":false,"potions_floor_spawned":[1,2,11,16,18,21,22,23,28,29,30,35,38,46,47],"ascension_level":20}