{"gold_per_floor":[114,114,137,153,167,167,167,192,217,217,242,242,285,310,310,434,434,453,61,61,82,96,96,112,130,130,130,229,229,254,254],"floor_reached":31,"playtime":2024,"items_purged":[],"score":291,"play_id":"5e6a90aa-3df1-4294-a6e9-e832a5c827d8","local_time":"20180722173729","is_ascension_mode":false,"campfire_choices":[{"data":"Crippling Poison","floor":6,"key":"SMITH"},{"floor":10,"key":"REST"},{"data":"Bane","floor":12,"key":"SMITH"},{"floor":15,"key":"REST"},{"floor":23,"key":"REST"},{"floor":27,"key":"REST"}],"neow_cost":"","seed_source_timestamp":107265826960079,"circlet_count":0,"master_deck":["Defend_G+1","Defend_G","Defend_G","Defend_G","Defend_G+1","Strike_G","Strike_G","Strike_G","Strike_G","Strike_G","Survivor","Neutralize","Predator","Poisoned Stab+1","Crippling Poison+1","Dagger Spray","Bane+1","Poisoned Stab","Bane","Deadly Poison","Flying Knee","Slice","Die Die Die","Prepared","Poisoned Stab","Necronomicurse","Underhanded Strike+1","Outmaneuver+1","Skewer","Corpse Explosion","PiercingWail+1","Outmaneuver+1","PiercingWail+1","Predator"],"relics":["Ring of the Snake","Golden Idol","Dream Catcher","Boot","White Beast Statue","Toy Ornithopter","War Paint","Necronomicon","Gambling Chip"],"potions_floor_usage":[5,21,22,22,24,25,30,30,31],"damage_taken":[{"damage":0,"enemies":"2 Louse","floor":1,"turns":4},{"damage":3,"enemies":"Jaw Worm","floor":3,"turns":3},{"damage":0,"enemies":"Small Slimes","floor":4,"turns":3},{"damage":8,"enemies":"Red Slaver","floor":5,"turns":5},{"damage":13,"enemies":"Blue Slaver","floor":8,"turns":3},{"damage":0,"enemies":"Looter","floor":11,"turns":3},{"damage":16,"enemies":"Lagavulin","floor":13,"turns":5},{"damage":9,"enemies":"Red Slaver","floor":14,"turns":2},{"damage":0,"enemies":"Slime Boss","floor":16,"turns":7},{"damage":6,"enemies":"Chosen","floor":18,"turns":3},{"damage":15,"enemies":"3 Byrds","floor":21,"turns":3},{"damage":8,"enemies":"Sentry and Sphere","floor":22,"turns":5},{"damage":51,"enemies":"Slaver and Parasite","floor":24,"turns":7},{"damage":17,"enemies":"Centurion and Healer","floor":25,"turns":4},{"damage":0,"enemies":"Snake Plant","floor":30,"turns":4},{"damage":34,"enemies":"Gremlin Leader","floor":31,"turns":4}],"seed_played":"-6753715015693021014","potions_obtained":[{"floor":1,"key":"Regen Potion"},{"floor":5,"key":"GhostInAJar"},{"floor":13,"key":"Ancient Potion"},{"floor":18,"key":"Explosive Potion"},{"floor":21,"key":"Swift Potion"},{"floor":22,"key":"Regen Potion"},{"floor":24,"key":"GhostInAJar"},{"floor":25,"key":"GhostInAJar"},{"floor":30,"key":"Ancient Potion"}],"is_trial":false,"path_per_floor":["M","?","M","M","M","R","?","M","T","R","M","R","E","M","R","B",null,"M","$","?","M","M","R","M","M","T","R","?","?","M"],"character_chosen":"THE_SILENT","items_purchased":["Toy Ornithopter","War Paint","Poisoned Stab"],"campfire_rested":4,"item_purchase_floors":[19,19,19],"current_hp_per_floor":[70,65,62,62,63,63,63,50,50,65,65,65,49,40,59,59,65,59,59,43,31,29,48,15,1,1,20,20,20,26,0],"gold":254,"neow_bonus":"","is_prod":false,"is_daily":false,"chose_seed":false,"campfire_upgraded":2,"win_rate":0.0,"timestamp":1532277449,"path_taken":["M","?","M","M","M","R","?","M","T","R","M","R","E","M","R","BOSS","M","$","?","?","M","R","M","M","T","R","?","?","M","E"],"build_version":"2018-07-19v2","purchased_purges":0,"victory":false,"max_hp_per_floor":[70,65,65,65,65,65,65,65,65,65,65,65,65,65,65,65,65,65,65,65,65,65,65,65,65,65,65,65,65,65,65],"card_choices":[{"not_picked":["Tactician","Expertise"],"picked":"Predator","floor":1},{"not_picked":["Flying Knee","Endless Agony"],"picked":"Poisoned Stab","floor":3},{"not_picked":["Flying Knee","Backstab"],"picked":"Crippling Poison","floor":4},{"not_picked":["Terror","Crippling Poison"],"picked":"Dagger Spray","floor":5},{"not_picked":["Phantasmal Killer","Deflect"],"picked":"Bane","floor":8},{"not_picked":["Acrobatics","Riddle With Holes"],"picked":"Poisoned Stab","floor":10},{"not_picked":["Acrobatics","Leg Sweep"],"picked":"Bane","floor":11},{"not_picked":["Caltrops","Distraction"],"picked":"Deadly Poison","floor":13},{"not_picked":["Deflect","Riddle With Holes"],"picked":"Flying Knee","floor":14},{"not_picked":["Finisher","Crippling Poison"],"picked":"Slice","floor":15},{"not_picked":["Malaise","Phantasmal Killer"],"picked":"Die Die Die","floor":16},{"not_picked":["Infinite Blades","Dagger Throw"],"picked":"Prepared","floor":18},{"not_picked":["Outmaneuver","Poisoned Stab+1"],"picked":"Underhanded Strike+1","floor":21},{"not_picked":["Dodge and Roll","Dagger Throw"],"picked":"Outmaneuver+1","floor":22},{"not_picked":["Dodge and Roll","Blur"],"picked":"Skewer","floor":23},{"not_picked":["Well Laid Plans","Infinite Blades"],"picked":"Corpse Explosion","floor":24},{"not_picked":["Backstab","Poisoned Stab"],"picked":"PiercingWail+1","floor":25},{"not_picked":["Crippling Poison+1","Dagger Throw"],"picked":"Outmaneuver+1","floor":27},{"not_picked":["Outmaneuver","Poisoned Stab+1"],"picked":"Predator","floor":30}],"player_experience":48095,"relics_obtained":[{"floor":9,"key":"Dream Catcher"},{"floor":13,"key":"Boot"},{"floor":20,"key":"Necronomicon"},{"floor":26,"key":"Gambling Chip"}],"event_choices":[{"event_name":"Golden Idol","player_choice":"Lose Max HP","floor":2,"damage_taken":0},{"event_name":"Living Wall","player_choice":"Grow","floor":7,"damage_taken":0},{"event_name":"Cursed Tome","player_choice":"Obtained Book","floor":20,"damage_taken":0},{"event_name":"Nest","player_choice":"Stole From Cult","floor":28,"damage_taken":0},{"event_name":"Duplicator","player_choice":"One dupe","floor":29,"damage_taken":0}],"is_beta":false,"boss_relics":[{"not_picked":["Snecko Eye","Runic Pyramid"],"picked":"White Beast Statue"}],"items_purged_floors":[],"is_endless":false,"potions_floor_spawned":[1,5,13,18,21,22,24,25,30],"killed_by":"Gremlin Leader","ascension_level":0}