{"gold_per_floor":[110,121,121,52,52,52,83,83,135,6,30,53,93,93,93,222,222,247,272,292,311,326,364,364,11,11,11,50,50,89,112,112,240,240,264,6,22,22,46,87,87,122,201,201,244,279,291,317,329,341],"floor_reached":51,"playtime":5802,"items_purged":["Pain","Perfected Strike"],"score":1018,"play_id":"1115d126-2865-489f-aa17-e1877b8e95f2","local_time":"20190706200012","is_ascension_mode":true,"campfire_choices":[{"data":"Juggernaut","floor":6,"key":"SMITH"},{"data":"Battle Trance","floor":8,"key":"SMITH"},{"data":"Armaments","floor":15,"key":"SMITH"},{"floor":24,"key":"REST"},{"floor":27,"key":"RECALL"},{"data":"Shockwave","floor":29,"key":"SMITH"},{"floor":32,"key":"DIG"},{"floor":41,"key":"DIG"},{"floor":44,"key":"DIG"},{"floor":47,"key":"DIG"},{"floor":49,"key":"DIG"}],"neow_cost":"TEN_PERCENT_HP_LOSS","seed_source_timestamp":5849324845598,"circlet_count":0,"master_deck":["Strike_R","Strike_R","Strike_R","Defend_R","Defend_R","Defend_R","Defend_R","Bash","Juggernaut+1","Shockwave+1","Intimidate","True Grit","Shrug It Off","Battle Trance+1","Armaments+1","Good Instincts","Shrug It Off","Warcry","Battle Trance","Whirlwind+1","Disarm+1","Armaments","True Grit+1","Shrug It Off+1","Barricade","Warcry+1","Battle Trance+1","Warcry+1","Iron Wave+1","Body Slam","Warcry+1","Warcry+1","Warcry+1"],"relics":["Burning Blood","Golden Idol","Prayer Wheel","Bag of Preparation","WarpedTongs","Philosopher\u0027s Stone","Toxic Egg 2","Letter Opener","Meat on the Bone","Bottled Flame","Shovel","Smiling Mask","Fusion Hammer","Chemical X","Ornamental Fan","Self Forming Clay","Mercury Hourglass","Gremlin Horn","Oddly Smooth Stone","MawBank","Pantograph","Mummified Hand"],"potions_floor_usage":[7,13,22,33,33,46],"damage_taken":[{"damage":5,"enemies":"Small Slimes","floor":1,"turns":3},{"damage":1,"enemies":"Cultist","floor":2,"turns":3},{"damage":30,"enemies":"Gremlin Nob","floor":7,"turns":5},{"damage":0,"enemies":"Jaw Worm","floor":11,"turns":4},{"damage":9,"enemies":"Lots of Slimes","floor":12,"turns":5},{"damage":18,"enemies":"3 Sentries","floor":13,"turns":9},{"damage":35,"enemies":"Slime Boss","floor":16,"turns":12},{"damage":2,"enemies":"Chosen","floor":18,"turns":5},{"damage":7,"enemies":"Shell Parasite","floor":19,"turns":5},{"damage":12,"enemies":"Centurion and Healer","floor":20,"turns":10},{"damage":6,"enemies":"Snake Plant","floor":21,"turns":5},{"damage":32,"enemies":"3 Cultists","floor":22,"turns":4},{"damage":16,"enemies":"Gremlin Leader","floor":23,"turns":8},{"damage":0,"enemies":"Book of Stabbing","floor":28,"turns":6},{"damage":4,"enemies":"Gremlin Leader","floor":30,"turns":6},{"damage":2,"enemies":"Cultist and Chosen","floor":31,"turns":6},{"damage":55,"enemies":"Automaton","floor":33,"turns":12},{"damage":25,"enemies":"3 Darklings","floor":35,"turns":4},{"damage":13,"enemies":"3 Shapes","floor":37,"turns":1},{"damage":0,"enemies":"Spire Growth","floor":39,"turns":5},{"damage":0,"enemies":"Giant Head","floor":40,"turns":9},{"damage":0,"enemies":"Nemesis","floor":42,"turns":7},{"damage":0,"enemies":"Reptomancer","floor":45,"turns":4},{"damage":1,"enemies":"Transient","floor":46,"turns":5},{"damage":0,"enemies":"3 Darklings","floor":48,"turns":1},{"damage":8,"enemies":"Awakened One","floor":50,"turns":9}],"seed_played":"-5044786068331105280","potions_obtained":[{"floor":1,"key":"BloodPotion"},{"floor":2,"key":"EssenceOfSteel"},{"floor":12,"key":"AttackPotion"},{"floor":13,"key":"SneckoOil"},{"floor":22,"key":"AttackPotion"},{"floor":23,"key":"FairyPotion"},{"floor":31,"key":"EssenceOfSteel"},{"floor":35,"key":"EssenceOfSteel"},{"floor":42,"key":"LiquidBronze"},{"floor":46,"key":"EssenceOfSteel"}],"is_trial":false,"path_per_floor":["M","M","?","$","?","R","E","R","T","$","M","M","E","?","R","B",null,"M","M","M","M","M","E","R","$","T","R","E","R","E","M","R","B",null,"M","$","M","?","M","E","R","E","T","R","E","M","R","M","R","B",null],"character_chosen":"IRONCLAD","items_purchased":["True Grit","Shrug It Off","Armaments","Good Instincts","Letter Opener","True Grit+1","Chemical X"],"campfire_rested":1,"item_purchase_floors":[4,4,10,10,25,25,36],"current_hp_per_floor":[72,72,54,54,54,54,30,30,30,30,36,33,39,39,39,10,72,72,71,65,65,39,29,50,50,50,50,56,56,58,62,62,25,72,53,53,46,46,52,58,58,64,64,64,68,68,68,68,68,66],"gold":353,"neow_bonus":"TRANSFORM_TWO_CARDS","is_prod":false,"is_daily":false,"chose_seed":false,"campfire_upgraded":4,"win_rate":0,"timestamp":1562436012,"path_taken":["M","M","?","$","?","R","E","R","T","$","M","?","E","?","R","BOSS","M","M","M","M","M","E","R","?","T","R","E","R","E","M","R","BOSS","M","$","M","?","M","E","R","E","T","R","E","M","R","M","R","BOSS"],"build_version":"2019-07-05","purchased_purges":2,"victory":true,"max_hp_per_floor":[72,72,72,72,72,72,72,72,72,72,72,72,72,72,72,72,72,72,72,72,72,72,72,72,72,72,72,72,72,72,72,72,72,72,72,72,72,68,68,68,68,68,68,68,68,68,68,68,68,68],"card_choices":[{"not_picked":["Combust","Body Slam"],"picked":"Shockwave","floor":1},{"not_picked":["Clash","Perfected Strike"],"picked":"Intimidate","floor":2},{"not_picked":["Bloodletting","Thunderclap"],"picked":"Battle Trance","floor":7},{"not_picked":["Second Wind","Body Slam"],"picked":"Shrug It Off","floor":11},{"not_picked":["Headbutt","Offering"],"picked":"Warcry","floor":11},{"not_picked":["Blood for Blood","Sword Boomerang"],"picked":"Battle Trance","floor":12},{"not_picked":["Hemokinesis","Twin Strike","True Grit"],"picked":"SKIP","floor":12},{"not_picked":["Body Slam","Intimidate","Brutality"],"picked":"SKIP","floor":13},{"not_picked":["Clash","Rampage"],"picked":"Whirlwind+1","floor":18},{"not_picked":["Inflame","Pommel Strike+1","Sword Boomerang"],"picked":"SKIP","floor":18},{"not_picked":["Entrench","Feel No Pain+1"],"picked":"Disarm+1","floor":19},{"not_picked":["Inflame","Wild Strike","Uppercut"],"picked":"SKIP","floor":19},{"not_picked":["Thunderclap","True Grit","Carnage"],"picked":"SKIP","floor":20},{"not_picked":["Pommel Strike+1","Clothesline","Body Slam+1"],"picked":"SKIP","floor":20},{"not_picked":["Shockwave","Berserk","Clothesline"],"picked":"SKIP","floor":21},{"not_picked":["Clothesline","Anger","Pommel Strike"],"picked":"SKIP","floor":21},{"not_picked":["Sword Boomerang+1","Iron Wave"],"picked":"Armaments","floor":22},{"not_picked":["Headbutt+1","Clothesline+1","Fire Breathing+1"],"picked":"SKIP","floor":22},{"not_picked":["Carnage","Whirlwind","Inflame+1"],"picked":"SKIP","floor":23},{"not_picked":["Iron Wave","Bloodletting+1","Dropkick"],"picked":"SKIP","floor":28},{"not_picked":["Anger","Demon Form"],"picked":"Shrug It Off+1","floor":30},{"not_picked":["Sever Soul","Pommel Strike","Feel No Pain+1"],"picked":"SKIP","floor":31},{"not_picked":["Clothesline","Rampage","Whirlwind+1"],"picked":"SKIP","floor":31},{"not_picked":["Bludgeon","Limit Break+1"],"picked":"Barricade","floor":33},{"not_picked":["Disarm+1","Armaments+1"],"picked":"Warcry+1","floor":35},{"not_picked":["Infernal Blade+1","Inflame+1","Anger"],"picked":"SKIP","floor":35},{"not_picked":["Clash+1","Barricade"],"picked":"Battle Trance+1","floor":37},{"not_picked":["Clothesline","Pommel Strike+1","Thunderclap+1"],"picked":"SKIP","floor":37},{"not_picked":["Perfected Strike+1","Flex+1"],"picked":"Warcry+1","floor":39},{"not_picked":["Rampage+1","Thunderclap+1"],"picked":"Iron Wave+1","floor":39},{"not_picked":["Headbutt","Anger"],"picked":"Body Slam","floor":40},{"not_picked":["Carnage","Sword Boomerang+1"],"picked":"Warcry+1","floor":42},{"not_picked":["Thunderclap+1","Evolve","Heavy Blade"],"picked":"SKIP","floor":45},{"not_picked":["Wild Strike+1","Pommel Strike+1"],"picked":"Warcry+1","floor":46},{"not_picked":["Twin Strike","Feel No Pain+1","Cleave"],"picked":"SKIP","floor":46},{"not_picked":["Wild Strike+1","Pommel Strike"],"picked":"Warcry+1","floor":48},{"not_picked":["Bloodletting+1","Blood for Blood+1","Sword Boomerang+1"],"picked":"SKIP","floor":48}],"player_experience":44919,"relics_obtained":[{"floor":7,"key":"Prayer Wheel"},{"floor":13,"key":"Bag of Preparation"},{"floor":23,"key":"Toxic Egg 2"},{"floor":26,"key":"Meat on the Bone"},{"floor":28,"key":"Bottled Flame"},{"floor":30,"key":"Shovel"},{"floor":32,"key":"Smiling Mask"},{"floor":40,"key":"Ornamental Fan"},{"floor":41,"key":"Self Forming Clay"},{"floor":42,"key":"Mercury Hourglass"},{"floor":43,"key":"Gremlin Horn"},{"floor":44,"key":"Oddly Smooth Stone"},{"floor":45,"key":"MawBank"},{"floor":47,"key":"Pantograph"},{"floor":49,"key":"Mummified Hand"}],"event_choices":[{"damage_healed":0,"gold_gain":0,"player_choice":"Take Damage","damage_taken":18,"relics_obtained":["Golden Idol"],"max_hp_gain":0,"max_hp_loss":0,"event_name":"Golden Idol","floor":3,"gold_loss":0},{"damage_healed":0,"gold_gain":0,"player_choice":"Bought 0 Potions","damage_taken":0,"max_hp_gain":0,"max_hp_loss":0,"event_name":"The Woman in Blue","floor":5,"gold_loss":0},{"damage_healed":0,"gold_gain":0,"player_choice":"Rummage","damage_taken":0,"relics_obtained":["WarpedTongs"],"max_hp_gain":0,"max_hp_loss":0,"event_name":"Accursed Blacksmith","floor":14,"gold_loss":0,"cards_obtained":["Pain"]},{"damage_healed":0,"gold_gain":0,"player_choice":"Max HP","damage_taken":0,"max_hp_gain":0,"max_hp_loss":4,"event_name":"Winding Halls","floor":38,"gold_loss":0}],"is_beta":false,"boss_relics":[{"not_picked":["Black Star","Ectoplasm"],"picked":"Philosopher\u0027s Stone"},{"not_picked":["Eternal Feather","Runic Pyramid"],"picked":"Fusion Hammer"}],"items_purged_floors":[25,36],"is_endless":false,"potions_floor_spawned":[1,2,12,13,22,23,30,31,35,42,46],"ascension_level":2}