{"gold_per_floor":[114,124,139,155,1,1,26,46,46,110,126,126,201,201,201,201],"floor_reached":16,"playtime":1033,"items_purged":["Normality"],"score":140,"play_id":"816b5ab2-55a0-436c-a070-1b63f69f4fb0","local_time":"20190712200216","is_ascension_mode":true,"campfire_choices":[{"floor":6,"key":"RECALL"},{"floor":12,"key":"REST"},{"floor":15,"key":"REST"}],"neow_cost":"CURSE","seed_source_timestamp":3092282654221,"circlet_count":0,"master_deck":["Strike_R","Strike_R","Strike_R","Strike_R","Strike_R","Defend_R","Defend_R+1","Defend_R","Defend_R","Bash","Immolate","Iron Wave","Armaments+1","Seeing Red","Sentinel","Metallicize","Feel No Pain","True Grit","Battle Trance"],"relics":["Burning Blood","Unceasing Top","Tiny Chest"],"potions_floor_usage":[11,16,16],"damage_taken":[{"damage":1,"enemies":"Jaw Worm","floor":1,"turns":4},{"damage":2,"enemies":"2 Louse","floor":2,"turns":2},{"damage":0,"enemies":"Small Slimes","floor":3,"turns":3},{"damage":0,"enemies":"Exordium Wildlife","floor":4,"turns":1},{"damage":25,"enemies":"Lagavulin","floor":7,"turns":10},{"damage":12,"enemies":"Red Slaver","floor":8,"turns":3},{"damage":36,"enemies":"Gremlin Nob","floor":10,"turns":5},{"damage":8,"enemies":"Blue Slaver","floor":11,"turns":4},{"damage":62,"enemies":"Hexaghost","floor":16,"turns":12}],"seed_played":"6355532690484587419","potions_obtained":[{"floor":2,"key":"Fruit Juice"},{"floor":7,"key":"Regen Potion"},{"floor":10,"key":"Ancient Potion"}],"is_trial":false,"path_per_floor":["M","M","M","M","$","R","E","M","T","E","M","R","?","?","R","B"],"character_chosen":"IRONCLAD","items_purchased":["Metallicize"],"campfire_rested":2,"item_purchase_floors":[5],"current_hp_per_floor":[80,80,80,80,80,80,61,55,55,25,35,59,48,32,56,0],"gold":201,"neow_bonus":"THREE_RARE_CARDS","is_prod":false,"is_daily":false,"chose_seed":false,"campfire_upgraded":0,"win_rate":0,"timestamp":1562954536,"path_taken":["M","M","M","M","$","R","E","M","T","E","M","R","?","?","R","BOSS"],"build_version":"2019-07-05","purchased_purges":1,"victory":false,"max_hp_per_floor":[80,80,80,80,80,80,80,80,80,80,80,80,80,80,80,85],"card_choices":[{"not_picked":["Impervious","Offering"],"picked":"Immolate","floor":0},{"not_picked":["Seeing Red","Wild Strike"],"picked":"Iron Wave","floor":1},{"not_picked":["Warcry","Sever Soul"],"picked":"Armaments","floor":2},{"not_picked":["Armaments","Clothesline"],"picked":"Seeing Red","floor":3},{"not_picked":["Clash","Anger"],"picked":"Sentinel","floor":4},{"not_picked":["Fiend Fire","Anger"],"picked":"Feel No Pain","floor":7},{"not_picked":["Pommel Strike","Thunderclap","Cleave"],"picked":"SKIP","floor":8},{"not_picked":["Carnage","Sword Boomerang"],"picked":"True Grit","floor":10},{"not_picked":["Perfected Strike","Iron Wave"],"picked":"Battle Trance","floor":11}],"player_experience":74929,"relics_obtained":[{"floor":7,"key":"Unceasing Top"},{"floor":10,"key":"Tiny Chest"}],"event_choices":[{"damage_healed":0,"gold_gain":75,"player_choice":"Gather Gold","damage_taken":11,"max_hp_gain":0,"max_hp_loss":0,"event_name":"World of Goop","floor":13,"gold_loss":0},{"damage_healed":0,"gold_gain":0,"player_choice":"Entered Light","damage_taken":16,"max_hp_gain":0,"max_hp_loss":0,"event_name":"Shining Light","floor":14,"gold_loss":0,"cards_upgraded":["Defend_R","Armaments"]}],"is_beta":false,"boss_relics":[],"items_purged_floors":[5],"is_endless":false,"potions_floor_spawned":[2,7,10],"killed_by":"Hexaghost","ascension_level":5}