{"gold_per_floor":[109,124,138,138,154,154,169,169],"floor_reached":8,"playtime":773,"items_purged":[],"score":55,"play_id":"2d5ea9af-51ae-4335-8803-0cd6ad9f1df2","local_time":"20190706205808","is_ascension_mode":true,"campfire_choices":[{"data":"Footwork","floor":6,"key":"SMITH"}],"neow_cost":"NONE","seed_source_timestamp":14375537356311,"circlet_count":0,"master_deck":["Strike_G","Strike_G","Strike_G","Strike_G","Strike_G","Defend_G","Defend_G","Defend_G","Defend_G","Defend_G","Survivor","Neutralize","Dodge and Roll","Footwork+1","Deflect","Dodge and Roll","Tools of the Trade"],"relics":["Ring of the Snake","Golden Idol"],"potions_floor_usage":[5,7],"damage_taken":[{"damage":4,"enemies":"Small Slimes","floor":1,"turns":4},{"damage":0,"enemies":"2 Louse","floor":2,"turns":4},{"damage":0,"enemies":"Cultist","floor":3,"turns":5},{"damage":8,"enemies":"Exordium Thugs","floor":5,"turns":7},{"damage":27,"enemies":"Lots of Slimes","floor":7,"turns":10},{"damage":0,"enemies":"Gremlin Nob","floor":8,"turns":1}],"seed_played":"-8620910510676099731","potions_obtained":[{"floor":1,"key":"Ancient Potion"},{"floor":3,"key":"Explosive Potion"},{"floor":5,"key":"SpeedPotion"}],"is_trial":false,"path_per_floor":["M","M","M","?","M","R","M","E"],"character_chosen":"THE_SILENT","items_purchased":[],"campfire_rested":0,"item_purchase_floors":[],"current_hp_per_floor":[73,73,73,54,46,46,19,19],"gold":169,"neow_bonus":"TEN_PERCENT_HP_BONUS","is_prod":false,"is_daily":false,"chose_seed":false,"campfire_upgraded":1,"win_rate":0,"timestamp":1562439488,"path_taken":["M","M","M","?","M","R","M","E"],"build_version":"2019-07-05","purchased_purges":0,"victory":false,"max_hp_per_floor":[77,77,77,77,77,77,77,77],"card_choices":[{"not_picked":["Leg Sweep","Slice"],"picked":"Dodge and Roll","floor":1},{"not_picked":["Bane","Acrobatics"],"picked":"Footwork","floor":2},{"not_picked":["Flechettes","Bouncing Flask"],"picked":"Deflect","floor":3},{"not_picked":["Dagger Throw","Heel Hook"],"picked":"Dodge and Roll","floor":5},{"not_picked":["Sucker Punch","Skewer"],"picked":"Tools of the Trade","floor":7}],"player_experience":53306,"relics_obtained":[],"event_choices":[{"damage_healed":0,"gold_gain":0,"player_choice":"Take Damage","damage_taken":19,"relics_obtained":["Golden Idol"],"max_hp_gain":0,"max_hp_loss":0,"event_name":"Golden Idol","floor":4,"gold_loss":0}],"is_beta":false,"boss_relics":[],"items_purged_floors":[],"is_endless":false,"potions_floor_spawned":[1,3,5],"killed_by":"Gremlin Nob","ascension_level":2}