{"gold_per_floor":[111,126,91,105,115,150,150,163,188,203,203,213,228,243,243,345,345,356,375,395,408,422,422],"floor_reached":23,"playtime":2813,"items_purged":[],"score":213,"play_id":"9e6982e7-5105-45b2-8ed6-b4fcb2b57d7c","local_time":"20190710203950","is_ascension_mode":true,"campfire_choices":[{"floor":7.0,"key":"RECALL"},{"data":"Sweeping Beam","floor":15.0,"key":"SMITH"}],"neow_cost":"NONE","seed_source_timestamp":0,"circlet_count":0,"master_deck":["Strike_B","Strike_B","Strike_B","Strike_B","Defend_B","Defend_B","Defend_B","Defend_B","Zap","Dualcast","Undo","Scrape","Skim","BootSequence","Sweeping Beam+1","Rip and Tear","Streamline","Gash","Undo","Coolheaded","Sunder","Seek","Go for the Eyes","Sweeping Beam","Gash","Rebound+1","Steam"],"special_seed":0,"relics":["Cracked Core","Meat on the Bone","Philosopher\u0027s Stone"],"potions_floor_usage":[21,21],"damage_taken":[{"damage":1.0,"enemies":"Cultist","floor":1.0,"turns":4.0},{"damage":7.0,"enemies":"Jaw Worm","floor":2.0,"turns":4.0},{"damage":0.0,"enemies":"2 Louse","floor":4.0,"turns":3.0},{"damage":0.0,"enemies":"Blue Slaver","floor":5.0,"turns":4.0},{"damage":30.0,"enemies":"Lagavulin","floor":6.0,"turns":11.0},{"damage":0.0,"enemies":"Gremlin Gang","floor":8.0,"turns":2.0},{"damage":4.0,"enemies":"Large Slime","floor":10.0,"turns":5.0},{"damage":0.0,"enemies":"2 Fungi Beasts","floor":12.0,"turns":3.0},{"damage":4.0,"enemies":"Gremlin Gang","floor":13.0,"turns":3.0},{"damage":1.0,"enemies":"Red Slaver","floor":14.0,"turns":4.0},{"damage":10.0,"enemies":"The Guardian","floor":16.0,"turns":14.0},{"damage":5.0,"enemies":"2 Thieves","floor":18.0,"turns":4.0},{"damage":0,"enemies":"Chosen","floor":19,"turns":5},{"damage":41,"enemies":"Snake Plant","floor":20,"turns":6},{"damage":9,"enemies":"Centurion and Healer","floor":21,"turns":9},{"damage":24,"enemies":"Cultist and Chosen","floor":22,"turns":8},{"damage":44,"enemies":"Book of Stabbing","floor":23,"turns":5}],"seed_played":"-8853367505334871788","potions_obtained":[{"floor":2.0,"key":"Explosive Potion"},{"floor":5.0,"key":"Energy Potion"},{"floor":8.0,"key":"Block Potion"},{"floor":10.0,"key":"AttackPotion"},{"floor":21,"key":"Fruit Juice"},{"floor":22,"key":"FocusPotion"}],"is_trial":false,"path_per_floor":["M","M","$","M","M","E","R","M","T","M","$","M","M","M","R","B",null,"M","M","M","M","M","E"],"character_chosen":"DEFECT","items_purchased":["Skim"],"campfire_rested":0,"item_purchase_floors":[3],"current_hp_per_floor":[81,74,74,74,74,44,44,44,44,52,52,52,48,47,47,49,82,77,77,48,56,44,0],"gold":422,"neow_bonus":"TEN_PERCENT_HP_BONUS","is_prod":false,"is_daily":false,"chose_seed":false,"campfire_upgraded":1,"win_rate":0,"timestamp":1562783990,"path_taken":["M","M","?","M","M","E","R","?","T","M","$","M","M","M","R","BOSS","M","M","M","M","M","E"],"build_version":"2019-07-05","purchased_purges":0,"victory":false,"max_hp_per_floor":[82,82,82,82,82,82,82,82,82,82,82,82,82,82,82,82,82,82,82,82,87,87,87],"card_choices":[{"not_picked":["Cold Snap","Force Field"],"picked":"Undo","floor":1.0},{"not_picked":["Redo","Barrage"],"picked":"Scrape","floor":2.0},{"not_picked":["Glacier","Stack"],"picked":"BootSequence","floor":4.0},{"not_picked":["Turbo","Cold Snap"],"picked":"Sweeping Beam","floor":5.0},{"not_picked":["Chill","Darkness"],"picked":"Rip and Tear","floor":6.0},{"not_picked":["Sunder","Lockon"],"picked":"Streamline","floor":8.0},{"not_picked":["Streamline","Barrage"],"picked":"Gash","floor":10.0},{"not_picked":["Hello World","Buffer"],"picked":"Undo","floor":12.0},{"not_picked":["Skim","Leap"],"picked":"Coolheaded","floor":13.0},{"not_picked":["Turbo","Stack"],"picked":"Sunder","floor":14.0},{"not_picked":["Multi-Cast","Meteor Strike"],"picked":"Seek","floor":16.0},{"not_picked":["Turbo","Barrage"],"picked":"Go for the Eyes","floor":18},{"not_picked":["Force Field","Storm+1"],"picked":"Sweeping Beam","floor":19},{"not_picked":["Coolheaded","Fusion"],"picked":"Gash","floor":20},{"not_picked":["Darkness","Cold Snap"],"picked":"Rebound+1","floor":21},{"not_picked":["Leap","Skim"],"picked":"Steam","floor":22}],"player_experience":72116,"relics_obtained":[{"floor":6.0,"key":"Meat on the Bone"}],"event_choices":[],"is_beta":false,"boss_relics":[{"not_picked":["Coffee Dripper","Snecko Eye"],"picked":"Philosopher\u0027s Stone"}],"items_purged_floors":[],"is_endless":false,"potions_floor_spawned":[2,5,8,10,13,20,21,22],"killed_by":"Book of Stabbing","ascension_level":1}