{"gold_per_floor":[109,120,120,137,157,157,174,174,174,192,192,192,36,62,62,167,167,182,182,199,218,234,262,187,219,219,73,73,105,105,137,137,137],"floor_reached":33,"playtime":3423,"items_purged":[],"score":341,"play_id":"762af1b6-6f78-49dc-897f-5f5420512276","local_time":"20190713224731","is_ascension_mode":true,"campfire_choices":[{"floor":6,"key":"RECALL"},{"floor":11,"key":"REST"},{"data":"Conserve Battery","floor":15,"key":"SMITH"},{"floor":28,"key":"REST"},{"data":"Buffer","floor":30,"key":"SMITH"},{"data":"Force Field","floor":32,"key":"SMITH"}],"neow_cost":"NONE","seed_source_timestamp":45318515772784,"circlet_count":0,"master_deck":["Strike_B+1","Strike_B+1","Strike_B","Strike_B","Defend_B","Defend_B","Defend_B","Zap+1","Dualcast","Sweeping Beam+1","Hologram+1","Steam","Storm","Conserve Battery+1","Ball Lightning","Self Repair","Buffer+1","Coolheaded+1","Tempest+1","Static Discharge","Stack","Force Field+1","Self Repair+1","Regret","Rebound+1","Cold Snap+1"],"relics":["Cracked Core","Oddly Smooth Stone","Blue Candle","Cursed Key","Orichalcum","Ornamental Fan","Molten Egg 2","Happy Flower","Thread and Needle","Mango"],"potions_floor_usage":[22,23,23,25,33],"damage_taken":[{"damage":2,"enemies":"Jaw Worm","floor":1,"turns":3},{"damage":0,"enemies":"Cultist","floor":2,"turns":3},{"damage":4,"enemies":"Small Slimes","floor":4,"turns":3},{"damage":2,"enemies":"Blue Slaver","floor":5,"turns":3},{"damage":6,"enemies":"Large Slime","floor":7,"turns":4},{"damage":5,"enemies":"Gremlin Gang","floor":10,"turns":4},{"damage":9,"enemies":"3 Sentries","floor":14,"turns":4},{"damage":29,"enemies":"Slime Boss","floor":16,"turns":10},{"damage":0,"enemies":"Spheric Guardian","floor":18,"turns":4},{"damage":8,"enemies":"2 Thieves","floor":20,"turns":5},{"damage":5,"enemies":"3 Cultists","floor":21,"turns":5},{"damage":9,"enemies":"Centurion and Healer","floor":22,"turns":6},{"damage":13,"enemies":"Book of Stabbing","floor":23,"turns":6},{"damage":45,"enemies":"Slavers","floor":25,"turns":7},{"damage":16,"enemies":"Book of Stabbing","floor":29,"turns":6},{"damage":36,"enemies":"Slavers","floor":31,"turns":5},{"damage":62,"enemies":"Champ","floor":33,"turns":19}],"seed_played":"-2839970207391636332","potions_obtained":[{"floor":4,"key":"SkillPotion"},{"floor":7,"key":"SneckoOil"},{"floor":21,"key":"SkillPotion"},{"floor":23,"key":"Regen Potion"},{"floor":31,"key":"Swift Potion"}],"is_trial":false,"path_per_floor":["M","M","?","M","M","R","M","?","T","M","R","?","$","E","R","B",null,"M","?","M","M","M","E","?","E","T","?","R","E","R","E","R","B"],"character_chosen":"DEFECT","items_purchased":["Oddly Smooth Stone"],"campfire_rested":2,"item_purchase_floors":[13],"current_hp_per_floor":[73,73,73,69,67,67,61,46,46,41,63,63,63,54,54,32,75,75,75,74,75,73,67,67,44,44,44,66,67,67,62,62,0],"gold":137,"neow_bonus":"UPGRADE_CARD","is_prod":false,"is_daily":false,"chose_seed":false,"campfire_upgraded":3,"win_rate":0,"timestamp":1563050851,"path_taken":["M","M","?","M","?","R","?","?","T","M","R","?","?","E","R","BOSS","M","?","?","M","M","E","?","E","T","?","R","E","R","E","R","BOSS"],"build_version":"2019-07-05","purchased_purges":0,"victory":false,"max_hp_per_floor":[75,75,75,75,75,75,75,75,75,75,75,75,75,75,75,75,75,75,75,75,75,75,75,75,75,75,75,75,75,75,89,89,89],"card_choices":[{"not_picked":["Cold Snap","Beam Cell"],"picked":"Sweeping Beam","floor":1},{"not_picked":["Gash","Beam Cell"],"picked":"Hologram","floor":2},{"not_picked":["Turbo","Biased Cognition"],"picked":"Steam","floor":4},{"not_picked":["Scrape","Rebound"],"picked":"Storm","floor":5},{"not_picked":["Rebound","Beam Cell"],"picked":"Conserve Battery","floor":7},{"not_picked":["Melter","Leap"],"picked":"Ball Lightning","floor":10},{"not_picked":["Beam Cell","Barrage"],"picked":"Self Repair","floor":14},{"not_picked":["All For One","Amplify"],"picked":"Buffer","floor":16},{"not_picked":["Beam Cell","Barrage"],"picked":"Coolheaded+1","floor":18},{"not_picked":["Skim","Beam Cell"],"picked":"Tempest+1","floor":20},{"not_picked":["Streamline","Leap"],"picked":"Static Discharge","floor":21},{"not_picked":["Gash","Hyperbeam"],"picked":"Stack","floor":22},{"not_picked":["Barrage","Rip and Tear"],"picked":"Force Field","floor":23},{"not_picked":["Sunder+1","Streamline"],"picked":"Self Repair+1","floor":25},{"not_picked":["Stack","Hologram"],"picked":"Rebound+1","floor":29},{"not_picked":["Leap","Streamline+1"],"picked":"Cold Snap+1","floor":31}],"player_experience":77513,"relics_obtained":[{"floor":14,"key":"Blue Candle"},{"floor":23,"key":"Orichalcum"},{"floor":25,"key":"Ornamental Fan"},{"floor":26,"key":"Molten Egg 2"},{"floor":29,"key":"Thread and Needle"},{"floor":31,"key":"Mango"}],"event_choices":[{"damage_healed":0,"gold_gain":0,"player_choice":"Upgraded","damage_taken":0,"max_hp_gain":0,"max_hp_loss":0,"event_name":"Upgrade Shrine","floor":3,"gold_loss":0,"cards_upgraded":["Sweeping Beam"]},{"damage_healed":0,"gold_gain":0,"player_choice":"Entered Light","damage_taken":15,"max_hp_gain":0,"max_hp_loss":0,"event_name":"Shining Light","floor":8,"gold_loss":0,"cards_upgraded":["Strike_B","Strike_B"]},{"damage_healed":0,"gold_gain":0,"player_choice":"Grow","damage_taken":0,"max_hp_gain":0,"max_hp_loss":0,"event_name":"Living Wall","floor":12,"gold_loss":0,"cards_upgraded":["Hologram"]},{"damage_healed":0,"gold_gain":0,"player_choice":"Bought 0 Potions","damage_taken":0,"max_hp_gain":0,"max_hp_loss":0,"event_name":"The Woman in Blue","floor":19,"gold_loss":0},{"cards_removed":["Defend_B"],"damage_healed":0,"gold_gain":0,"player_choice":"Gave Gold","damage_taken":0,"max_hp_gain":0,"max_hp_loss":0,"event_name":"Beggar","floor":24,"gold_loss":75},{"damage_healed":0,"gold_gain":0,"player_choice":"Paid Gold","damage_taken":0,"relics_obtained":["Happy Flower"],"max_hp_gain":0,"max_hp_loss":0,"event_name":"WeMeetAgain","floor":27,"gold_loss":146}],"is_beta":false,"boss_relics":[{"not_picked":["Velvet Choker","Snecko Eye"],"picked":"Cursed Key"}],"items_purged_floors":[],"is_endless":false,"potions_floor_spawned":[4,7,21,23,31],"killed_by":"Champ","ascension_level":1}