{"gold_per_floor":[115,115,129,129,129,129,142,154,154,170,170,170],"floor_reached":12,"playtime":451,"items_purged":[],"score":70,"play_id":"26ea636e-0d15-4d88-aca8-bd34b60906d6","local_time":"20180726110407","is_ascension_mode":false,"campfire_choices":[{"data":"Poisoned Stab","floor":6,"key":"SMITH"},{"floor":11,"key":"REST"}],"neow_cost":"CURSE","seed_source_timestamp":4686243752585,"circlet_count":0,"master_deck":["Defend_G","Defend_G","Defend_G","Defend_G","Defend_G","Strike_G","Strike_G","Strike_G","Strike_G","Strike_G","Survivor","Neutralize","Poisoned Stab+1","Backflip","Deadly Poison","Poisoned Stab","Distraction"],"relics":["Ring of the Snake","Nunchaku","NlothsMask"],"potions_floor_usage":[],"damage_taken":[{"damage":7,"enemies":"2 Louse","floor":1,"turns":2},{"damage":3,"enemies":"Jaw Worm","floor":3,"turns":4},{"damage":0,"enemies":"Cultist","floor":7,"turns":3},{"damage":12,"enemies":"Exordium Thugs","floor":8,"turns":5},{"damage":2,"enemies":"Looter","floor":10,"turns":3},{"damage":0,"enemies":"Blue Slaver","floor":12,"turns":3}],"seed_played":"2370011062832037018","potions_obtained":[{"floor":8,"key":"Energy Potion"},{"floor":10,"key":"Regen Potion"}],"is_trial":false,"path_per_floor":["M","?","M","?","?","R","M","M","T","M","R"],"character_chosen":"THE_SILENT","items_purchased":[],"campfire_rested":1,"item_purchase_floors":[],"current_hp_per_floor":[63,63,60,60,53,53,53,41,41,39,60,60],"gold":170,"neow_bonus":"ONE_RARE_RELIC","is_prod":false,"is_daily":false,"chose_seed":false,"campfire_upgraded":1,"win_rate":0,"timestamp":1532599447,"path_taken":["M","?","M","?","?","R","M","M","T","?","R","M"],"build_version":"2018-07-19v2","purchased_purges":0,"victory":false,"max_hp_per_floor":[70,70,70,70,70,70,70,70,70,70,70,70],"card_choices":[{"not_picked":["Deflect","Reflex"],"picked":"Poisoned Stab","floor":1},{"not_picked":["Dagger Throw","Well Laid Plans"],"picked":"Backflip","floor":3},{"not_picked":["Outmaneuver","Dodge and Roll"],"picked":"Deadly Poison","floor":7},{"not_picked":["Skewer","Reflex"],"picked":"Poisoned Stab","floor":8},{"not_picked":["Choke","Unload"],"picked":"Distraction","floor":10}],"player_experience":60564,"relics_obtained":[],"event_choices":[{"event_name":"Living Wall","player_choice":"Change","floor":2,"damage_taken":0},{"event_name":"FaceTrader","player_choice":"Trade","floor":4,"damage_taken":0},{"event_name":"Golden Wing","player_choice":"Card Removal","floor":5,"damage_taken":0}],"is_beta":false,"boss_relics":[],"items_purged_floors":[],"is_endless":false,"potions_floor_spawned":[8,10],"killed_by":"Blue Slaver","ascension_level":0}