{"path_per_floor":["M","$","M","?","$","E","M","M","T","R","?","R","T","M","R","B",null,"M","M","?","?","$","R","E","M","T","R","M","M","$","M","R","B",null,"M","?","?","$","M","R","?","M","T","M"],"character_chosen":"THE_SILENT","items_purchased":["Noxious Fumes","Poisoned Stab","Bane","Lantern","Noxious Fumes","Backflip","Ice Cream"],"gold_per_floor":[149,6,20,20,20,45,59,43,43,43,43,43,43,67,67,188,188,204,224,267,267,37,37,68,86,110,110,126,146,46,59,59,180,180,194,527,527,116,136,136,136,150,203,214],"floor_reached":45,"campfire_rested":4,"playtime":3249,"current_hp_per_floor":[73,73,73,73,73,50,50,45,45,45,45,45,45,37,57,25,69,64,58,25,25,25,45,26,21,21,41,21,15,15,11,31,31,69,61,61,61,61,57,57,48,43,43,10],"items_purged":["Strike_G","Strike_G"],"gold":214,"score":460,"play_id":"f427e4e8-d9e6-4ee5-abcf-b0bbc4dd2427","is_prod":false,"is_daily":false,"is_ascension_mode":false,"campfire_upgraded":3,"path_taken":["M","$","M","?","?","E","?","M","T","R","?","R","?","M","R","BOSS","M","M","?","?","$","R","E","M","T","R","?","M","$","M","R","BOSS","M","?","?","$","M","R","?","M","T","M","M"],"build_version":"2018-02-16-BETA2","purchased_purges":2,"victory":false,"master_deck":["Defend_G","Defend_G","Defend_G","Defend_G+1","Defend_G","Strike_G","Strike_G","Survivor","Neutralize","Acrobatics","Flying Knee","Noxious Fumes+1","Poisoned Stab","Bane","Dagger Throw","Catalyst","Noxious Fumes+1","Backstab","Prepared","Deadly Poison+1","Backstab+1","Catalyst","Flying Knee+1","Dodge and Roll+1","Tactician","Poisoned Stab+1","Noxious Fumes+1","Backflip","Madness","Madness","Deadly Poison+1"],"max_hp_per_floor":[75,75,75,75,75,75,75,75,75,75,69,69,69,69,69,69,69,69,69,69,69,69,69,69,69,69,69,69,69,69,69,69,69,69,69,69,69,69,69,69,69,69,69,69],"relics":["Tiny House","Omamori","Thread and Needle","Frozen Eye","Cursed Key","Red Mask","Lantern","Kunai","Oddly Smooth Stone","The Specimen","Ice Cream","Juzu Bracelet"],"card_choices":[{"not_picked":["Deflect","Escape Plan"],"picked":"Acrobatics"},{"not_picked":["Prepared","Blade Dance"],"picked":"Flying Knee"},{"not_picked":["Eviscerate","Dash"],"picked":"Dagger Throw"},{"not_picked":["Wraith Form","Dagger Throw"],"picked":"Noxious Fumes"},{"not_picked":["Choke","Flying Knee"],"picked":"Backstab"},{"not_picked":["Skewer","Sucker Punch"],"picked":"Prepared"},{"not_picked":["After Image","Envenom"],"picked":"Bullet Time"},{"not_picked":["Flying Knee","Backflip"],"picked":"Deadly Poison"},{"not_picked":["Deflect","All Out Attack"],"picked":"Backstab"},{"not_picked":["Flying Knee","A Thousand Cuts"],"picked":"Catalyst"},{"not_picked":["Slice","Dodge and Roll"],"picked":"Flying Knee"},{"not_picked":["Flechettes","Endless Agony"],"picked":"Dodge and Roll"},{"not_picked":["Glass Knife","Phantasmal Killer"],"picked":"Tactician"},{"not_picked":["Dodge and Roll","Flying Knee"],"picked":"Poisoned Stab"},{"not_picked":["Infinite Blades","Wraith Form"],"picked":"Deadly Poison"}],"player_experience":64019,"potions_floor_usage":[19,20,28,33,39,44,45],"damage_taken":[{"damage":2,"enemies":"Small Slimes","floor":1,"turns":4},{"damage":0,"enemies":"Cultist","floor":3,"turns":3},{"damage":23,"enemies":"3 Sentries","floor":6,"turns":7},{"damage":0,"enemies":"2 Louse","floor":7,"turns":2},{"damage":5,"enemies":"Exordium Thugs","floor":8,"turns":4},{"damage":8,"enemies":"Lots of Slimes","floor":14,"turns":4},{"damage":32,"enemies":"The Guardian","floor":16,"turns":9},{"damage":5,"enemies":"Shell Parasite","floor":18,"turns":6},{"damage":6,"enemies":"Spheric Guardian","floor":19,"turns":4},{"damage":33,"enemies":"Masked Bandits","floor":20,"turns":4},{"damage":19,"enemies":"Slavers","floor":24,"turns":5},{"damage":5,"enemies":"Centurion and Healer","floor":25,"turns":6},{"damage":20,"enemies":"3 Cultists","floor":28,"turns":5},{"damage":6,"enemies":"Snecko","floor":29,"turns":4},{"damage":4,"enemies":"Snake Plant","floor":31,"turns":3},{"damage":0,"enemies":"Champ","floor":33,"turns":10},{"damage":8,"enemies":"3 Shapes","floor":35,"turns":4},{"damage":4,"enemies":"3 Darklings","floor":39,"turns":5},{"damage":5,"enemies":"Maw","floor":42,"turns":6},{"damage":33,"enemies":"Sphere and 2 Shapes","floor":44,"turns":7},{"damage":15,"enemies":"Spire Growth","floor":45,"turns":5}],"event_choices":[{"event_name":"Transmorgrifier","player_choice":"Transform","floor":4,"damage_taken":0},{"event_name":"Golden Idol","player_choice":"Lose Max HP","floor":11,"damage_taken":0},{"event_name":"Masked Bandits","player_choice":"Fought over 224 gold","floor":20,"damage_taken":0},{"event_name":"Vampires","player_choice":"Ignored","floor":21,"damage_taken":0},{"event_name":"The Moai Head","player_choice":"Gave Idol","floor":36,"damage_taken":0},{"event_name":"Winding Halls","player_choice":"Embrace Madness","floor":41,"damage_taken":0}],"boss_relics":[{"not_picked":["Snecko Eye","Runic Dome"],"picked":"Cursed Key"},{"not_picked":["Velvet Choker","Question Card"],"picked":"The Specimen"}],"potions_floor_spawned":[3,7,8,25,28,29,31,33,35,39],"seed_played":"-887198662431741821","killed_by":"Spire Growth","ascension_level":0,"is_trial":false}