{"gold_per_floor":[109,109,109,127,138,138,153,3,3,3,23,38,38,70,70,168,168,187,187,112,127,127,127,146,179,203,214,60,94,94,105,105,210,210,229,242,212,34,34,62,62,77,102,102,134,134,169,183,183,183,183,183,83,108,108],"floor_reached":55,"playtime":1956,"items_purged":["Pain","Writhe","Normality"],"score":820,"play_id":"7a2b1bc7-5059-4098-8f23-46c0ef208c32","local_time":"20190515014036","is_ascension_mode":false,"campfire_choices":[{"data":"Whirlwind","floor":6,"key":"SMITH"},{"data":"Flex","floor":15,"key":"SMITH"},{"data":"Barricade","floor":23,"key":"SMITH"},{"data":"Body Slam","floor":30,"key":"SMITH"},{"floor":32,"key":"REST"},{"floor":44,"key":"RECALL"},{"data":"Limit Break","floor":49,"key":"SMITH"},{"data":"Entrench","floor":52,"key":"SMITH"}],"neow_cost":"NONE","seed_source_timestamp":657509920670610,"circlet_count":0,"master_deck":["Strike_R","Strike_R","Strike_R","Defend_R+1","Defend_R","Defend_R+1","Bash","Whirlwind+1","Barricade+1","Body Slam+1","Flex+1","Flex","Double Tap","Impervious","Shrug It Off+1","Battle Trance","Spot Weakness","Spot Weakness","Shockwave","Inflame","Pummel","Iron Wave+1","Limit Break+1","Entrench+1","Decay","Parasite","Body Slam+1","Bloodletting+1","Reaper"],"relics":["Burning Blood","Happy Flower","Bottled Flame","Mango","Strawberry","Boot","Cursed Key","Magic Flower","Anchor","Lantern","Vajra","Philosopher\u0027s Stone","Bird Faced Urn","Bronze Scales","The Courier","PreservedInsect","Oddly Smooth Stone"],"potions_floor_usage":[14,16,24,33,33,40,50,50,50],"damage_taken":[{"damage":0,"enemies":"2 Louse","floor":1,"turns":1},{"damage":0,"enemies":"Jaw Worm","floor":4,"turns":5},{"damage":2,"enemies":"Cultist","floor":5,"turns":4},{"damage":0,"enemies":"Gremlin Gang","floor":7,"turns":1},{"damage":13,"enemies":"Exordium Thugs","floor":11,"turns":3},{"damage":16,"enemies":"2 Fungi Beasts","floor":12,"turns":2},{"damage":33,"enemies":"Lagavulin","floor":14,"turns":8},{"damage":16,"enemies":"Slime Boss","floor":16,"turns":8},{"damage":8,"enemies":"Spheric Guardian","floor":18,"turns":4},{"damage":0,"enemies":"2 Thieves","floor":21,"turns":1},{"damage":0,"enemies":"Centurion and Healer","floor":24,"turns":1},{"damage":35,"enemies":"Gremlin Leader","floor":25,"turns":5},{"damage":0,"enemies":"3 Cultists","floor":27,"turns":1},{"damage":36,"enemies":"Slavers","floor":29,"turns":3},{"damage":0,"enemies":"Cultist and Chosen","floor":31,"turns":4},{"damage":32,"enemies":"Collector","floor":33,"turns":5},{"damage":1,"enemies":"Orb Walker","floor":35,"turns":3},{"damage":0,"enemies":"3 Darklings","floor":36,"turns":2},{"damage":8,"enemies":"Reptomancer","floor":40,"turns":5},{"damage":15,"enemies":"Writhing Mass","floor":42,"turns":4},{"damage":6,"enemies":"Giant Head","floor":45,"turns":8},{"damage":6,"enemies":"Nemesis","floor":47,"turns":3},{"damage":0,"enemies":"Sphere and 2 Shapes","floor":48,"turns":2},{"damage":64,"enemies":"Donu and Deca","floor":50,"turns":6},{"damage":47,"enemies":"Shield and Spear","floor":54,"turns":6},{"damage":82,"enemies":"The Heart","floor":55,"turns":3}],"seed_played":"-4456764588503781405","potions_obtained":[{"floor":1,"key":"EssenceOfSteel"},{"floor":4,"key":"PowerPotion"},{"floor":11,"key":"Energy Potion"},{"floor":16,"key":"Energy Potion"},{"floor":21,"key":"SkillPotion"},{"floor":27,"key":"PowerPotion"},{"floor":37,"key":"Weak Potion"},{"floor":37,"key":"GamblersBrew"},{"floor":42,"key":"Swift Potion"}],"is_trial":false,"path_per_floor":["M","?","?","M","M","R","M","$","T","?","M","M","?","E","R","B",null,"M","?","?","M","?","R","M","E","T","M","$","E","R","M","R","B",null,"M","M","?","$","T","E","$","M","T","R","E","?","E","M","R","B",null,"R","$","E","B"],"character_chosen":"IRONCLAD","items_purchased":["Happy Flower","Inflame","Entrench"],"campfire_rested":1,"item_purchase_floors":[8,28,38],"current_hp_per_floor":[80,64,64,70,74,74,80,80,80,94,87,77,84,57,57,47,101,99,99,99,101,101,101,101,75,75,84,84,57,57,66,96,73,101,101,101,101,101,101,101,101,98,98,98,101,101,101,101,101,52,101,101,101,66,0],"gold":108,"neow_bonus":"TRANSFORM_CARD","is_prod":false,"is_daily":false,"chose_seed":false,"campfire_upgraded":6,"win_rate":0,"timestamp":1557877236,"path_taken":["M","?","?","?","?","R","M","?","T","?","M","M","?","E","R","BOSS","M","?","?","M","?","R","M","E","T","M","?","E","R","M","R","BOSS","M","M","?","?","?","E","$","M","T","R","E","?","E","M","R","BOSS","R","$","E","BOSS"],"build_version":"2019-05-07","purchased_purges":3,"victory":false,"max_hp_per_floor":[80,80,80,80,80,80,80,80,80,94,94,94,101,101,101,101,101,101,101,101,101,101,101,101,101,101,101,101,101,101,101,101,101,101,101,101,101,101,101,101,101,101,101,101,101,101,101,101,101,101,101,101,101,101,101],"card_choices":[{"not_picked":["Ghostly Armor","Wild Strike","Dual Wield"],"picked":"SKIP","floor":1},{"not_picked":["Power Through","Pommel Strike","Feel No Pain"],"picked":"SKIP","floor":4},{"not_picked":["Sever Soul","Perfected Strike"],"picked":"Body Slam","floor":5},{"not_picked":["Twin Strike","Thunderclap"],"picked":"Flex","floor":7},{"not_picked":["Corruption","Heavy Blade"],"picked":"Infernal Blade","floor":11},{"not_picked":["Sever Soul","Metallicize"],"picked":"Flex","floor":12},{"not_picked":["Pummel","Sever Soul"],"picked":"Double Tap","floor":14},{"not_picked":["Brutality","Immolate"],"picked":"Impervious","floor":16},{"not_picked":["Heavy Blade","Dropkick+1"],"picked":"Shrug It Off+1","floor":18},{"not_picked":["Uppercut+1","Shrug It Off"],"picked":"Battle Trance","floor":21},{"not_picked":["Perfected Strike","Clash+1"],"picked":"Spot Weakness","floor":24},{"not_picked":["Corruption","Battle Trance"],"picked":"Shockwave","floor":25},{"not_picked":["Sentinel","Havoc","Cleave"],"picked":"SKIP","floor":27},{"not_picked":["Havoc","Pommel Strike"],"picked":"Pummel","floor":29},{"not_picked":["Cleave","Burning Pact"],"picked":"Iron Wave+1","floor":31},{"not_picked":["Juggernaut","Brutality"],"picked":"Limit Break","floor":33},{"not_picked":["Clash+1","Flex+1","True Grit"],"picked":"SKIP","floor":35},{"not_picked":["Heavy Blade","Clothesline+1","Warcry+1"],"picked":"SKIP","floor":36},{"not_picked":["Whirlwind","Clash","Fire Breathing"],"picked":"SKIP","floor":40},{"not_picked":["Clash","Perfected Strike+1"],"picked":"Body Slam+1","floor":42},{"not_picked":["Seeing Red","Barricade","Sword Boomerang"],"picked":"SKIP","floor":45},{"not_picked":["Disarm+1","Pommel Strike+1","Carnage"],"picked":"SKIP","floor":47},{"not_picked":["Warcry+1","Sever Soul+1"],"picked":"Bloodletting+1","floor":48},{"not_picked":["Shrug It Off","Twin Strike+1"],"picked":"Reaper","floor":54}],"player_experience":373048,"relics_obtained":[{"floor":9,"key":"Bottled Flame"},{"floor":14,"key":"Boot"},{"floor":25,"key":"Anchor"},{"floor":26,"key":"Lantern"},{"floor":29,"key":"Vajra"},{"floor":40,"key":"Bird Faced Urn"},{"floor":43,"key":"Bronze Scales"},{"floor":45,"key":"The Courier"},{"floor":47,"key":"PreservedInsect"},{"floor":54,"key":"Oddly Smooth Stone"}],"event_choices":[{"damage_healed":0,"gold_gain":0,"player_choice":"Entered Light","damage_taken":16,"max_hp_gain":0,"max_hp_loss":0,"event_name":"Shining Light","floor":2,"gold_loss":0,"cards_upgraded":["Defend_R","Defend_R"]},{"damage_healed":0,"gold_gain":0,"cards_transformed":["Strike_R"],"player_choice":"Transformed","damage_taken":0,"max_hp_gain":0,"max_hp_loss":0,"event_name":"Transmorgrifier","floor":3,"gold_loss":0,"cards_obtained":["Barricade"]},{"damage_healed":0,"gold_gain":0,"player_choice":"Box","damage_taken":0,"relics_obtained":["Mango"],"max_hp_gain":0,"max_hp_loss":0,"event_name":"Big Fish","floor":10,"gold_loss":0,"cards_obtained":["Regret"]},{"cards_removed":["Infernal Blade"],"damage_healed":0,"gold_gain":0,"player_choice":"Gave Card","damage_taken":0,"relics_obtained":["Strawberry"],"max_hp_gain":0,"max_hp_loss":0,"event_name":"WeMeetAgain","floor":13,"gold_loss":0},{"damage_healed":0,"gold_gain":0,"player_choice":"Opened","damage_taken":0,"relics_obtained":["Magic Flower"],"max_hp_gain":0,"max_hp_loss":0,"event_name":"The Mausoleum","floor":19,"gold_loss":0,"cards_obtained":["Writhe"]},{"cards_removed":["Regret"],"damage_healed":0,"gold_gain":0,"player_choice":"Gave Gold","damage_taken":0,"max_hp_gain":0,"max_hp_loss":0,"event_name":"Beggar","floor":20,"gold_loss":75},{"damage_healed":0,"gold_gain":0,"player_choice":"Read","damage_taken":0,"max_hp_gain":0,"max_hp_loss":0,"event_name":"The Library","floor":22,"gold_loss":0,"cards_obtained":["Spot Weakness"]},{"damage_healed":0,"gold_gain":0,"player_choice":"Bought 2 Potions","damage_taken":0,"max_hp_gain":0,"max_hp_loss":0,"event_name":"The Woman in Blue","floor":37,"gold_loss":0},{"cards_removed":["Defend_R"],"damage_healed":0,"gold_gain":0,"player_choice":"Removed Skill","damage_taken":0,"max_hp_gain":0,"max_hp_loss":0,"event_name":"Falling","floor":46,"gold_loss":0}],"is_beta":true,"boss_relics":[{"not_picked":["Coffee Dripper","Lizard Tail"],"picked":"Cursed Key"},{"not_picked":["Eternal Feather","White Beast Statue"],"picked":"Philosopher\u0027s Stone"}],"items_purged_floors":[28,38,53],"is_endless":false,"potions_floor_spawned":[1,4,11,12,16,21,27,29,42,45],"killed_by":"The Heart","ascension_level":0}