{"gold_per_floor":[112,112,126,14,27,27,61,61,61,61,80,80,93,105,105,183,183,183,0,0,0,28,28,39,39,39,39,52,52,52,52,52,125,125,139,139,139,361,159,159,193,193,219,219,230,247,11,11,11,11],"floor_reached":51,"playtime":2120,"items_purged":["Pain","Strike_B","Writhe"],"score":1321,"play_id":"15d8e117-c1fd-4b3f-8912-fbd051777765","local_time":"20190426030138","is_ascension_mode":true,"campfire_choices":[{"data":"Sunder","floor":6.0,"key":"SMITH"},{"data":"Darkness","floor":8.0,"key":"SMITH"},{"data":"Coolheaded","floor":10.0,"key":"SMITH"},{"data":"Capacitor","floor":15.0,"key":"SMITH"},{"floor":23,"key":"REST"},{"data":"Biased Cognition","floor":25,"key":"SMITH"},{"data":"Coolheaded","floor":27,"key":"SMITH"},{"floor":30,"key":"REST"},{"data":"Defragment","floor":32,"key":"SMITH"},{"floor":40,"key":"REST"},{"data":"Dualcast","floor":42,"key":"SMITH"},{"data":"Self Repair","floor":44,"key":"SMITH"},{"data":"Echo Form","floor":49,"key":"SMITH"}],"neow_cost":"NONE","seed_source_timestamp":356388991068850,"circlet_count":0,"master_deck":["AscendersBane","Strike_B","Strike_B","Defend_B","Defend_B","Defend_B","Defend_B","Zap","Dualcast+1","Coolheaded+1","Darkness+1","Sunder+1","Coolheaded+1","Conserve Battery","Capacitor+1","Biased Cognition+1","Redo+1","Hologram+1","Consume+1","Force Field+1","Leap+1","Defragment+1","Multi-Cast+1","Redo+1","Self Repair+1","Turbo+1","Echo Form+1","FTL"],"special_seed":0,"relics":["Cracked Core","NeowsBlessing","WarpedTongs","Incense Burner","Ginger","Pocketwatch","Calling Bell","Art of War","Toxic Egg 2","WingedGreaves","Red Mask","Bottled Flame","Nuclear Battery","Bottled Tornado","Pen Nib"],"potions_floor_usage":[33,41,46,46,50],"damage_taken":[{"damage":0.0,"enemies":"2 Louse","floor":1.0,"turns":1.0},{"damage":0.0,"enemies":"Cultist","floor":3.0,"turns":1.0},{"damage":0.0,"enemies":"Small Slimes","floor":5.0,"turns":1.0},{"damage":0.0,"enemies":"Lagavulin","floor":7.0,"turns":4.0},{"damage":0.0,"enemies":"2 Fungi Beasts","floor":11.0,"turns":2.0},{"damage":5.0,"enemies":"3 Louse","floor":13.0,"turns":3.0},{"damage":11.0,"enemies":"Looter","floor":14.0,"turns":3.0},{"damage":11.0,"enemies":"The Guardian","floor":16.0,"turns":10.0},{"damage":0.0,"enemies":"3 Byrds","floor":18.0,"turns":2.0},{"damage":12,"enemies":"Masked Bandits","floor":22,"turns":3},{"damage":0,"enemies":"2 Thieves","floor":24,"turns":3},{"damage":23,"enemies":"Snake Plant","floor":28,"turns":4},{"damage":22,"enemies":"Collector","floor":33,"turns":11},{"damage":28,"enemies":"3 Darklings","floor":35,"turns":4},{"damage":1,"enemies":"Giant Head","floor":41,"turns":6},{"damage":8,"enemies":"Orb Walker","floor":45,"turns":2},{"damage":1,"enemies":"Transient","floor":46,"turns":6},{"damage":33,"enemies":"Time Eater","floor":50,"turns":7}],"seed_played":"-4750931891648330076","potions_obtained":[{"floor":3.0,"key":"Fire Potion"},{"floor":7.0,"key":"SpeedPotion"},{"floor":13.0,"key":"SmokeBomb"},{"floor":16.0,"key":"Block Potion"},{"floor":22,"key":"SpeedPotion"},{"floor":33,"key":"Explosive Potion"},{"floor":45,"key":"Fruit Juice"}],"is_trial":false,"path_per_floor":["M","?","M","$","M","R","E","R","T","R","M","T","M","M","R","B",null,"M","$","?","?","?","R","M","R","T","R","M","$","R","?","R","B",null,"M","?","?","?","$","R","E","R","T","R","M","M","$","?","R","B",null],"character_chosen":"DEFECT","items_purchased":["Sunder","Redo+1","Hologram+1","Self Repair","Echo Form","FocusPotion"],"campfire_rested":3,"item_purchase_floors":[4,19,19,39,47,47],"current_hp_per_floor":[64,64,64,64,64,64,64,64,64,64,64,64,59,48,48,37,63,63,63,43,43,31,53,53,53,53,53,30,30,52,52,52,30,65,37,52,52,52,52,74,76,76,76,76,68,81,81,81,81,58],"gold":11,"neow_bonus":"THREE_ENEMY_KILL","is_prod":false,"is_daily":false,"chose_seed":false,"campfire_upgraded":10,"win_rate":0,"timestamp":1556215298,"path_taken":["M","?","?","$","M","R","E","R","T","R","M","?","M","M","R","BOSS","M","$","?","?","?","R","M","R","T","R","M","?","R","?","R","BOSS","M","?","?","?","$","R","E","R","T","R","M","?","$","?","R","BOSS"],"build_version":"2019-01-23","purchased_purges":3,"victory":true,"max_hp_per_floor":[71,71,71,71,71,71,71,71,71,71,71,71,71,71,71,71,71,71,71,76,76,76,76,76,76,76,76,76,76,76,76,76,76,76,76,76,76,76,76,76,76,76,76,76,76,81,81,81,81,81],"card_choices":[{"not_picked":["Turbo","Compile Driver"],"picked":"Coolheaded","floor":1.0},{"not_picked":["Doom and Gloom","Reprogram"],"picked":"Darkness","floor":3.0},{"not_picked":["Go for the Eyes","Heatsinks","Gash"],"picked":"SKIP","floor":5.0},{"not_picked":["Turbo","Scrape","Darkness"],"picked":"SKIP","floor":7.0},{"not_picked":["Barrage","Compile Driver"],"picked":"Coolheaded","floor":11.0},{"not_picked":["Rip and Tear","Tempest"],"picked":"Conserve Battery","floor":13.0},{"not_picked":["Turbo","Cold Snap"],"picked":"Capacitor","floor":14.0},{"not_picked":["Multi-Cast","Buffer"],"picked":"Biased Cognition","floor":16.0},{"not_picked":["Streamline","Consume+1"],"picked":"Force Field+1","floor":22},{"not_picked":["Aggregate+1","Rip and Tear"],"picked":"Leap+1","floor":24},{"not_picked":["Heatsinks+1","Genetic Algorithm+1"],"picked":"Defragment","floor":28},{"not_picked":["Electrodynamics","Machine Learning"],"picked":"Multi-Cast+1","floor":33},{"not_picked":["Sweeping Beam","Double Energy+1"],"picked":"Redo+1","floor":35},{"not_picked":["Stack+1","Gash","Beam Cell"],"picked":"SKIP","floor":41},{"not_picked":["Stack+1","Gash","Beam Cell"],"picked":"SKIP","floor":41},{"not_picked":["Go for the Eyes","Leap+1"],"picked":"Turbo+1","floor":45},{"not_picked":["Streamline+1","Stack+1","Hello World"],"picked":"SKIP","floor":46}],"player_experience":287486,"relics_obtained":[{"floor":7.0,"key":"Incense Burner"},{"floor":9.0,"key":"Ginger"},{"floor":12.0,"key":"Pocketwatch"},{"floor":17.0,"key":"Art of War"},{"floor":17.0,"key":"Toxic Egg 2"},{"floor":17.0,"key":"WingedGreaves"},{"floor":22,"key":"Red Mask"},{"floor":26,"key":"Bottled Flame"},{"floor":41,"key":"Bottled Tornado"},{"floor":43,"key":"Pen Nib"}],"event_choices":[{"damage_healed":0.0,"max_hp_gain":0.0,"max_hp_loss":0.0,"gold_gain":0.0,"event_name":"Accursed Blacksmith","player_choice":"Rummage","floor":2.0,"gold_loss":0.0,"damage_taken":0.0,"relics_obtained":["WarpedTongs"],"cards_obtained":["Pain"]},{"damage_healed":0.0,"max_hp_gain":5.0,"max_hp_loss":0.0,"gold_gain":0.0,"event_name":"Forgotten Altar","player_choice":"Shed Blood","floor":20.0,"gold_loss":0.0,"damage_taken":25.0},{"damage_healed":0.0,"max_hp_gain":0.0,"max_hp_loss":0.0,"gold_gain":0.0,"event_name":"The Library","player_choice":"Read","floor":21.0,"gold_loss":0.0,"damage_taken":0.0,"cards_obtained":["Consume"]},{"damage_healed":0,"gold_gain":0,"player_choice":"Fought Bandits","damage_taken":0,"max_hp_gain":0,"max_hp_loss":0,"event_name":"Masked Bandits","floor":22,"gold_loss":0},{"damage_healed":15,"gold_gain":0,"player_choice":"Writhe","damage_taken":0,"max_hp_gain":0,"max_hp_loss":0,"event_name":"Winding Halls","floor":36,"gold_loss":0,"cards_obtained":["Writhe"]},{"damage_healed":0,"gold_gain":0,"player_choice":"Memory 1","damage_taken":0,"max_hp_gain":0,"max_hp_loss":0,"event_name":"SensoryStone","floor":37,"gold_loss":0},{"damage_healed":0,"gold_gain":222,"player_choice":"Wore Mask","damage_taken":0,"max_hp_gain":0,"max_hp_loss":0,"event_name":"Tomb of Lord Red Mask","floor":38,"gold_loss":0},{"damage_healed":0,"gold_gain":0,"cards_transformed":["Strike_B"],"player_choice":"Transformed","damage_taken":0,"max_hp_gain":0,"max_hp_loss":0,"event_name":"Transmorgrifier","floor":48,"gold_loss":0,"cards_obtained":["FTL"]}],"is_beta":false,"boss_relics":[{"not_picked":["Cursed Key","Sozu"],"picked":"Calling Bell"},{"not_picked":["White Beast Statue","Runic Dome"],"picked":"Nuclear Battery"}],"items_purged_floors":[4,19,39],"is_endless":false,"potions_floor_spawned":[3,7,13,16,22,33,45],"ascension_level":18}