{"gold_per_floor":[111,111,111,126,139,139,173,173,173,173,138,138,158,175,175,276,276,296,316,332,352,365,365,280,280],"floor_reached":25,"playtime":2157,"items_purged":[],"score":205,"play_id":"1c084c82-0c05-42a0-9e40-2eba12f9a1df","local_time":"20181020225516","is_ascension_mode":false,"campfire_choices":[{"data":"Static Discharge","floor":6,"key":"SMITH"},{"data":"Capacitor","floor":8,"key":"SMITH"},{"data":"Double Energy","floor":10,"key":"SMITH"},{"data":"Glacier","floor":12,"key":"SMITH"},{"floor":15,"key":"REST"},{"floor":23,"key":"REST"}],"neow_cost":"NONE","seed_source_timestamp":359393735075242,"circlet_count":0,"master_deck":["Strike_B","Strike_B","Strike_B","Strike_B","Defend_B","Defend_B","Defend_B","Defend_B","Zap+1","Dualcast","Conserve Battery","Static Discharge+1","Capacitor+1","Double Energy+1","Glacier+1","Conserve Battery","Capacitor","Static Discharge","Static Discharge","Seek","Shame","Parasite","Doubt","Hello World","Leap","Blizzard","Loop","Hello World","Heatsinks","Hello World+1","Sunder+1","Rebound"],"relics":["Cracked Core","Prayer Wheel","Bottled Lightning","Calling Bell","Blood Vial","Mummified Hand","Pocketwatch","Gambling Chip"],"potions_floor_usage":[],"damage_taken":[{"damage":0,"enemies":"Small Slimes","floor":1,"turns":3},{"damage":0,"enemies":"Cultist","floor":4,"turns":3},{"damage":1,"enemies":"2 Louse","floor":5,"turns":3},{"damage":21,"enemies":"3 Sentries","floor":7,"turns":5},{"damage":29,"enemies":"Exordium Wildlife","floor":13,"turns":5},{"damage":10,"enemies":"Exordium Thugs","floor":14,"turns":4},{"damage":13,"enemies":"Hexaghost","floor":16,"turns":9},{"damage":17,"enemies":"Spheric Guardian","floor":18,"turns":4},{"damage":7,"enemies":"Shell Parasite","floor":19,"turns":8},{"damage":16,"enemies":"3 Cultists","floor":20,"turns":5},{"damage":17,"enemies":"Cultist and Chosen","floor":21,"turns":6},{"damage":16,"enemies":"Chosen and Byrds","floor":22,"turns":5},{"damage":36,"enemies":"Gremlin Leader","floor":25,"turns":2}],"seed_played":"801276417133041304","potions_obtained":[{"floor":7,"key":"FearPotion"},{"floor":13,"key":"LiquidBronze"},{"floor":14,"key":"SpeedPotion"},{"floor":18,"key":"Swift Potion"}],"is_trial":false,"path_per_floor":["M","?","?","M","M","R","E","R","T","R","$","R","M","M","R","B",null,"M","M","M","M","M","R","?"],"character_chosen":"DEFECT","items_purchased":["Glacier"],"campfire_rested":2,"item_purchase_floors":[11],"current_hp_per_floor":[75,75,75,75,74,74,53,53,53,53,53,53,24,14,36,23,75,58,53,39,24,10,32,32,0],"gold":280,"neow_bonus":"UPGRADE_CARD","is_prod":false,"is_daily":false,"chose_seed":false,"campfire_upgraded":4,"win_rate":0,"timestamp":1540090516,"path_taken":["M","?","?","M","M","R","E","R","T","R","$","R","?","M","R","BOSS","M","M","M","M","?","R","?","E"],"build_version":"2018-10-18","purchased_purges":0,"victory":false,"max_hp_per_floor":[75,75,75,75,75,75,75,75,75,75,75,75,75,75,75,75,75,75,75,75,75,75,75,75,75],"card_choices":[{"not_picked":["Coolheaded","Beam Cell"],"picked":"Conserve Battery","floor":1},{"not_picked":["Leap","Go for the Eyes"],"picked":"Static Discharge","floor":4},{"not_picked":["Streamline","Compile Driver"],"picked":"Capacitor","floor":5},{"not_picked":["Doom and Gloom","Tempest"],"picked":"Double Energy","floor":7},{"not_picked":["Go for the Eyes","Stack"],"picked":"Conserve Battery","floor":13},{"not_picked":["Streamline","Hologram"],"picked":"Capacitor","floor":13},{"not_picked":["Core Surge","Steam"],"picked":"Static Discharge","floor":14},{"not_picked":["Reprogram","Chaos"],"picked":"Static Discharge","floor":14},{"not_picked":["Meteor Strike","Biased Cognition"],"picked":"Seek","floor":16},{"not_picked":["Hologram","Steam"],"picked":"Hello World","floor":18},{"not_picked":["Gash","Sweeping Beam"],"picked":"Leap","floor":18},{"not_picked":["Sweeping Beam","Compile Driver"],"picked":"Blizzard","floor":19},{"not_picked":["Sweeping Beam","Skim"],"picked":"Loop","floor":19},{"not_picked":["Compile Driver","Steam"],"picked":"Hello World","floor":20},{"not_picked":["Sunder","Streamline+1"],"picked":"Heatsinks","floor":20},{"not_picked":["Hologram","Sweeping Beam"],"picked":"Hello World+1","floor":21},{"not_picked":["All For One","Ball Lightning","Chaos"],"picked":"SKIP","floor":21},{"not_picked":["Compile Driver","Turbo+1"],"picked":"Sunder+1","floor":22},{"not_picked":["Reprogram","Stack"],"picked":"Rebound","floor":22}],"player_experience":159826,"relics_obtained":[{"floor":7,"key":"Prayer Wheel"},{"floor":9,"key":"Bottled Lightning"},{"floor":17,"key":"Blood Vial"},{"floor":17,"key":"Mummified Hand"},{"floor":17,"key":"Pocketwatch"}],"event_choices":[{"damage_healed":0,"gold_gain":0,"player_choice":"Leave","damage_taken":0,"max_hp_gain":0,"max_hp_loss":0,"event_name":"The Cleric","floor":2,"gold_loss":0},{"damage_healed":0,"gold_gain":0,"player_choice":"Ignored","damage_taken":0,"max_hp_gain":0,"max_hp_loss":0,"event_name":"Golden Wing","floor":3,"gold_loss":0},{"damage_healed":0,"gold_gain":0,"player_choice":"Obtained Relic","damage_taken":0,"relics_obtained":["Gambling Chip"],"max_hp_gain":0,"max_hp_loss":0,"event_name":"Addict","floor":24,"gold_loss":85}],"is_beta":false,"boss_relics":[{"not_picked":["Pandora\u0027s Box","Coffee Dripper"],"picked":"Calling Bell"}],"items_purged_floors":[],"is_endless":false,"potions_floor_spawned":[7,13,14,18],"killed_by":"Gremlin Leader","ascension_level":0}