{"gold_per_floor":[214,227,245,255,13,13,44,44,44,55,55,85,101,113,113,218,218,229,229,229,81,68,68,102,102,153,181,198,198,225,237,237,339,339,359,377,377,396,496,496,526,526,526,559,606,606,622,649,649,649,649,649,89,118,118],"floor_reached":55,"playtime":3841,"items_purged":["Strike_G","Strike_G"],"score":1205,"play_id":"c9b45815-f352-450c-995b-dc06ab3bd3f5","local_time":"20190519140026","is_ascension_mode":true,"campfire_choices":[{"data":"Neutralize","floor":6.0,"key":"SMITH"},{"data":"Deadly Poison","floor":8.0,"key":"SMITH"},{"floor":11.0,"key":"REST"},{"data":"Footwork","floor":15.0,"key":"SMITH"},{"data":"After Image","floor":23.0,"key":"SMITH"},{"data":"Well Laid Plans","floor":25.0,"key":"SMITH"},{"data":"Dagger Spray","floor":29.0,"key":"SMITH"},{"data":"Caltrops","floor":32.0,"key":"SMITH"},{"data":"Malaise","floor":40,"key":"SMITH"},{"floor":46,"key":"RECALL"},{"data":"Blade Dance","floor":49,"key":"SMITH"},{"floor":52,"key":"DIG"}],"neow_cost":"NONE","seed_source_timestamp":0,"circlet_count":0,"master_deck":["Defend_G","Defend_G","Defend_G","Defend_G","Defend_G","Strike_G","Survivor","Neutralize+1","PiercingWail","Deadly Poison+1","Dagger Spray+1","Footwork+1","Well Laid Plans+1","Backstab","Infinite Blades","Dodge and Roll","Escape Plan","After Image+1","Caltrops+1","Dagger Throw","PiercingWail+1","After Image","Quick Slash","Leg Sweep","Storm of Steel","Malaise+1","Dodge and Roll+1","Endless Agony","Dark Shackles","Master of Strategy","Noxious Fumes+1","Well Laid Plans+1","Blade Dance+1","Caltrops","Deflect","Blur+1"],"special_seed":0,"relics":["Ring of the Snake","Potion Belt","Unceasing Top","FossilizedHelix","Kunai","Empty Cage","MutagenicStrength","Mummified Hand","PreservedInsect","Ancient Tea Set","Snake Skull","Runic Dome","Shovel","Nunchaku","Molten Egg 2","Du-Vu Doll","Centennial Puzzle","Blue Candle","Strawberry","Boot","Pantograph"],"potions_floor_usage":[41,44,45,55,55,55,55],"damage_taken":[{"damage":0.0,"enemies":"Cultist","floor":1.0,"turns":4.0},{"damage":0.0,"enemies":"2 Louse","floor":2.0,"turns":3.0},{"damage":0.0,"enemies":"Jaw Worm","floor":3.0,"turns":7.0},{"damage":6.0,"enemies":"Red Slaver","floor":4.0,"turns":8.0},{"damage":27.0,"enemies":"Lagavulin","floor":7.0,"turns":10.0},{"damage":14.0,"enemies":"Gremlin Gang","floor":10.0,"turns":7.0},{"damage":12.0,"enemies":"3 Sentries","floor":12.0,"turns":8.0},{"damage":0.0,"enemies":"Large Slime","floor":13.0,"turns":6.0},{"damage":1.0,"enemies":"Looter","floor":14.0,"turns":3.0},{"damage":0.0,"enemies":"The Guardian","floor":16.0,"turns":14.0},{"damage":0.0,"enemies":"Chosen","floor":18.0,"turns":5.0},{"damage":2.0,"enemies":"2 Thieves","floor":22.0,"turns":4.0},{"damage":9.0,"enemies":"Gremlin Leader","floor":24.0,"turns":9.0},{"damage":0.0,"enemies":"Slavers","floor":27.0,"turns":5.0},{"damage":0.0,"enemies":"3 Cultists","floor":28.0,"turns":7.0},{"damage":0.0,"enemies":"Book of Stabbing","floor":30.0,"turns":6.0},{"damage":0.0,"enemies":"Centurion and Healer","floor":31.0,"turns":8.0},{"damage":0.0,"enemies":"Collector","floor":33.0,"turns":12.0},{"damage":0,"enemies":"3 Darklings","floor":35,"turns":5},{"damage":0,"enemies":"Orb Walker","floor":36,"turns":5},{"damage":0,"enemies":"3 Darklings","floor":38,"turns":6},{"damage":0,"enemies":"Mind Bloom Boss Battle","floor":39,"turns":8},{"damage":12,"enemies":"Nemesis","floor":41,"turns":9},{"damage":0,"enemies":"Giant Head","floor":44,"turns":11},{"damage":0,"enemies":"2 Orb Walkers","floor":45,"turns":7},{"damage":0,"enemies":"Sphere and 2 Shapes","floor":47,"turns":6},{"damage":0,"enemies":"Nemesis","floor":48,"turns":6},{"damage":0,"enemies":"Donu and Deca","floor":50,"turns":12},{"damage":0,"enemies":"Shield and Spear","floor":54,"turns":8},{"damage":83,"enemies":"The Heart","floor":55,"turns":6}],"seed_played":"822592907873150805","potions_obtained":[{"floor":1.0,"key":"LiquidBronze"},{"floor":2.0,"key":"GhostInAJar"},{"floor":14.0,"key":"Ancient Potion"},{"floor":16.0,"key":"EssenceOfSteel"},{"floor":18.0,"key":"FearPotion"},{"floor":27.0,"key":"EssenceOfSteel"},{"floor":28.0,"key":"Energy Potion"},{"floor":39,"key":"EssenceOfSteel"},{"floor":41,"key":"Block Potion"},{"floor":45,"key":"Poison Potion"},{"floor":48,"key":"LiquidBronze"},{"floor":54,"key":"SpeedPotion"}],"is_trial":false,"path_per_floor":["M","M","M","M","$","R","E","R","T","M","R","E","M","M","R","B",null,"M","?","?","$","M","R","E","R","T","E","M","R","E","M","R","B",null,"M","M","?","M","?","R","E","?","T","E","?","R","M","E","R","B",null,"R","$","E","B"],"character_chosen":"THE_SILENT","items_purchased":["Dagger Spray","Potion Belt","Footwork","Dagger Throw","AttackPotion","Caltrops","Strawberry","Deflect","Dexterity Potion","Boot"],"campfire_rested":1,"item_purchase_floors":[5,5,5,21,21,53,53,53,53,53],"current_hp_per_floor":[70,70,70,64,64,64,37,37,37,23,44,32,32,31,31,31,70,70,70,70,70,68,68,59,59,59,59,59,59,59,59,59,59,70,70,70,66,66,66,66,54,44,44,44,44,44,44,44,44,44,66,66,73,73,0],"gold":118,"neow_bonus":"HUNDRED_GOLD","is_prod":false,"is_daily":false,"chose_seed":false,"campfire_upgraded":9,"win_rate":0,"timestamp":1558288826,"path_taken":["M","?","M","M","$","R","E","R","T","M","R","E","M","M","R","BOSS","M","?","?","$","?","R","E","R","T","E","?","R","E","M","R","BOSS","M","M","?","M","?","R","E","?","T","E","?","R","M","E","R","BOSS","R","$","E","BOSS"],"build_version":"2019-05-07","purchased_purges":2,"victory":false,"max_hp_per_floor":[70,70,70,70,70,70,70,70,70,70,70,70,70,70,70,70,70,70,70,70,70,70,70,70,70,70,70,70,70,70,70,70,70,70,70,70,66,66,66,66,66,66,66,66,66,66,66,66,66,66,66,66,73,73,73],"card_choices":[{"not_picked":["Tactician","Backflip","Blur"],"picked":"SKIP","floor":1.0},{"not_picked":["Escape Plan","Underhanded Strike"],"picked":"PiercingWail","floor":2.0},{"not_picked":["Escape Plan","Riddle With Holes","Blade Dance"],"picked":"SKIP","floor":3.0},{"not_picked":["Expertise","Escape Plan"],"picked":"Deadly Poison","floor":4.0},{"not_picked":["A Thousand Cuts","Backflip"],"picked":"Well Laid Plans","floor":7.0},{"not_picked":["Well Laid Plans","Flying Knee"],"picked":"Backstab","floor":10.0},{"not_picked":["Sucker Punch","Crippling Poison"],"picked":"Infinite Blades","floor":12.0},{"not_picked":["Backflip","Sucker Punch"],"picked":"Dodge and Roll","floor":13.0},{"not_picked":["Calculated Gamble","Bouncing Flask"],"picked":"Escape Plan","floor":14.0},{"not_picked":["Burst","Venomology"],"picked":"After Image","floor":16.0},{"not_picked":["Dagger Throw+1","Prepared"],"picked":"Caltrops","floor":18.0},{"not_picked":["Backflip+1","Outmaneuver"],"picked":"PiercingWail+1","floor":22.0},{"not_picked":["Underhanded Strike","Riddle With Holes"],"picked":"After Image","floor":24.0},{"not_picked":["Poisoned Stab","Prepared","Skewer"],"picked":"SKIP","floor":27.0},{"not_picked":["Calculated Gamble+1","Flying Knee"],"picked":"Quick Slash","floor":28.0},{"not_picked":["Eviscerate+1","Poisoned Stab"],"picked":"Leg Sweep","floor":30.0},{"not_picked":["Prepared","Eviscerate+1"],"picked":"Storm of Steel","floor":31.0},{"not_picked":["Unload","Tools of the Trade"],"picked":"Malaise","floor":33.0},{"not_picked":["Distraction","Masterful Stab","Deadly Poison"],"picked":"SKIP","floor":35},{"not_picked":["Dagger Throw+1","Setup"],"picked":"Dodge and Roll+1","floor":36},{"not_picked":["Dodge and Roll","Masterful Stab","Heel Hook"],"picked":"SKIP","floor":38},{"not_picked":["All Out Attack+1","Dagger Throw"],"picked":"Endless Agony","floor":41},{"not_picked":["Jack Of All Trades","Metamorphosis"],"picked":"Dark Shackles","floor":42},{"not_picked":["Trip","Swift Strike"],"picked":"Master of Strategy","floor":42},{"not_picked":["All Out Attack","Calculated Gamble+1"],"picked":"Noxious Fumes+1","floor":44},{"not_picked":["Underhanded Strike+1","Bane+1"],"picked":"Well Laid Plans+1","floor":45},{"not_picked":["Flying Knee+1","Accuracy+1","Tactician+1"],"picked":"SKIP","floor":47},{"not_picked":["Well Laid Plans","Backstab+1"],"picked":"Blade Dance","floor":48},{"not_picked":["Phantasmal Killer","Eviscerate+1"],"picked":"Blur+1","floor":54}],"player_experience":1433599,"relics_obtained":[{"floor":7.0,"key":"Unceasing Top"},{"floor":9.0,"key":"FossilizedHelix"},{"floor":12.0,"key":"Kunai"},{"floor":24.0,"key":"Mummified Hand"},{"floor":26.0,"key":"PreservedInsect"},{"floor":27.0,"key":"Ancient Tea Set"},{"floor":30.0,"key":"Snake Skull"},{"floor":39,"key":"Shovel"},{"floor":41,"key":"Nunchaku"},{"floor":44,"key":"Molten Egg 2"},{"floor":45,"key":"Du-Vu Doll"},{"floor":48,"key":"Centennial Puzzle"},{"floor":52,"key":"Blue Candle"},{"floor":54,"key":"Pantograph"}],"event_choices":[{"damage_healed":0.0,"max_hp_gain":0.0,"max_hp_loss":0.0,"gold_gain":0.0,"event_name":"Drug Dealer","player_choice":"Inject Mutagens","floor":19.0,"gold_loss":0.0,"damage_taken":0.0,"relics_obtained":["MutagenicStrength"]},{"damage_healed":0.0,"max_hp_gain":0.0,"max_hp_loss":0.0,"gold_gain":0.0,"event_name":"NoteForYourself","player_choice":"Ignored","floor":20.0,"gold_loss":0.0,"damage_taken":0.0},{"damage_healed":0,"gold_gain":0,"player_choice":"Max HP","damage_taken":0,"max_hp_gain":0,"max_hp_loss":4,"event_name":"Winding Halls","floor":37,"gold_loss":0},{"damage_healed":0,"gold_gain":0,"player_choice":"Fight","damage_taken":0,"max_hp_gain":0,"max_hp_loss":0,"event_name":"MindBloom","floor":39,"gold_loss":0},{"damage_healed":0,"gold_gain":0,"player_choice":"Memory 3","damage_taken":10,"max_hp_gain":0,"max_hp_loss":0,"event_name":"SensoryStone","floor":42,"gold_loss":0},{"damage_healed":0,"gold_gain":0,"player_choice":"Fight","damage_taken":0,"max_hp_gain":0,"max_hp_loss":0,"event_name":"Mysterious Sphere","floor":45,"gold_loss":0}],"is_beta":true,"boss_relics":[{"not_picked":["Calling Bell","Snecko Eye"],"picked":"Empty Cage"},{"not_picked":["White Beast Statue","Coffee Dripper"],"picked":"Runic Dome"}],"items_purged_floors":[21,53],"is_endless":false,"potions_floor_spawned":[1,2,14,16,18,27,28,39,41,45,48,54],"killed_by":"The Heart","ascension_level":1}