{"gold_per_floor":[113,263,20,20,20,20,32,46,46,46,121,137,167],"floor_reached":13,"playtime":183,"items_purged":["Doubt"],"score":146,"play_id":"2e036b8c-c526-4004-a9cd-a98691e9e17b","local_time":"20190430104508","is_ascension_mode":true,"campfire_choices":[{"data":"Zap","floor":6,"key":"SMITH"}],"neow_cost":"NONE","seed_source_timestamp":731827490459949,"circlet_count":0,"master_deck":["AscendersBane","Strike_B","Strike_B","Strike_B","Strike_B","Defend_B","Defend_B","Defend_B","Defend_B","Zap+1","Dualcast","Ball Lightning"],"relics":["Cracked Core","NeowsBlessing","Omamori","Ginger","Cables"],"potions_floor_usage":[],"damage_taken":[{"damage":0,"enemies":"2 Louse","floor":1,"turns":1},{"damage":0,"enemies":"Small Slimes","floor":7,"turns":1},{"damage":0,"enemies":"Cultist","floor":8,"turns":1},{"damage":7,"enemies":"Looter","floor":12,"turns":3},{"damage":0,"enemies":"Looter","floor":13,"turns":1}],"seed_played":"2133555125391006683","potions_obtained":[{"floor":1,"key":"AttackPotion"},{"floor":7,"key":"SteroidPotion"}],"is_trial":false,"path_per_floor":["M","?","$","?","$","R","M","M","T","$","?","M","?"],"character_chosen":"DEFECT","items_purchased":["Omamori"],"campfire_rested":0,"item_purchase_floors":[3],"current_hp_per_floor":[64,64,64,64,64,64,64,64,64,64,53,46,46],"gold":167,"neow_bonus":"THREE_ENEMY_KILL","is_prod":false,"is_daily":false,"chose_seed":false,"campfire_upgraded":1,"win_rate":0,"timestamp":1556588708,"path_taken":["M","?","$","?","$","R","M","M","T","$","?","M","?"],"build_version":"2019-01-23","purchased_purges":1,"victory":false,"max_hp_per_floor":[71,71,71,71,71,71,71,71,71,71,71,71,71],"card_choices":[{"not_picked":["Storm","Force Field","Redo"],"picked":"SKIP","floor":1},{"not_picked":["Gash","Melter"],"picked":"Ball Lightning","floor":7},{"not_picked":["Storm","Double Energy","Go for the Eyes"],"picked":"SKIP","floor":8},{"not_picked":["Heatsinks","Redo","Chaos"],"picked":"SKIP","floor":12}],"player_experience":316317,"relics_obtained":[{"floor":9,"key":"Cables"}],"event_choices":[{"damage_healed":0,"gold_gain":150,"player_choice":"AGREE","damage_taken":0,"max_hp_gain":0,"max_hp_loss":0,"event_name":"Liars Game","floor":2,"gold_loss":0,"cards_obtained":["Doubt"]},{"damage_healed":0,"gold_gain":0,"player_choice":"Box","damage_taken":0,"relics_obtained":["Ginger"],"max_hp_gain":0,"max_hp_loss":0,"event_name":"Big Fish","floor":4,"gold_loss":0,"cards_obtained":["Regret"]},{"damage_healed":0,"gold_gain":75,"player_choice":"Gather Gold","damage_taken":11,"max_hp_gain":0,"max_hp_loss":0,"event_name":"World of Goop","floor":11,"gold_loss":0}],"is_beta":false,"boss_relics":[],"items_purged_floors":[3],"is_endless":false,"potions_floor_spawned":[1,7],"killed_by":"Looter","ascension_level":20}