{"gold_per_floor":[116,41,191,191,191,261,284,284,284,300,124,124,142,178,178,272,272,286,286,306,45,45,45,65,65,65,115,127,50,70,70,70,144,144,158,25,39,56,68,68,86,119,119,119,119,137,17,32,32,32,32,32,32,5,5],"floor_reached":55,"playtime":4186,"items_purged":["Doubt","Strike_B"],"score":1814,"play_id":"e13edc18-f8ca-43d1-8ee5-75f0d83a0b29","local_time":"20190429084557","is_ascension_mode":true,"campfire_choices":[{"data":"Zap","floor":8.0,"key":"SMITH"},{"data":"Discovery","floor":12.0,"key":"SMITH"},{"data":"Blizzard","floor":15.0,"key":"SMITH"},{"floor":23.0,"key":"REST"},{"data":"Consume","floor":25.0,"key":"SMITH"},{"data":"Recycle","floor":32.0,"key":"SMITH"},{"floor":40.0,"key":"RECALL"},{"data":"White Noise","floor":44.0,"key":"SMITH"},{"floor":49.0,"key":"REST"},{"data":"Barrage","floor":53.0,"key":"SMITH"}],"neow_cost":"NONE","seed_source_timestamp":633442357578001,"circlet_count":0,"master_deck":["AscendersBane","Defend_B","Defend_B","Defend_B","Defend_B","Zap+1","Dualcast","Ball Lightning","Reboot+1","Chill+1","Glacier","Discovery+1","Glacier","Blizzard+1","Echo Form","Barrage+1","Recycle+1","Consume+1","Echo Form","Capacitor","White Noise+1","Recycle+1","White Noise+1","Capacitor"],"special_seed":0,"relics":["Cracked Core","NeowsBlessing","Bloody Idol","Tiny Chest","Pantograph","War Paint","Inserter","Membership Card","DataDisk","Empty Cage","OrangePellets","Gambling Chip","Bag of Preparation"],"potions_floor_usage":[55],"damage_taken":[{"damage":0.0,"enemies":"Small Slimes","floor":1.0,"turns":1.0},{"damage":0.0,"enemies":"Lagavulin","floor":6.0,"turns":1.0},{"damage":0.0,"enemies":"Jaw Worm","floor":7.0,"turns":1.0},{"damage":5.0,"enemies":"2 Louse","floor":10.0,"turns":3.0},{"damage":1.0,"enemies":"2 Fungi Beasts","floor":13.0,"turns":2.0},{"damage":14.0,"enemies":"Gremlin Nob","floor":14.0,"turns":3.0},{"damage":34.0,"enemies":"Slime Boss","floor":16.0,"turns":12.0},{"damage":17.0,"enemies":"Chosen","floor":18.0,"turns":5.0},{"damage":10.0,"enemies":"Colosseum Slavers","floor":19.0,"turns":4.0},{"damage":10.0,"enemies":"Shell Parasite","floor":20.0,"turns":5.0},{"damage":7.0,"enemies":"Snake Plant","floor":24.0,"turns":5.0},{"damage":3.0,"enemies":"Centurion and Healer","floor":28.0,"turns":7.0},{"damage":0.0,"enemies":"Cultist and Chosen","floor":30.0,"turns":6.0},{"damage":15.0,"enemies":"Champ","floor":33.0,"turns":20.0},{"damage":7.0,"enemies":"Orb Walker","floor":35.0,"turns":5.0},{"damage":5.0,"enemies":"3 Darklings","floor":37.0,"turns":5.0},{"damage":2.0,"enemies":"Spire Growth","floor":38.0,"turns":8.0},{"damage":0.0,"enemies":"4 Shapes","floor":39.0,"turns":8.0},{"damage":2.0,"enemies":"Sphere and 2 Shapes","floor":41.0,"turns":8.0},{"damage":27.0,"enemies":"Nemesis","floor":42.0,"turns":14.0},{"damage":15.0,"enemies":"3 Darklings","floor":46.0,"turns":4.0},{"damage":29.0,"enemies":"Writhing Mass","floor":48.0,"turns":9.0},{"damage":51.0,"enemies":"Time Eater","floor":50.0,"turns":17.0},{"damage":4.0,"enemies":"Awakened One","floor":51.0,"turns":22.0},{"damage":57,"enemies":"Shield and Spear","floor":55,"turns":5}],"seed_played":"6760462641978957150","potions_obtained":[{"floor":7.0,"key":"Swift Potion"},{"floor":10.0,"key":"FocusPotion"},{"floor":18.0,"key":"Weak Potion"},{"floor":20.0,"key":"GamblersBrew"},{"floor":38.0,"key":"LiquidBronze"},{"floor":39.0,"key":"Weak Potion"},{"floor":41.0,"key":"PowerPotion"},{"floor":42.0,"key":"Poison Potion"},{"floor":45.0,"key":"Swift Potion"}],"is_trial":false,"path_per_floor":["M","?","?","?","?","E","M","R","T","M","$","R","M","E","R","B",null,"M","?","M","$","?","R","M","R","T","?","M","$","M","?","R","B",null,"M","$","M","M","M","R","M","E","T","R","?","M","$","M","R","B","B",null,"R","$","E"],"character_chosen":"DEFECT","items_purchased":["Discovery","Membership Card","Recycle","Energy Potion","OrangePellets","Capacitor","Bag of Preparation","Capacitor","SpeedPotion"],"campfire_rested":2,"item_purchase_floors":[11,21,21,29,36,36,47,47,54],"current_hp_per_floor":[64,64,64,64,40,40,40,40,40,35,35,35,34,20,20,11,56,39,29,19,19,19,40,38,38,38,36,38,38,43,43,43,58,68,66,66,66,69,71,71,71,49,49,49,49,39,39,15,36,10,31,61,61,61,4],"gold":5,"neow_bonus":"THREE_ENEMY_KILL","is_prod":false,"is_daily":false,"chose_seed":false,"campfire_upgraded":7,"win_rate":0,"timestamp":1556495157,"path_taken":["M","?","?","?","?","E","?","R","T","M","$","R","M","E","R","BOSS","M","?","M","$","?","R","M","R","T","?","M","$","?","?","R","BOSS","M","$","M","M","M","R","M","E","T","R","?","M","$","M","R","BOSS","BOSS","R","$","E"],"build_version":"2019-01-23","purchased_purges":2,"victory":false,"max_hp_per_floor":[71,71,71,71,71,71,71,71,71,71,71,71,71,71,71,71,71,71,71,71,71,71,71,71,71,71,71,71,71,71,71,71,71,71,71,71,71,71,71,71,71,71,71,71,71,71,71,71,71,71,71,71,71,71,71],"card_choices":[{"not_picked":["Sweeping Beam","Turbo"],"picked":"Ball Lightning","floor":1.0},{"not_picked":["Ball Lightning","Static Discharge"],"picked":"Reboot","floor":6.0},{"not_picked":["Melter","Skim"],"picked":"Chill","floor":7.0},{"not_picked":["Scrape","Redo"],"picked":"Glacier","floor":10.0},{"not_picked":["Rebound","Conserve Battery"],"picked":"Glacier","floor":13.0},{"not_picked":["Barrage","Stack"],"picked":"Blizzard","floor":14.0},{"not_picked":["Multi-Cast","Buffer"],"picked":"Echo Form","floor":16.0},{"not_picked":["Leap","Sunder"],"picked":"Barrage","floor":18.0},{"not_picked":["Streamline","FTL","Ball Lightning+1"],"picked":"SKIP","floor":20.0},{"not_picked":["Conserve Battery","Leap"],"picked":"Consume","floor":24.0},{"not_picked":["Aggregate","Sweeping Beam","Redo"],"picked":"SKIP","floor":28.0},{"not_picked":["Lockon+1","Ball Lightning","Steam"],"picked":"SKIP","floor":30.0},{"not_picked":["Creative AI","Fission"],"picked":"Echo Form","floor":33.0},{"not_picked":["Redo","Cold Snap","Beam Cell"],"picked":"SKIP","floor":35.0},{"not_picked":["Amplify","Compile Driver","Conserve Battery"],"picked":"SKIP","floor":37.0},{"not_picked":["Static Discharge+1","Chill"],"picked":"White Noise","floor":38.0},{"not_picked":["Steam+1","Coolheaded","Go for the Eyes"],"picked":"SKIP","floor":39.0},{"not_picked":["Steam+1","Coolheaded","Go for the Eyes"],"picked":"SKIP","floor":39.0},{"not_picked":["Echo Form","Rebound","Sweeping Beam"],"picked":"SKIP","floor":41.0},{"not_picked":["Rebound+1","Hologram"],"picked":"Recycle+1","floor":42.0},{"not_picked":["Darkness","Conserve Battery"],"picked":"White Noise+1","floor":46.0},{"not_picked":["Barrage","Beam Cell+1","Steam Power"],"picked":"SKIP","floor":48.0}],"player_experience":308714,"relics_obtained":[{"floor":6.0,"key":"Tiny Chest"},{"floor":9.0,"key":"Pantograph"},{"floor":14.0,"key":"War Paint"},{"floor":26.0,"key":"DataDisk"},{"floor":42.0,"key":"Gambling Chip"}],"event_choices":[{"cards_removed":["Strike_B"],"damage_healed":0.0,"max_hp_gain":0.0,"max_hp_loss":0.0,"gold_gain":0.0,"event_name":"The Cleric","player_choice":"Card Removal","floor":2.0,"gold_loss":75.0,"damage_taken":0.0},{"damage_healed":0.0,"max_hp_gain":0.0,"max_hp_loss":0.0,"gold_gain":150.0,"event_name":"Liars Game","player_choice":"AGREE","floor":3.0,"gold_loss":0.0,"damage_taken":0.0,"cards_obtained":["Doubt"]},{"damage_healed":0.0,"max_hp_gain":0.0,"max_hp_loss":0.0,"gold_gain":0.0,"event_name":"Shining Light","player_choice":"Ignored","floor":4.0,"gold_loss":0.0,"damage_taken":0.0},{"damage_healed":0.0,"max_hp_gain":0.0,"max_hp_loss":0.0,"gold_gain":0.0,"event_name":"Golden Idol","player_choice":"Take Damage","floor":5.0,"gold_loss":0.0,"damage_taken":24.0,"relics_obtained":["Golden Idol"]},{"damage_healed":0.0,"max_hp_gain":0.0,"max_hp_loss":0.0,"gold_gain":0.0,"event_name":"Colosseum","player_choice":"Fight","floor":19.0,"gold_loss":0.0,"damage_taken":0.0},{"damage_healed":0.0,"max_hp_gain":0.0,"max_hp_loss":0.0,"gold_gain":0.0,"event_name":"Colosseum","player_choice":"Fled From Nobs","floor":19.0,"gold_loss":0.0,"damage_taken":0.0},{"damage_healed":0.0,"max_hp_gain":0.0,"max_hp_loss":0.0,"gold_gain":0.0,"event_name":"Forgotten Altar","player_choice":"Gave Idol","floor":22.0,"relics_lost":["Golden Idol"],"gold_loss":0.0,"damage_taken":0.0,"relics_obtained":["Bloody Idol"]},{"damage_healed":0.0,"max_hp_gain":0.0,"max_hp_loss":0.0,"gold_gain":50.0,"event_name":"FaceTrader","player_choice":"Touch","floor":27.0,"gold_loss":0.0,"damage_taken":7.0},{"damage_healed":0.0,"max_hp_gain":0.0,"max_hp_loss":0.0,"gold_gain":0.0,"event_name":"The Mausoleum","player_choice":"Ignored","floor":31.0,"gold_loss":0.0,"damage_taken":0.0},{"damage_healed":0.0,"max_hp_gain":0.0,"max_hp_loss":0.0,"gold_gain":0.0,"event_name":"Lab","player_choice":"Got Potions","floor":45.0,"gold_loss":0.0,"damage_taken":0.0}],"is_beta":false,"boss_relics":[{"not_picked":["Pandora\u0027s Box","Astrolabe"],"picked":"Inserter"},{"not_picked":["Eternal Feather","Lizard Tail"],"picked":"Empty Cage"}],"items_purged_floors":[11,29],"is_endless":false,"potions_floor_spawned":[7,10,13,18,20,38,39,41,42],"killed_by":"Shield and Spear","ascension_level":20}