{"path_per_floor":["M","?","?","M","M","R","$","E","T","T","R","M","E","M","R","B",null,"M","?","?","T","?","E","R","$","T","M","R","M","$","M","R","B",null,"M","$","?","?","M","R","E","R","T","E","M","R","M","M","R","B"],"character_chosen":"IRONCLAD","items_purchased":["Jack Of All Trades","Heavy Blade","Girya","Pen Nib","Pear","Sword Boomerang"],"gold_per_floor":[114,114,189,204,219,219,119,149,224,224,224,239,569,584,584,684,684,699,699,749,774,689,719,719,367,367,382,382,397,247,262,262,362,362,377,78,78,78,93,93,123,123,173,203,218,218,233,248,248,248],"floor_reached":51,"campfire_rested":5,"playtime":2368,"current_hp_per_floor":[80,86,75,73,76,76,76,51,51,51,51,48,47,47,72,50,92,87,87,87,93,93,62,93,93,99,100,100,78,78,74,107,108,135,135,145,145,145,144,144,92,92,98,87,81,141,122,122,151,155],"items_purged":[],"gold":248,"score":1061,"play_id":"cca8901e-3a25-40f2-89d3-c14997577251","local_time":"20180317051806","daily_mods":["Allstar","Cursed Run","Hoarder"],"is_prod":false,"is_daily":true,"is_ascension_mode":false,"campfire_upgraded":2,"timestamp":1521260286,"path_taken":["M","?","?","M","M","R","?","E","T","?","R","M","E","?","R","BOSS","M","?","?","?","?","E","R","$","T","?","R","M","?","M","R","BOSS","M","$","?","?","M","R","E","R","T","E","M","R","M","M","R","BOSS"],"build_version":"2018-03-16","purchased_purges":0,"victory":true,"master_deck":["Strike_R","Strike_R","Strike_R","Strike_R","Defend_R+1","Defend_R","Defend_R","Defend_R","Bash+1","Bandage Up","Bandage Up","Bandage Up","Secret Weapon","Secret Weapon","Secret Weapon","Bloodletting","Bloodletting","Bloodletting","Regret","Regret","Regret","Thunderclap+1","Thunderclap","Thunderclap","Jack Of All Trades","Jack Of All Trades","Jack Of All Trades","Feel No Pain+1","Feel No Pain","Feel No Pain","Flex+1","Flex","Flex","Parasite","Parasite","Parasite","Demon Form","Demon Form","Demon Form","Seeing Red","Seeing Red","Seeing Red","Writhe","Writhe","Writhe","Heavy Blade","Heavy Blade","Heavy Blade","Injury","Injury","Injury","Pummel+1","Pummel","Pummel","Doubt","Doubt","Doubt","Barricade","Barricade","Barricade","Pain","Pain","Pain","Clumsy","Clumsy","Clumsy","Injury","Injury","Injury","Metallicize","Metallicize","Metallicize","Sword Boomerang","Sword Boomerang","Sword Boomerang","Clumsy","Clumsy","Clumsy","Inflame+1","Inflame","Inflame","Pain","Pain","Pain"],"max_hp_per_floor":[80,86,86,86,86,86,86,86,86,86,86,86,86,86,86,92,92,92,92,92,98,98,105,105,105,111,111,111,111,111,111,111,117,135,135,145,145,145,145,145,145,145,151,151,151,151,151,151,151,157],"relics":["Cursed Key","Darkstone Periapt","Du-Vu Doll","Omamori","Ancient Tea Set","Meat on the Bone","Bottled Tornado","Old Coin","Runic Dome","Anchor","Mummified Hand","Strawberry","Girya","Shovel","Red Skull","Pen Nib","Calling Bell","Bag of Preparation","Magic Flower","War Paint","Pear","Dream Catcher","Kunai","Regal Pillow","Whetstone"],"card_choices":[{"not_picked":["Havoc","Thunderclap"],"picked":"Bloodletting"},{"not_picked":["Pommel Strike","Fire Breathing"],"picked":"Thunderclap"},{"not_picked":["Juggernaut","Headbutt"],"picked":"Feel No Pain"},{"not_picked":["Dropkick","Second Wind"],"picked":"Flex"},{"not_picked":["Immolate","Berserk"],"picked":"Demon Form"},{"not_picked":["Headbutt","Cleave"],"picked":"Pummel"},{"not_picked":["Juggernaut","Feed"],"picked":"Barricade"},{"not_picked":["Heavy Blade","Clothesline"],"picked":"Metallicize"},{"not_picked":["Searing Blow","Dropkick"],"picked":"Inflame"}],"player_experience":205132,"potions_floor_usage":[14,16,33,50,50,50],"damage_taken":[{"damage":0,"enemies":"2 Louse","floor":1,"turns":2},{"damage":6,"enemies":"Jaw Worm","floor":4,"turns":2},{"damage":9,"enemies":"Small Slimes","floor":5,"turns":3},{"damage":29,"enemies":"Gremlin Nob","floor":8,"turns":4},{"damage":9,"enemies":"2 Fungi Beasts","floor":12,"turns":3},{"damage":13,"enemies":"Lagavulin","floor":13,"turns":6},{"damage":4,"enemies":"Large Slime","floor":14,"turns":3},{"damage":52,"enemies":"The Guardian","floor":16,"turns":10},{"damage":13,"enemies":"Shell Parasite","floor":18,"turns":4},{"damage":46,"enemies":"Gremlin Leader","floor":23,"turns":6},{"damage":3,"enemies":"Spheric Guardian","floor":27,"turns":3},{"damage":26,"enemies":"Snake Plant","floor":29,"turns":4},{"damage":4,"enemies":"Chosen and Byrds","floor":31,"turns":4},{"damage":23,"enemies":"Collector","floor":33,"turns":5},{"damage":0,"enemies":"3 Darklings","floor":35,"turns":3},{"damage":1,"enemies":"Orb Walker","floor":39,"turns":2},{"damage":52,"enemies":"2 Orb Walkers","floor":41,"turns":3},{"damage":29,"enemies":"Nemesis","floor":44,"turns":5},{"damage":18,"enemies":"3 Darklings","floor":45,"turns":4},{"damage":19,"enemies":"4 Shapes","floor":47,"turns":5},{"damage":0,"enemies":"Spire Growth","floor":48,"turns":3},{"damage":18,"enemies":"Time Eater","floor":50,"turns":5}],"event_choices":[{"event_name":"Big Fish","player_choice":"Box","floor":2,"damage_taken":0},{"event_name":"World of Goop","player_choice":"Gather Gold","floor":3,"damage_taken":0},{"event_name":"Transmorgrifier","player_choice":"Transform","floor":19,"damage_taken":0},{"event_name":"The Joust","player_choice":"Bet on Murderer","floor":20,"damage_taken":0},{"event_name":"Addict","player_choice":"Obtained Relic","floor":22,"damage_taken":0},{"event_name":"Match and Keep!","player_choice":"0 cards matched","floor":37,"damage_taken":0},{"event_name":"Tomb of Lord Red Mask","player_choice":"Ignored","floor":38,"damage_taken":0}],"boss_relics":[{"not_picked":["Velvet Choker","Mark of Pain"],"picked":"Runic Dome"},{"not_picked":["Tiny House","Black Star"],"picked":"Calling Bell"}],"potions_floor_spawned":[4,13,14,16,23,27,31,44,45,48],"seed_played":"8809221095910533381","ascension_level":0,"is_trial":false}