{"path_per_floor":["M","?","M","T","$","R","?","M","T","M","M","M","E","$","R","B",null,"M","?","?","?","$","E","M","R","T","M","M","?","R","E","R"],"character_chosen":"IRONCLAD","items_purchased":["Apotheosis"],"gold_per_floor":[114,114,124,124,49,49,107,124,124,141,159,179,204,14,14,116,116,132,132,132,132,132,164,179,179,179,197,217,217,217,249,249],"floor_reached":33,"campfire_rested":4,"playtime":2968,"current_hp_per_floor":[80,73,72,72,72,72,26,34,34,29,30,39,9,9,33,41,83,65,65,50,50,50,16,14,41,41,15,27,27,55,21,49],"items_purged":["Defend_R"],"gold":249,"play_id":"fe631cc2-21ec-4229-a516-68f34d41f018","is_prod":false,"is_daily":false,"is_ascension_mode":false,"campfire_upgraded":1,"path_taken":["M","?","M","?","?","R","?","?","T","M","M","M","E","$","R","BOSS","M","?","?","?","?","E","M","R","T","M","?","?","R","E","R","BOSS"],"build_version":"2018-01-29-BETA1","purchased_purges":2,"victory":false,"master_deck":["Defend_R+1","Defend_R","Defend_R","Bash","Anger+1","Dropkick","Sever Soul","Uppercut","Infernal Blade+1","Seeing Red","Headbutt","Whirlwind","Apotheosis","Feed","Clash+1","Bite_R","Bite_R","Bite_R","Bite_R","Bite_R","Impervious","Body Slam"],"max_hp_per_floor":[80,80,80,80,80,80,80,80,80,80,80,83,83,83,83,83,83,83,83,88,88,88,88,91,91,91,95,95,95,95,95,95],"relics":["Burning Blood","Toolbox","Gambling Chip","Dodecahedron","Shuriken","Runic Pyramid","Nloth\u0027s Gift","Girya","Bag of Marbles","War Paint"],"card_choices":[{"not_picked":["Clothesline","Power Through"],"picked":"Anger"},{"not_picked":["Sword Boomerang","Inflame"],"picked":"Dropkick"},{"not_picked":["Feel No Pain","Iron Wave"],"picked":"Sever Soul"},{"not_picked":["Armaments","Blood for Blood"],"picked":"Uppercut"},{"not_picked":["Rampage","Thunderclap"],"picked":"Infernal Blade"},{"not_picked":["Sever Soul","Dropkick"],"picked":"Seeing Red"},{"not_picked":["Pommel Strike","Anger"],"picked":"Headbutt"},{"not_picked":["Bludgeon","Heavy Blade"],"picked":"Whirlwind"},{"not_picked":["Offering","Reaper"],"picked":"Feed"},{"not_picked":["Heavy Blade","Flex"],"picked":"Clash"},{"not_picked":["Fiend Fire","Anger"],"picked":"Impervious"},{"not_picked":["True Grit","Clash"],"picked":"Body Slam"}],"player_experience":6661,"potions_floor_usage":[13,16,23,23,31,33,33],"damage_taken":[{"damage":0,"enemies":"Small Slimes","floor":1,"turns":3},{"damage":9,"enemies":"2 Louse","floor":3,"turns":3},{"damage":54,"enemies":"Lagavulin Event","floor":7,"turns":7},{"damage":0,"enemies":"Cultist","floor":8,"turns":2},{"damage":13,"enemies":"Exordium Wildlife","floor":10,"turns":4},{"damage":7,"enemies":"Looter","floor":11,"turns":3},{"damage":6,"enemies":"Lots of Slimes","floor":12,"turns":3},{"damage":38,"enemies":"3 Sentries","floor":13,"turns":5},{"damage":0,"enemies":"Slime Boss","floor":16,"turns":4},{"damage":24,"enemies":"Shell Parasite","floor":18,"turns":3},{"damage":49,"enemies":"Book of Stabbing","floor":23,"turns":4},{"damage":21,"enemies":"3 Byrds","floor":24,"turns":6},{"damage":44,"enemies":"Snake Plant","floor":27,"turns":5},{"damage":3,"enemies":"Snecko","floor":28,"turns":3},{"damage":53,"enemies":"Gremlin Leader","floor":31,"turns":7},{"damage":60,"enemies":"Automaton","floor":33,"turns":6}],"event_choices":[{"event_name":"Scrap Ooze","player_choice":"success","floor":2,"damage_taken":7},{"event_name":"Dead Adventurer","player_choice":"Searched \u00271\u0027 times","floor":7,"damage_taken":0},{"event_name":"N\u0027loth","player_choice":"Traded a Sundial","floor":19,"damage_taken":0},{"event_name":"Forgotten Altar","player_choice":"Shed Blood","floor":20,"damage_taken":0},{"event_name":"Vampires","player_choice":"Became a vampire (Vial)","floor":21,"damage_taken":0},{"event_name":"Beggar","player_choice":"Ignored","floor":29,"damage_taken":0}],"boss_relics":[{"not_picked":["Snecko Eye","Eternal Feather"],"picked":"Runic Pyramid"}],"potions_floor_spawned":[7,10,13,16,23,24,31],"seed_played":"792736622858834504","killed_by":"Automaton","ascension_level":0,"is_trial":false}