{"gold_per_floor":[109,125,125,125,137,137,165,181,181,198,97,17,36,66,78,192,204,234,321,30,30,42,42,62,337,337,337,337,337,364,378,378,481,481,492,492,452,501,520,552,552,563,644,644,644,656,656,10,10,10],"floor_reached":51,"playtime":4779,"items_purged":[],"score":803,"play_id":"38ba04bf-ec6f-4b4d-8f69-8dc6718359e4","local_time":"20181024110610","is_ascension_mode":false,"campfire_choices":[{"data":"White Noise","floor":6.0,"key":"SMITH"},{"data":"White Noise","floor":15.0,"key":"SMITH"},{"data":"Capacitor","floor":23.0,"key":"SMITH"},{"data":"Capacitor","floor":28.0,"key":"SMITH"},{"data":"Consume","floor":32.0,"key":"SMITH"},{"floor":41,"key":"REST"},{"floor":44,"key":"REST"},{"floor":45,"key":"REST"},{"data":"Chill","floor":49,"key":"SMITH"}],"neow_cost":"NONE","seed_source_timestamp":0,"circlet_count":0,"master_deck":["Strike_B+1","Strike_B+1","Strike_B","Defend_B","Defend_B","Defend_B","Defend_B","Dualcast","Reboot","Scrape","White Noise+1","White Noise+1","Chill+1","Cold Snap","Buffer","Ball Lightning","Doom and Gloom","Self Repair","FTL","Coolheaded","Capacitor+1","Amplify","Beam Cell+1","Self Repair","Barrage","Capacitor+1","Loop","Glacier","Regret","BootSequence","Melter","Consume+1","Buffer","Darkness","Reinforced Body","Capacitor+1","Aggregate","Conserve Battery","Barrage+1","Electrodynamics","Bandage Up","Consume"],"special_seed":0,"relics":["FrozenCore","Thread and Needle","Letter Opener","The Courier","MawBank","Happy Flower","Nloth\u0027s Gift","Cables","Velvet Choker","Gambling Chip","WingedGreaves","Pear","Runic Capacitor","Gremlin Horn","Anchor"],"potions_floor_usage":[40,40,40,46,50],"damage_taken":[{"damage":0.0,"enemies":"Small Slimes","floor":1.0,"turns":3.0},{"damage":3.0,"enemies":"Jaw Worm","floor":2.0,"turns":4.0},{"damage":0.0,"enemies":"Cultist","floor":5.0,"turns":3.0},{"damage":6.0,"enemies":"Gremlin Nob","floor":7.0,"turns":4.0},{"damage":0.0,"enemies":"3 Louse","floor":8.0,"turns":2.0},{"damage":0.0,"enemies":"Exordium Wildlife","floor":10.0,"turns":2.0},{"damage":0.0,"enemies":"Gremlin Gang","floor":13.0,"turns":1.0},{"damage":0.0,"enemies":"3 Sentries","floor":14.0,"turns":5.0},{"damage":0.0,"enemies":"Slime Boss","floor":16.0,"turns":11.0},{"damage":7.0,"enemies":"Shell Parasite","floor":18.0,"turns":8.0},{"damage":3.0,"enemies":"Spheric Guardian","floor":22.0,"turns":4.0},{"damage":0.0,"enemies":"Cultist and Chosen","floor":24.0,"turns":5.0},{"damage":19.0,"enemies":"Slavers","floor":30.0,"turns":6.0},{"damage":16.0,"enemies":"Chosen and Byrds","floor":31.0,"turns":8.0},{"damage":9,"enemies":"Automaton","floor":33,"turns":15},{"damage":36,"enemies":"3 Darklings","floor":35,"turns":5},{"damage":29,"enemies":"2 Orb Walkers","floor":38,"turns":7},{"damage":2,"enemies":"3 Shapes","floor":39,"turns":5},{"damage":33,"enemies":"Reptomancer","floor":40,"turns":12},{"damage":34,"enemies":"Transient","floor":42,"turns":5},{"damage":4,"enemies":"Spire Growth","floor":46,"turns":5},{"damage":10,"enemies":"Awakened One","floor":50,"turns":17}],"seed_played":"7577705701248449311","potions_obtained":[{"floor":2.0,"key":"Explosive Potion"},{"floor":8.0,"key":"Fire Potion"},{"floor":16.0,"key":"AttackPotion"},{"floor":31.0,"key":"Fire Potion"},{"floor":35,"key":"AttackPotion"},{"floor":37,"key":"Swift Potion"},{"floor":37,"key":"LiquidBronze"},{"floor":40,"key":"EssenceOfSteel"},{"floor":46,"key":"GamblersBrew"}],"is_trial":false,"path_per_floor":["M","M","?","?","M","R","E","M","T","M","$","$","M","E","R","B",null,"M","?","$","?","M","R","M","?","T","?","R","?","E","M","R","B",null,"M","?","?","?","M","E","R","M","T","R","R","M","?","$","R","B"],"character_chosen":"DEFECT","items_purchased":["Ball Lightning","Doom and Gloom","Self Repair","FTL","Happy Flower","Self Repair","Barrage","Capacitor","Loop","Runic Capacitor","Consume","Gremlin Horn","Anchor","Block Potion","SkillPotion","SkillPotion"],"campfire_rested":3,"item_purchase_floors":[11,11,12,12,20,20,20,20,20,48,48,48,48,48,48,48],"current_hp_per_floor":[75,72,72,69,69,69,63,63,63,63,63,63,63,63,63,70,75,75,68,68,68,75,75,75,75,75,75,75,75,70,68,68,66,75,46,46,46,31,36,17,39,19,29,54,79,85,85,85,85,79],"gold":10,"neow_bonus":"ONE_RANDOM_RARE_CARD","is_prod":false,"is_daily":false,"chose_seed":false,"campfire_upgraded":6,"win_rate":0,"timestamp":1540393570,"path_taken":["M","M","?","?","?","R","E","M","T","M","?","$","M","E","R","BOSS","M","?","$","?","M","R","?","?","T","?","R","?","E","M","R","BOSS","M","?","?","?","M","E","R","M","T","R","R","M","?","$","R","BOSS"],"build_version":"2018-10-18","purchased_purges":0,"victory":true,"max_hp_per_floor":[75,75,75,75,75,75,75,75,75,75,75,75,75,75,75,75,75,75,75,75,75,75,75,75,75,75,75,75,75,75,75,75,75,75,75,75,75,75,75,75,75,75,85,85,85,85,85,85,85,85],"card_choices":[{"not_picked":["Conserve Battery","Consume"],"picked":"Scrape","floor":1.0},{"not_picked":["Coolheaded","Force Field"],"picked":"White Noise","floor":2.0},{"not_picked":["Rebound","Gash"],"picked":"White Noise","floor":5.0},{"not_picked":["Sweeping Beam","Rebound"],"picked":"Chill","floor":7.0},{"not_picked":["Turbo","Leap"],"picked":"Cold Snap","floor":8.0},{"not_picked":["Stack","Rebound"],"picked":"Buffer","floor":10.0},{"not_picked":["Hologram","Sweeping Beam"],"picked":"Coolheaded","floor":13.0},{"not_picked":["Ball Lightning","Barrage"],"picked":"Capacitor","floor":14.0},{"not_picked":["Biased Cognition","Reboot"],"picked":"Amplify","floor":16.0},{"not_picked":["Steam+1","Go for the Eyes"],"picked":"Beam Cell+1","floor":18.0},{"not_picked":["Go for the Eyes","Steam Power"],"picked":"Glacier","floor":22.0},{"not_picked":["Gash+1","Turbo+1"],"picked":"Stack","floor":24.0},{"not_picked":["Leap","Ball Lightning"],"picked":"Melter","floor":30.0},{"not_picked":["Thunder Strike","Hello World"],"picked":"Consume","floor":31.0},{"not_picked":["Meteor Strike","Echo Form"],"picked":"Buffer","floor":33},{"not_picked":["Steam","Compile Driver+1"],"picked":"Darkness","floor":35},{"not_picked":["Compile Driver","Hologram"],"picked":"Capacitor+1","floor":38},{"not_picked":["Hologram","Sweeping Beam"],"picked":"Aggregate","floor":39},{"not_picked":["Scrape","Hologram+1"],"picked":"Conserve Battery","floor":40},{"not_picked":["Leap","Compile Driver+1"],"picked":"Barrage+1","floor":42},{"not_picked":["Barrage","Go for the Eyes"],"picked":"Electrodynamics","floor":46},{"not_picked":["Flash of Steel","Discovery"],"picked":"Bandage Up","floor":47}],"player_experience":167641,"relics_obtained":[{"floor":7.0,"key":"Letter Opener"},{"floor":9.0,"key":"The Courier"},{"floor":14.0,"key":"MawBank"},{"floor":26.0,"key":"Whetstone"},{"floor":30.0,"key":"Cables"},{"floor":38,"key":"Gambling Chip"},{"floor":40,"key":"WingedGreaves"},{"floor":43,"key":"Pear"}],"event_choices":[{"cards_removed":["Zap"],"damage_healed":0.0,"max_hp_gain":0.0,"max_hp_loss":0.0,"gold_gain":0.0,"event_name":"Living Wall","player_choice":"Forget","floor":3.0,"gold_loss":0.0,"damage_taken":0.0},{"damage_healed":0.0,"max_hp_gain":0.0,"max_hp_loss":0.0,"gold_gain":0.0,"event_name":"Scrap Ooze","player_choice":"Success","floor":4.0,"gold_loss":0.0,"damage_taken":3.0,"relics_obtained":["Thread and Needle"]},{"damage_healed":0.0,"max_hp_gain":0.0,"max_hp_loss":0.0,"gold_gain":75.0,"event_name":"FaceTrader","player_choice":"Touch","floor":19.0,"gold_loss":0.0,"damage_taken":7.0},{"damage_healed":0.0,"max_hp_gain":0.0,"max_hp_loss":0.0,"gold_gain":0.0,"event_name":"Beggar","player_choice":"Ignored","floor":21.0,"gold_loss":0.0,"damage_taken":0.0},{"damage_healed":0.0,"max_hp_gain":0.0,"max_hp_loss":0.0,"gold_gain":275.0,"event_name":"Golden Shrine","player_choice":"Desecrate","floor":25.0,"gold_loss":0.0,"damage_taken":0.0,"cards_obtained":["Regret"]},{"damage_healed":0.0,"max_hp_gain":0.0,"max_hp_loss":0.0,"gold_gain":0.0,"cards_transformed":["Strike_B"],"event_name":"Transmorgrifier","player_choice":"Transformed","floor":27.0,"gold_loss":0.0,"damage_taken":0.0,"cards_obtained":["BootSequence"]},{"damage_healed":0.0,"max_hp_gain":0.0,"max_hp_loss":0.0,"gold_gain":0.0,"event_name":"N\u0027loth","player_choice":"Traded Relic","floor":29.0,"relics_lost":["Whetstone"],"gold_loss":0.0,"damage_taken":0.0,"relics_obtained":["Nloth\u0027s Gift"]},{"damage_healed":0,"gold_gain":0,"cards_transformed":["Stack"],"player_choice":"Transformed","damage_taken":0,"max_hp_gain":0,"max_hp_loss":0,"event_name":"Transmorgrifier","floor":36,"gold_loss":0,"cards_obtained":["Reinforced Body"]},{"damage_healed":0,"gold_gain":0,"player_choice":"Bought 3 Potions","damage_taken":0,"max_hp_gain":0,"max_hp_loss":0,"event_name":"The Woman in Blue","floor":37,"gold_loss":0},{"damage_healed":0,"gold_gain":0,"player_choice":"Fight","damage_taken":0,"max_hp_gain":0,"max_hp_loss":0,"event_name":"Mysterious Sphere","floor":38,"gold_loss":0},{"damage_healed":0,"gold_gain":0,"player_choice":"Memory 1","damage_taken":0,"max_hp_gain":0,"max_hp_loss":0,"event_name":"SensoryStone","floor":47,"gold_loss":0}],"is_beta":false,"boss_relics":[{"not_picked":["Busted Crown","Lizard Tail"],"picked":"FrozenCore"},{"not_picked":["Astrolabe","Cursed Key"],"picked":"Velvet Choker"}],"items_purged_floors":[],"is_endless":false,"potions_floor_spawned":[2,8,16,18,22,31,35,40,46],"ascension_level":0}