{"gold_per_floor":[118,136,159,169,184,184,209,219,244,244,260,280,293,303,303,400,400,411,134,144,158,178,178,198,198],"floor_reached":25,"playtime":1360,"items_purged":[],"score":213,"play_id":"4965ba82-6969-48c0-9208-c91cac320394","local_time":"20180822112256","is_ascension_mode":false,"campfire_choices":[{"data":"Zap","floor":6.0,"key":"SMITH"},{"floor":10.0,"key":"REST"},{"floor":15.0,"key":"REST"}],"neow_cost":"NONE","seed_source_timestamp":0,"circlet_count":0,"master_deck":["Strike_B","Strike_B","Strike_B","Strike_B","Defend_B","Defend_B","Defend_B","Defend_B","Zap+1","Dualcast","Cold Snap","Defragment","Force Field","Sunder","Sweeping Beam","Conserve Battery","Lockon","Rip and Tear","Go for the Eyes","Hologram","Thunder Strike","Conserve Battery","Static Discharge","All For One","Redo","Coolheaded","Glacier","Darkness","Static Discharge","Barrage"],"special_seed":0,"relics":["Cracked Core","Lantern","Blood Vial","StoneCalendar","Bag of Preparation","Eternal Feather","Bronze Scales"],"potions_floor_usage":[22,22,22,25,25],"damage_taken":[{"damage":6.0,"enemies":"Cultist","floor":1.0,"turns":3.0},{"damage":1.0,"enemies":"Jaw Worm","floor":2.0,"turns":3.0},{"damage":0.0,"enemies":"Small Slimes","floor":4.0,"turns":2.0},{"damage":6.0,"enemies":"Looter","floor":5.0,"turns":4.0},{"damage":20.0,"enemies":"3 Sentries","floor":7.0,"turns":7.0},{"damage":4.0,"enemies":"Large Slime","floor":8.0,"turns":3.0},{"damage":0.0,"enemies":"2 Fungi Beasts","floor":11.0,"turns":2.0},{"damage":7.0,"enemies":"Blue Slaver","floor":12.0,"turns":3.0},{"damage":9.0,"enemies":"3 Louse","floor":13.0,"turns":3.0},{"damage":3.0,"enemies":"Large Slime","floor":14.0,"turns":5.0},{"damage":41.0,"enemies":"Slime Boss","floor":16.0,"turns":7.0},{"damage":22.0,"enemies":"Spheric Guardian","floor":18.0,"turns":4.0},{"damage":37.0,"enemies":"3 Byrds","floor":20.0,"turns":6.0},{"damage":0,"enemies":"Snecko","floor":21,"turns":5},{"damage":12,"enemies":"Centurion and Healer","floor":22,"turns":5},{"damage":13,"enemies":"Snake Plant","floor":24,"turns":3},{"damage":10,"enemies":"3 Cultists","floor":25,"turns":3}],"seed_played":"7433344087973074173","potions_obtained":[{"floor":2.0,"key":"Weak Potion"},{"floor":5.0,"key":"Energy Potion"},{"floor":7.0,"key":"AttackPotion"},{"floor":12.0,"key":"Fruit Juice"},{"floor":14.0,"key":"SkillPotion"},{"floor":21,"key":"AttackPotion"},{"floor":22,"key":"Block Potion"},{"floor":24,"key":"FocusPotion"}],"is_trial":false,"path_per_floor":["M","M","T","M","M","R","E","M","T","R","M","M","M","M","R","B",null,"M","$","M","M","M","T","M"],"character_chosen":"DEFECT","items_purchased":["Static Discharge","All For One","Redo","Coolheaded"],"campfire_rested":2,"item_purchase_floors":[19,19,19,19],"current_hp_per_floor":[69,68,68,70,66,66,48,46,46,68,70,70,63,62,80,39,80,58,58,23,25,15,15,4,0],"gold":198,"neow_bonus":"RANDOM_COMMON_RELIC","is_prod":false,"is_daily":false,"chose_seed":false,"campfire_upgraded":1,"win_rate":0,"timestamp":1534951376,"path_taken":["M","?","?","M","?","R","E","M","T","R","?","M","?","M","R","BOSS","M","$","M","M","M","?","M","M"],"build_version":"2018-08-16","purchased_purges":0,"victory":false,"max_hp_per_floor":[75,75,75,75,75,75,75,75,75,75,75,80,80,80,80,80,80,80,80,80,80,80,80,80,80],"card_choices":[{"not_picked":["Go for the Eyes","Genetic Algorithm"],"picked":"Cold Snap","floor":1.0},{"not_picked":["FTL","Coolheaded"],"picked":"Defragment","floor":2.0},{"not_picked":["Hologram","Ball Lightning"],"picked":"Force Field","floor":4.0},{"not_picked":["Reinforced Body","BootSequence"],"picked":"Sunder","floor":5.0},{"not_picked":["Reinforced Body","Blizzard"],"picked":"Sweeping Beam","floor":7.0},{"not_picked":["Rebound","Sweeping Beam"],"picked":"Conserve Battery","floor":8.0},{"not_picked":["Barrage","Rebound"],"picked":"Lockon","floor":11.0},{"not_picked":["Go for the Eyes","Beam Cell"],"picked":"Rip and Tear","floor":12.0},{"not_picked":["Lockon","Thunder Strike"],"picked":"Go for the Eyes","floor":13.0},{"not_picked":["Skim","Gash"],"picked":"Hologram","floor":14.0},{"not_picked":["Buffer","Meteor Strike"],"picked":"Thunder Strike","floor":16.0},{"not_picked":["Leap","Streamline"],"picked":"Conserve Battery","floor":18.0},{"not_picked":["Redo","Genetic Algorithm"],"picked":"Glacier","floor":20.0},{"not_picked":["Tempest","Redo+1"],"picked":"Darkness","floor":21},{"not_picked":["Steam Power","Stack+1"],"picked":"Static Discharge","floor":22},{"not_picked":["Genetic Algorithm","Gash+1"],"picked":"Barrage","floor":24}],"player_experience":66997,"relics_obtained":[{"floor":3.0,"key":"Blood Vial"},{"floor":7.0,"key":"StoneCalendar"},{"floor":9.0,"key":"Bag of Preparation"},{"floor":23,"key":"Bronze Scales"}],"event_choices":[],"is_beta":false,"boss_relics":[{"not_picked":["Runic Dome","Tiny House"],"picked":"Eternal Feather"}],"items_purged_floors":[],"is_endless":false,"potions_floor_spawned":[2,5,7,12,14,16,21,22,24],"killed_by":"3 Cultists","ascension_level":0}