{"gold_per_floor":[117,117,267,278,278,317,317,10,10,10,45,64,84,84],"floor_reached":14,"playtime":837,"items_purged":[],"score":176,"play_id":"572d2cfe-92d7-4070-b09d-067456302585","local_time":"20190522134502","is_ascension_mode":true,"campfire_choices":[{"floor":7.0,"key":"REST"},{"data":"Evolve","floor":10.0,"key":"SMITH"}],"neow_cost":"TEN_PERCENT_HP_LOSS","seed_source_timestamp":0,"circlet_count":0,"master_deck":["AscendersBane","Strike_R","Strike_R","Strike_R","Strike_R","Strike_R","Defend_R","Defend_R","Defend_R+1","Defend_R","Bash+1","Armaments","Doubt","True Grit","Injury","Power Through+1","Evolve+1","Corruption"],"special_seed":0,"relics":["Burning Blood","Ice Cream","Golden Idol","Toxic Egg 2","Shuriken","Pear","Bag of Marbles"],"potions_floor_usage":[14],"damage_taken":[{"damage":0.0,"enemies":"Small Slimes","floor":1.0,"turns":3.0},{"damage":10.0,"enemies":"Jaw Worm","floor":4.0,"turns":4.0},{"damage":40.0,"enemies":"Gremlin Nob","floor":6.0,"turns":6.0},{"damage":18.0,"enemies":"3 Sentries","floor":11.0,"turns":14.0},{"damage":1.0,"enemies":"Cultist","floor":12.0,"turns":3.0},{"damage":7.0,"enemies":"3 Louse","floor":13.0,"turns":6.0},{"damage":32,"enemies":"Exordium Thugs","floor":14,"turns":5}],"seed_played":"7533830721312247732","potions_obtained":[{"floor":4.0,"key":"Weak Potion"},{"floor":11.0,"key":"SpeedPotion"},{"floor":13.0,"key":"GamblersBrew"}],"is_trial":false,"path_per_floor":["M","?","?","M","?","E","R","$","T","R","E","M","M","M"],"character_chosen":"IRONCLAD","items_purchased":["Shuriken","Evolve"],"campfire_rested":1,"item_purchase_floors":[8,8],"current_hp_per_floor":[68,48,48,44,44,10,30,30,40,40,28,33,32,0],"gold":84,"neow_bonus":"ONE_RARE_RELIC","is_prod":false,"is_daily":false,"chose_seed":false,"campfire_upgraded":1,"win_rate":0,"timestamp":1558554302,"path_taken":["M","?","?","M","?","E","R","$","T","R","E","?","?","M"],"build_version":"2019-01-23","purchased_purges":0,"victory":false,"max_hp_per_floor":[68,68,68,68,68,68,68,68,78,78,78,78,78,78],"card_choices":[{"not_picked":["Clash","Battle Trance"],"picked":"Armaments","floor":1.0},{"not_picked":["Combust","Disarm"],"picked":"True Grit","floor":4.0},{"not_picked":["Second Wind","Pummel"],"picked":"Power Through","floor":6.0},{"not_picked":["Perfected Strike","Searing Blow","Twin Strike"],"picked":"SKIP","floor":11.0},{"not_picked":["Fire Breathing","Bloodletting+1"],"picked":"Corruption","floor":12.0},{"not_picked":["Clothesline","Searing Blow","Heavy Blade"],"picked":"SKIP","floor":13.0}],"player_experience":769861,"relics_obtained":[{"floor":6.0,"key":"Toxic Egg 2"},{"floor":9.0,"key":"Pear"},{"floor":11.0,"key":"Bag of Marbles"}],"event_choices":[{"damage_healed":0.0,"max_hp_gain":0.0,"max_hp_loss":0.0,"gold_gain":0.0,"event_name":"Shining Light","player_choice":"Entered Light","floor":2.0,"gold_loss":0.0,"damage_taken":20.0,"cards_upgraded":["Defend_R","Bash"]},{"damage_healed":0.0,"max_hp_gain":0.0,"max_hp_loss":0.0,"gold_gain":150.0,"event_name":"Liars Game","player_choice":"AGREE","floor":3.0,"gold_loss":0.0,"damage_taken":0.0,"cards_obtained":["Doubt"]},{"damage_healed":0.0,"max_hp_gain":0.0,"max_hp_loss":0.0,"gold_gain":0.0,"event_name":"Golden Idol","player_choice":"Take Wound","floor":5.0,"gold_loss":0.0,"damage_taken":0.0,"relics_obtained":["Golden Idol"],"cards_obtained":["Injury"]}],"is_beta":false,"boss_relics":[],"items_purged_floors":[],"is_endless":false,"potions_floor_spawned":[4,11,13],"killed_by":"Exordium Thugs","ascension_level":16}