{"gold_per_floor":[113,113,288,302,64,64,79,113,113,128,142,142,44,102,102,197,197,137,137,92,92,92,117,117,130,130,183,183],"floor_reached":28,"playtime":1142,"items_purged":["Doubt"],"score":254,"play_id":"46fdd9af-7eac-4e89-a89e-0199dfd98ce3","local_time":"20181024180525","is_ascension_mode":true,"campfire_choices":[{"data":"Zap","floor":6,"key":"SMITH"},{"floor":12,"key":"REST"},{"data":"Double Energy","floor":15,"key":"SMITH"},{"floor":24,"key":"REST"}],"neow_cost":"NONE","seed_source_timestamp":688657395964409,"circlet_count":0,"master_deck":["Strike_B","Strike_B","Strike_B","Strike_B","Defend_B","Defend_B","Defend_B","Defend_B","Zap+1","Dualcast","Meteor Strike","Leap","Auto Shields","Capacitor","Barrage","Double Energy+1","Self Repair","Cold Snap","Coolheaded","Aggregate","Echo Form","Turbo","Coolheaded","Lockon+1","Reinforced Body+1"],"relics":["Cracked Core","Symbiotic Virus","Runic Capacitor","Regal Pillow","Cables","Tiny Chest","Inserter","MutagenicStrength","Toxic Egg 2","Frozen Egg 2","Smiling Mask"],"potions_floor_usage":[11,14,16,18],"damage_taken":[{"damage":0,"enemies":"2 Louse","floor":1,"turns":3},{"damage":3,"enemies":"Small Slimes","floor":4,"turns":4},{"damage":9,"enemies":"Jaw Worm","floor":7,"turns":6},{"damage":18,"enemies":"Lagavulin","floor":8,"turns":8},{"damage":5,"enemies":"Looter","floor":10,"turns":4},{"damage":8,"enemies":"3 Louse","floor":11,"turns":3},{"damage":3,"enemies":"3 Sentries","floor":14,"turns":5},{"damage":22,"enemies":"Hexaghost","floor":16,"turns":8},{"damage":21,"enemies":"2 Thieves","floor":18,"turns":4},{"damage":44,"enemies":"Slavers","floor":23,"turns":6},{"damage":17,"enemies":"Spheric Guardian","floor":25,"turns":5},{"damage":55,"enemies":"Gremlin Leader","floor":28,"turns":4}],"seed_played":"7493463229341082475","potions_obtained":[{"floor":7,"key":"GamblersBrew"},{"floor":11,"key":"SkillPotion"},{"floor":14,"key":"PowerPotion"},{"floor":16,"key":"Strength Potion"},{"floor":25,"key":"FairyPotion"}],"is_trial":false,"path_per_floor":["M","?","?","M","$","R","M","E","T","M","M","R","$","E","R","B",null,"M","?","$","?","?","E","R","M","T","T"],"character_chosen":"DEFECT","items_purchased":["Capacitor","Runic Capacitor","Coolheaded","Coolheaded"],"campfire_rested":2,"item_purchase_floors":[5,5,13,20],"current_hp_per_floor":[75,57,57,54,54,54,45,27,27,22,21,58,58,62,62,47,75,61,61,61,61,47,10,49,39,39,39,0],"gold":183,"neow_bonus":"ONE_RANDOM_RARE_CARD","is_prod":false,"is_daily":false,"chose_seed":false,"campfire_upgraded":2,"win_rate":0,"timestamp":1540418725,"path_taken":["M","?","?","M","$","R","M","E","T","?","?","R","$","E","R","BOSS","M","?","$","?","?","E","R","M","T","?","E"],"build_version":"2018-10-18","purchased_purges":1,"victory":false,"max_hp_per_floor":[75,75,75,75,75,75,75,75,75,75,75,75,75,75,75,75,75,75,75,75,75,80,80,80,80,80,80,80],"card_choices":[{"not_picked":["Go for the Eyes","Melter"],"picked":"Leap","floor":1},{"not_picked":["BootSequence","Streamline"],"picked":"Auto Shields","floor":4},{"not_picked":["Hologram","Hyperbeam"],"picked":"Barrage","floor":7},{"not_picked":["Stack","Multi-Cast"],"picked":"Double Energy","floor":8},{"not_picked":["Cold Snap","Leap"],"picked":"Self Repair","floor":10},{"not_picked":["Steam","Leap"],"picked":"Cold Snap","floor":11},{"not_picked":["Hyperbeam","Scrape"],"picked":"Aggregate","floor":14},{"not_picked":["Biased Cognition","Multi-Cast"],"picked":"Echo Form","floor":16},{"not_picked":["Auto Shields","Hologram+1"],"picked":"Turbo","floor":18},{"not_picked":["Streamline+1","Hello World"],"picked":"Lockon+1","floor":23},{"not_picked":["Go for the Eyes","Compile Driver"],"picked":"Reinforced Body+1","floor":25}],"player_experience":172420,"relics_obtained":[{"floor":8,"key":"Regal Pillow"},{"floor":9,"key":"Cables"},{"floor":14,"key":"Tiny Chest"},{"floor":23,"key":"Toxic Egg 2"},{"floor":26,"key":"Frozen Egg 2"},{"floor":27,"key":"Smiling Mask"}],"event_choices":[{"damage_healed":0,"gold_gain":0,"player_choice":"Success","damage_taken":18,"relics_obtained":["Symbiotic Virus"],"max_hp_gain":0,"max_hp_loss":0,"event_name":"Scrap Ooze","floor":2,"gold_loss":0},{"damage_healed":0,"gold_gain":175,"player_choice":"AGREE","damage_taken":0,"max_hp_gain":0,"max_hp_loss":0,"event_name":"Liars Game","floor":3,"gold_loss":0,"cards_obtained":["Doubt"]},{"damage_healed":0,"gold_gain":0,"player_choice":"Ignored","damage_taken":0,"max_hp_gain":0,"max_hp_loss":0,"event_name":"Beggar","floor":19,"gold_loss":0},{"damage_healed":0,"gold_gain":0,"player_choice":"Inject Mutagens","damage_taken":0,"relics_obtained":["MutagenicStrength"],"max_hp_gain":0,"max_hp_loss":0,"event_name":"Drug Dealer","floor":21,"gold_loss":0},{"damage_healed":0,"gold_gain":0,"player_choice":"Shed Blood","damage_taken":19,"max_hp_gain":5,"max_hp_loss":0,"event_name":"Forgotten Altar","floor":22,"gold_loss":0}],"is_beta":false,"boss_relics":[{"not_picked":["Lizard Tail","Black Star"],"picked":"Inserter"}],"items_purged_floors":[13],"is_endless":false,"potions_floor_spawned":[7,11,14,16,25],"killed_by":"Gremlin Leader","ascension_level":1}