{"gold_per_floor":[110,130,150,170,170,201,212,162,237,251,251,279,279,315,315,440,440,454,454,131,144,163,201,201,241,288,309,309,309,326,341,341,445,445,456,456,96,106,120,155,209,209,233,233,333,343,343,0,0,0],"floor_reached":51,"playtime":4683,"items_purged":["Injury","Strike_R"],"score":787,"play_id":"40d6f9a6-c350-4f3f-88fb-95d60f6f3ac0","local_time":"20190306105430","is_ascension_mode":false,"campfire_choices":[{"data":"Anger","floor":11.0,"key":"SMITH"},{"floor":15.0,"key":"REST"},{"data":"Armaments","floor":24.0,"key":"SMITH"},{"data":"1","floor":28.0,"key":"LIFT"},{"data":"2","floor":32.0,"key":"LIFT"},{"data":"Defend_R","floor":42.0,"key":"SMITH"},{"data":"Perfected Strike","floor":49,"key":"SMITH"}],"neow_cost":"NONE","seed_source_timestamp":739389183277900,"circlet_count":0,"master_deck":["Strike_R","Strike_R","Strike_R","Defend_R","Defend_R","Defend_R+1","Defend_R+1","Bash","Cleave","Warcry+1","Perfected Strike+1","Clash","Warcry","Anger+1","Clash","Clash","Armaments+1","Thunderclap","Flex","Headbutt+1","Clothesline+1","Shrug It Off+1","Twin Strike","Clash+1","Body Slam+1","True Grit+1"],"special_seed":0,"relics":["Burning Blood","Ornamental Fan","Pear","Nunchaku","Bloody Idol","Anchor","White Beast Statue","Toy Ornithopter","Juzu Bracelet","Girya","Happy Flower","Brimstone","Bag of Marbles","StoneCalendar","Potion Belt","Magic Flower","Molten Egg 2","Red Mask"],"potions_floor_usage":[50,50,50,50],"damage_taken":[{"damage":8.0,"enemies":"Jaw Worm","floor":1.0,"turns":4.0},{"damage":2.0,"enemies":"Small Slimes","floor":2.0,"turns":3.0},{"damage":1.0,"enemies":"Cultist","floor":3.0,"turns":3.0},{"damage":19.0,"enemies":"Exordium Wildlife","floor":4.0,"turns":7.0},{"damage":48.0,"enemies":"Lagavulin","floor":6.0,"turns":8.0},{"damage":0.0,"enemies":"Looter","floor":7.0,"turns":3.0},{"damage":3.0,"enemies":"Blue Slaver","floor":10.0,"turns":3.0},{"damage":22.0,"enemies":"3 Sentries","floor":12.0,"turns":9.0},{"damage":13.0,"enemies":"Gremlin Nob","floor":14.0,"turns":4.0},{"damage":20.0,"enemies":"Hexaghost","floor":16.0,"turns":8.0},{"damage":15.0,"enemies":"2 Thieves","floor":18.0,"turns":5.0},{"damage":16.0,"enemies":"Spheric Guardian","floor":21.0,"turns":4.0},{"damage":14.0,"enemies":"Shelled Parasite and Fungi","floor":22.0,"turns":5.0},{"damage":9.0,"enemies":"Book of Stabbing","floor":23.0,"turns":4.0},{"damage":26.0,"enemies":"Gremlin Leader","floor":25.0,"turns":5.0},{"damage":16.0,"enemies":"Chosen and Byrds","floor":27.0,"turns":6.0},{"damage":0.0,"enemies":"Centurion and Healer","floor":30.0,"turns":3.0},{"damage":6.0,"enemies":"Snake Plant","floor":31.0,"turns":3.0},{"damage":48.0,"enemies":"Champ","floor":33.0,"turns":10.0},{"damage":11.0,"enemies":"3 Darklings","floor":35.0,"turns":5.0},{"damage":5.0,"enemies":"3 Shapes","floor":38.0,"turns":3.0},{"damage":31.0,"enemies":"Jaw Worm Horde","floor":39.0,"turns":4.0},{"damage":31.0,"enemies":"Giant Head","floor":40.0,"turns":6.0},{"damage":6.0,"enemies":"2 Orb Walkers","floor":41.0,"turns":3.0},{"damage":13.0,"enemies":"Mind Bloom Boss Battle","floor":45.0,"turns":4.0},{"damage":15,"enemies":"4 Shapes","floor":46,"turns":4},{"damage":58,"enemies":"Awakened One","floor":50,"turns":8}],"seed_played":"7096979980729705967","potions_obtained":[{"floor":2.0,"key":"Weak Potion"},{"floor":3.0,"key":"GamblersBrew"},{"floor":4.0,"key":"BloodPotion"},{"floor":7.0,"key":"Strength Potion"},{"floor":12.0,"key":"Energy Potion"},{"floor":16.0,"key":"Poison Potion"},{"floor":18.0,"key":"Strength Potion"},{"floor":21.0,"key":"FearPotion"},{"floor":22.0,"key":"AttackPotion"},{"floor":23.0,"key":"Strength Potion"},{"floor":25.0,"key":"LiquidBronze"},{"floor":27.0,"key":"Strength Potion"},{"floor":30.0,"key":"Block Potion"},{"floor":33.0,"key":"FearPotion"},{"floor":35.0,"key":"Poison Potion"},{"floor":38.0,"key":"GamblersBrew"},{"floor":39.0,"key":"Dexterity Potion"},{"floor":40.0,"key":"EssenceOfSteel"},{"floor":41.0,"key":"FairyPotion"},{"floor":45.0,"key":"PowerPotion"},{"floor":46,"key":"EssenceOfSteel"}],"is_trial":false,"path_per_floor":["M","M","M","M","?","E","M","?","T","M","R","E","?","E","R","B",null,"M","?","$","M","M","E","R","E","T","M","R","?","M","M","R","B",null,"M","?","$","M","M","E","?","R","T","?","?","M","T","?","R","B",null],"character_chosen":"IRONCLAD","items_purchased":["Armaments","Toy Ornithopter","Brimstone","Twin Strike"],"campfire_rested":1,"item_purchase_floors":[20,20,37,37],"current_hp_per_floor":[86,88,88,75,57,23,29,29,39,42,42,26,26,19,48,34,98,89,89,89,79,71,78,78,63,63,53,53,53,64,69,69,47,98,98,93,93,93,73,58,68,68,73,73,71,70,70,70,70,53],"gold":0,"neow_bonus":"TEN_PERCENT_HP_BONUS","is_prod":false,"is_daily":false,"chose_seed":false,"campfire_upgraded":4,"win_rate":0,"timestamp":1551894870,"path_taken":["M","M","M","M","?","E","M","?","T","M","R","E","?","E","R","BOSS","M","?","$","?","M","E","R","E","T","M","R","?","M","M","R","BOSS","M","?","$","M","M","E","?","R","T","?","?","M","?","?","R","BOSS"],"build_version":"2019-01-23","purchased_purges":2,"victory":true,"max_hp_per_floor":[88,88,88,88,88,88,88,88,98,98,98,98,98,98,98,98,98,98,98,98,98,98,98,98,98,98,98,98,98,98,98,98,98,98,98,93,93,93,93,93,93,93,93,93,93,93,93,93,93,93],"card_choices":[{"not_picked":["Twin Strike","Dropkick"],"picked":"Cleave","floor":1.0},{"not_picked":["Battle Trance","Anger"],"picked":"Warcry","floor":2.0},{"not_picked":["Fire Breathing","Blood for Blood","Rage"],"picked":"SKIP","floor":3.0},{"not_picked":["Carnage","Heavy Blade"],"picked":"Perfected Strike","floor":4.0},{"not_picked":["Sword Boomerang","Anger"],"picked":"Clash","floor":6.0},{"not_picked":["True Grit","Corruption"],"picked":"Warcry","floor":7.0},{"not_picked":["Body Slam","Armaments"],"picked":"Anger","floor":10.0},{"not_picked":["Wild Strike","Sentinel","Havoc"],"picked":"SKIP","floor":12.0},{"not_picked":["Wild Strike","Sentinel","Havoc"],"picked":"SKIP","floor":12.0},{"not_picked":["Hemokinesis","Body Slam","Heavy Blade"],"picked":"SKIP","floor":14.0},{"not_picked":["Evolve","Shrug It Off"],"picked":"Clash","floor":18.0},{"not_picked":["Warcry+1","Disarm","Hemokinesis"],"picked":"SKIP","floor":21.0},{"not_picked":["Shockwave","Clothesline"],"picked":"Thunderclap","floor":22.0},{"not_picked":["Twin Strike+1","Fire Breathing"],"picked":"Flex","floor":23.0},{"not_picked":["Reckless Charge","Exhume"],"picked":"Headbutt+1","floor":25.0},{"not_picked":["Bloodletting","Perfected Strike+1","Dropkick"],"picked":"SKIP","floor":27.0},{"not_picked":["Body Slam","Seeing Red+1","Ghostly Armor"],"picked":"SKIP","floor":30.0},{"not_picked":["Shockwave","Perfected Strike+1"],"picked":"Clothesline+1","floor":31.0},{"not_picked":["Bloodletting","Clothesline+1"],"picked":"Shrug It Off+1","floor":35.0},{"not_picked":["Dropkick+1","Hemokinesis","Wild Strike"],"picked":"SKIP","floor":38.0},{"not_picked":["Thunderclap+1","Rage","Ghostly Armor+1"],"picked":"SKIP","floor":39.0},{"not_picked":["Reaper","Flex+1"],"picked":"Clash+1","floor":40.0},{"not_picked":["Corruption+1","Cleave"],"picked":"Body Slam+1","floor":41.0},{"not_picked":["Twin Strike","Pommel Strike+1"],"picked":"True Grit+1","floor":46}],"player_experience":459409,"relics_obtained":[{"floor":6.0,"key":"Ornamental Fan"},{"floor":9.0,"key":"Pear"},{"floor":12.0,"key":"Nunchaku"},{"floor":14.0,"key":"Anchor"},{"floor":23.0,"key":"Juzu Bracelet"},{"floor":25.0,"key":"Girya"},{"floor":26.0,"key":"Happy Flower"},{"floor":40.0,"key":"Bag of Marbles"},{"floor":41.0,"key":"StoneCalendar"},{"floor":43.0,"key":"Potion Belt"},{"floor":45.0,"key":"Magic Flower"},{"floor":47,"key":"Molten Egg 2"}],"event_choices":[{"damage_healed":0.0,"max_hp_gain":0.0,"max_hp_loss":0.0,"gold_gain":0.0,"event_name":"Shining Light","player_choice":"Entered Light","floor":5.0,"gold_loss":0.0,"damage_taken":18.0,"cards_upgraded":["Warcry","Defend_R"]},{"cards_removed":["Strike_R"],"damage_healed":0.0,"max_hp_gain":0.0,"max_hp_loss":0.0,"gold_gain":0.0,"event_name":"The Cleric","player_choice":"Card Removal","floor":8.0,"gold_loss":50.0,"damage_taken":0.0},{"damage_healed":0.0,"max_hp_gain":0.0,"max_hp_loss":0.0,"gold_gain":0.0,"event_name":"Golden Idol","player_choice":"Take Wound","floor":13.0,"gold_loss":0.0,"damage_taken":0.0,"relics_obtained":["Golden Idol"],"cards_obtained":["Injury"]},{"damage_healed":0.0,"max_hp_gain":0.0,"max_hp_loss":0.0,"gold_gain":0.0,"event_name":"Duplicator","player_choice":"Copied","floor":19.0,"gold_loss":0.0,"damage_taken":0.0,"cards_obtained":["Clash"]},{"damage_healed":0.0,"max_hp_gain":0.0,"max_hp_loss":0.0,"gold_gain":0.0,"event_name":"Forgotten Altar","player_choice":"Gave Idol","floor":29.0,"relics_lost":["Golden Idol"],"gold_loss":0.0,"damage_taken":0.0,"relics_obtained":["Bloody Idol"]},{"damage_healed":0.0,"max_hp_gain":0.0,"max_hp_loss":5.0,"gold_gain":0.0,"event_name":"Winding Halls","player_choice":"Max HP","floor":36.0,"gold_loss":0.0,"damage_taken":0.0},{"damage_healed":0.0,"max_hp_gain":0.0,"max_hp_loss":0.0,"gold_gain":0.0,"event_name":"Mysterious Sphere","player_choice":"Fight","floor":41.0,"gold_loss":0.0,"damage_taken":0.0},{"damage_healed":0.0,"max_hp_gain":0.0,"max_hp_loss":0.0,"gold_gain":0.0,"event_name":"SensoryStone","player_choice":"Memory 1","floor":44.0,"gold_loss":0.0,"damage_taken":0.0},{"damage_healed":0.0,"max_hp_gain":0.0,"max_hp_loss":0.0,"gold_gain":0.0,"event_name":"MindBloom","player_choice":"Fight","floor":45.0,"gold_loss":0.0,"damage_taken":0.0},{"damage_healed":0,"gold_gain":0,"player_choice":"Paid","damage_taken":0,"relics_obtained":["Red Mask"],"max_hp_gain":0,"max_hp_loss":0,"event_name":"Tomb of Lord Red Mask","floor":48,"gold_loss":343}],"is_beta":false,"boss_relics":[{"not_picked":["Snecko Eye","Empty Cage"],"picked":"White Beast Statue"},{"not_picked":["Calling Bell","Fusion Hammer","Sozu"]}],"items_purged_floors":[20,37],"is_endless":false,"potions_floor_spawned":[2,3,4,7,12,16,18,21,22,23,25,27,30,31,33,35,38,39,40,41,45,46],"ascension_level":0}