{"gold_per_floor":[13,28,46,66,79,97,97,97,97,113,130,130,143,162,162,162],"floor_reached":16,"playtime":1091,"items_purged":[],"score":100,"play_id":"b1a39710-4dd7-42f1-8d71-bf0ab40002e7","local_time":"20180818124324","is_ascension_mode":false,"campfire_choices":[{"floor":8,"key":"REST"},{"floor":12,"key":"REST"},{"floor":15,"key":"REST"}],"neow_cost":"NO_GOLD","seed_source_timestamp":63269463416172,"circlet_count":0,"master_deck":["Strike_B","Strike_B","Strike_B","Strike_B","Defend_B+1","Defend_B","Defend_B","Defend_B+1","Zap","Dualcast","Rainbow","Beam Cell","Rebound","Defragment","Aggregate","Chill","Reprogram","Chaos","Leap","Hologram","Ball Lightning"],"relics":["Cracked Core","Matryoshka"],"potions_floor_usage":[16,16,16],"damage_taken":[{"damage":0,"enemies":"Cultist","floor":1,"turns":3},{"damage":13,"enemies":"Small Slimes","floor":2,"turns":4},{"damage":0,"enemies":"2 Louse","floor":3,"turns":2},{"damage":19,"enemies":"Lots of Slimes","floor":4,"turns":4},{"damage":12,"enemies":"3 Louse","floor":5,"turns":3},{"damage":6,"enemies":"Looter","floor":6,"turns":3},{"damage":0,"enemies":"Lots of Slimes","floor":10,"turns":6},{"damage":8,"enemies":"Blue Slaver","floor":11,"turns":3},{"damage":0,"enemies":"Large Slime","floor":13,"turns":5},{"damage":22,"enemies":"Gremlin Gang","floor":14,"turns":3},{"damage":46,"enemies":"The Guardian","floor":16,"turns":10}],"seed_played":"-5962007972598596139","potions_obtained":[{"floor":5,"key":"Swift Potion"},{"floor":6,"key":"Poison Potion"},{"floor":11,"key":"LiquidBronze"},{"floor":13,"key":"FearPotion"}],"is_trial":false,"path_per_floor":["M","M","M","M","M","M","?","R","T","M","M","R","M","M","R"],"character_chosen":"DEFECT","items_purchased":[],"campfire_rested":3,"item_purchase_floors":[],"current_hp_per_floor":[75,62,62,43,31,25,10,32,32,32,24,46,46,24,46,0],"gold":162,"neow_bonus":"THREE_RARE_CARDS","is_prod":false,"is_daily":false,"chose_seed":false,"campfire_upgraded":0,"win_rate":0.0,"timestamp":1534610604,"path_taken":["M","M","M","M","M","?","?","R","T","M","M","R","?","M","R","BOSS"],"build_version":"2018-08-16","purchased_purges":0,"victory":false,"max_hp_per_floor":[75,75,75,75,75,75,75,75,75,75,75,75,75,75,75,75],"card_choices":[{"not_picked":["Amplify","Echo Form"],"picked":"Rainbow","floor":0},{"not_picked":["Leap","Doom and Gloom"],"picked":"Beam Cell","floor":1},{"not_picked":["Sweeping Beam","Storm"],"picked":"Rebound","floor":2},{"not_picked":["Coolheaded","Stack"],"picked":"Defragment","floor":3},{"not_picked":["Creative AI","Barrage"],"picked":"Aggregate","floor":4},{"not_picked":["Coolheaded","Streamline"],"picked":"Chill","floor":5},{"not_picked":["Coolheaded","Consume"],"picked":"Reprogram","floor":6},{"not_picked":["Rebound","Undo"],"picked":"Chaos","floor":10},{"not_picked":["Scrape","Darkness"],"picked":"Leap","floor":11},{"not_picked":["Compile Driver","Sweeping Beam"],"picked":"Hologram","floor":13},{"not_picked":["Streamline","Skim"],"picked":"Ball Lightning","floor":14}],"player_experience":19651,"relics_obtained":[{"floor":9,"key":"Matryoshka"}],"event_choices":[{"event_name":"Shining Light","player_choice":"Entered Light","floor":7,"damage_taken":0}],"is_beta":false,"boss_relics":[],"items_purged_floors":[],"is_endless":false,"potions_floor_spawned":[5,6,11,13],"killed_by":"The Guardian","ascension_level":0}