{"path_per_floor":["M","M","$","M","M","E","M","M","T","M","R","E","M","E","R","B",null,"M","M","M","T","M","R","M","$","T","R","M","M","$","E","R"],"character_chosen":"IRONCLAD","items_purchased":["Apotheosis","Dramatic Entrance"],"gold_per_floor":[118,128,53,64,83,108,122,140,164,176,176,202,221,248,248,351,351,363,376,394,394,411,411,424,31,99,99,117,131,6,33,33],"floor_reached":33,"campfire_rested":3,"playtime":1716,"current_hp_per_floor":[67,52,52,45,49,31,20,26,26,20,44,50,52,51,51,30,68,61,72,83,83,63,63,25,25,25,52,30,32,32,13,41],"items_purged":["Regret","Strike_R","Strike_R"],"gold":33,"score":457,"play_id":"33b22f9d-976a-4561-9713-5085965701c9","local_time":"20180318053616","is_prod":false,"is_daily":false,"is_ascension_mode":true,"campfire_upgraded":2,"timestamp":1521347776,"path_taken":["M","M","$","?","M","E","?","M","T","M","R","E","?","E","R","BOSS","M","?","?","?","M","R","M","$","T","R","?","M","?","E","R","BOSS"],"build_version":"2018-03-16","purchased_purges":3,"victory":false,"master_deck":["Strike_R","Strike_R","Strike_R","Defend_R","Defend_R","Defend_R","Defend_R","Bash","Inflame","Heavy Blade+1","Whirlwind+1","Flame Barrier","Thunderclap","Flex","Feed","Armaments+1","Spot Weakness+1","Shrug It Off+1","Sword Boomerang+1","Flame Barrier+1","Apotheosis","Dramatic Entrance","Seeing Red"],"max_hp_per_floor":[80,80,80,80,80,80,80,80,80,80,80,80,80,80,80,80,80,83,86,89,89,92,92,92,92,92,92,96,96,96,96,96],"relics":["Burning Blood","Ice Cream","Omamori","Vajra","Blood Vial","Oddly Smooth Stone","Sozu","Bag of Preparation","Mercury Hourglass","Kunai"],"card_choices":[{"not_picked":["Clothesline","Iron Wave"],"picked":"Inflame"},{"not_picked":["Wild Strike","Feel No Pain"],"picked":"Heavy Blade"},{"not_picked":["Sentinel","Sword Boomerang"],"picked":"Whirlwind"},{"not_picked":["Twin Strike","Blood for Blood"],"picked":"Flame Barrier"},{"not_picked":["Whirlwind","Bloodletting"],"picked":"Thunderclap"},{"not_picked":["Intimidate","Perfected Strike"],"picked":"Flex"},{"not_picked":["Brutality","Immolate"],"picked":"Feed"},{"not_picked":["Twin Strike","Body Slam"],"picked":"Armaments"},{"not_picked":["Heavy Blade","Carnage"],"picked":"Spot Weakness"},{"not_picked":["Armaments","Juggernaut"],"picked":"Shrug It Off"},{"not_picked":["Anger","Hemokinesis"],"picked":"Sword Boomerang"},{"not_picked":["Clothesline","Shrug It Off"],"picked":"Flame Barrier"},{"not_picked":["Clothesline","Dual Wield"],"picked":"Seeing Red"}],"player_experience":212014,"potions_floor_usage":[10,14,14,19],"damage_taken":[{"damage":11,"enemies":"Cultist","floor":1,"turns":4},{"damage":21,"enemies":"Jaw Worm","floor":2,"turns":4},{"damage":13,"enemies":"Small Slimes","floor":4,"turns":4},{"damage":2,"enemies":"2 Fungi Beasts","floor":5,"turns":4},{"damage":24,"enemies":"Gremlin Nob","floor":6,"turns":4},{"damage":17,"enemies":"Looter","floor":7,"turns":3},{"damage":0,"enemies":"Large Slime","floor":8,"turns":5},{"damage":12,"enemies":"Exordium Wildlife","floor":10,"turns":3},{"damage":0,"enemies":"Lagavulin","floor":12,"turns":4},{"damage":6,"enemies":"Red Slaver","floor":13,"turns":3},{"damage":9,"enemies":"3 Sentries","floor":14,"turns":3},{"damage":29,"enemies":"Slime Boss","floor":16,"turns":8},{"damage":18,"enemies":"Shell Parasite","floor":18,"turns":4},{"damage":0,"enemies":"3 Byrds","floor":19,"turns":3},{"damage":0,"enemies":"3 Cultists","floor":20,"turns":2},{"damage":31,"enemies":"Chosen and Byrds","floor":22,"turns":6},{"damage":46,"enemies":"Slaver and Parasite","floor":24,"turns":6},{"damage":34,"enemies":"Cultist and Chosen","floor":28,"turns":5},{"damage":6,"enemies":"3 Cultists","floor":29,"turns":3},{"damage":27,"enemies":"Book of Stabbing","floor":31,"turns":4},{"damage":60,"enemies":"Champ","floor":33,"turns":5}],"event_choices":[],"boss_relics":[{"not_picked":["Astrolabe","Black Blood"],"picked":"Sozu"}],"potions_floor_spawned":[1,2,6,8,12,18,20,22,24,31],"seed_played":"-5349219599051744332","killed_by":"Champ","ascension_level":7,"is_trial":false}