{"gold_per_floor":[113,123,139,152,165,200,200,229,253,281,281,291,308,333,333,433,433,446,301,226,126,126,157,157,174,222,240,259,279,58,76,76,175,175,192,205,218,218,24,37,56,74,147,147,178,178,212,266,266,266],"floor_reached":51,"playtime":5901,"items_purged":["Strike_R","Defend_R"],"score":1026,"play_id":"4a7cedc6-6a03-40a9-ba0e-f1101f71e628","local_time":"20190522014908","is_ascension_mode":true,"campfire_choices":[{"floor":7.0,"key":"REST"},{"data":"Armaments","floor":15.0,"key":"SMITH"},{"data":"Havoc","floor":24.0,"key":"SMITH"},{"data":"Warcry","floor":32.0,"key":"SMITH"},{"floor":44,"key":"REST"},{"data":"Armaments","floor":46,"key":"SMITH"},{"floor":49,"key":"REST"}],"neow_cost":"NONE","seed_source_timestamp":10031777482604,"circlet_count":0,"master_deck":["Bash","Seeing Red","Inflame","Thunderclap","Shrug It Off","Pommel Strike+1","Armaments+1","Impervious","Heavy Blade","Havoc+1","Offering","Dark Embrace","True Grit+1","Warcry+1","Havoc","Heavy Blade+1","Burning Pact","Feed","Uppercut+1","Secret Weapon","Spot Weakness","Corruption+1","Demon Form","Armaments+1","Wild Strike","Disarm","Disarm","Immolate","Havoc","Warcry+1","Havoc+1","True Grit+1","Reaper","Reaper"],"special_seed":0,"relics":["Black Blood","Ancient Tea Set","Omamori","Red Skull","Whetstone","Nloth\u0027s Gift","Anchor","Vajra","Pandora\u0027s Box","Frozen Eye","Bottled Tornado","The Courier","Meat on the Bone","PreservedInsect"],"potions_floor_usage":[36,40,41,47,50],"damage_taken":[{"damage":13.0,"enemies":"Jaw Worm","floor":1.0,"turns":4.0},{"damage":5.0,"enemies":"Small Slimes","floor":2.0,"turns":4.0},{"damage":1.0,"enemies":"Cultist","floor":3.0,"turns":4.0},{"damage":7.0,"enemies":"Exordium Wildlife","floor":4.0,"turns":4.0},{"damage":34.0,"enemies":"Exordium Thugs","floor":5.0,"turns":4.0},{"damage":16.0,"enemies":"Gremlin Nob","floor":6.0,"turns":3.0},{"damage":32.0,"enemies":"3 Sentries","floor":8.0,"turns":7.0},{"damage":0.0,"enemies":"Gremlin Nob","floor":10.0,"turns":2.0},{"damage":8.0,"enemies":"Red Slaver","floor":12.0,"turns":4.0},{"damage":2.0,"enemies":"2 Fungi Beasts","floor":13.0,"turns":4.0},{"damage":17.0,"enemies":"Lagavulin","floor":14.0,"turns":6.0},{"damage":9.0,"enemies":"The Guardian","floor":16.0,"turns":7.0},{"damage":6.0,"enemies":"Chosen","floor":18.0,"turns":3.0},{"damage":76.0,"enemies":"Slavers","floor":23.0,"turns":17.0},{"damage":0.0,"enemies":"Shell Parasite","floor":25.0,"turns":2.0},{"damage":8.0,"enemies":"Chosen and Byrds","floor":27.0,"turns":4.0},{"damage":6.0,"enemies":"Centurion and Healer","floor":28.0,"turns":5.0},{"damage":28.0,"enemies":"Shelled Parasite and Fungi","floor":29.0,"turns":4.0},{"damage":0.0,"enemies":"Snecko","floor":31.0,"turns":2.0},{"damage":6.0,"enemies":"Collector","floor":33.0,"turns":3.0},{"damage":6,"enemies":"Orb Walker","floor":35,"turns":3},{"damage":6,"enemies":"3 Darklings","floor":36,"turns":4},{"damage":32,"enemies":"Jaw Worm Horde","floor":37,"turns":4},{"damage":39,"enemies":"Transient","floor":40,"turns":5},{"damage":33,"enemies":"Maw","floor":41,"turns":8},{"damage":30,"enemies":"3 Darklings","floor":42,"turns":6},{"damage":9,"enemies":"Giant Head","floor":45,"turns":6},{"damage":69,"enemies":"Nemesis","floor":47,"turns":7},{"damage":23,"enemies":"Donu and Deca","floor":50,"turns":5}],"seed_played":"8039706623585134036","potions_obtained":[{"floor":2.0,"key":"Dexterity Potion"},{"floor":3.0,"key":"Fire Potion"},{"floor":4.0,"key":"Strength Potion"},{"floor":8.0,"key":"AttackPotion"},{"floor":12.0,"key":"Regen Potion"},{"floor":23.0,"key":"Ancient Potion"},{"floor":29.0,"key":"Strength Potion"},{"floor":31.0,"key":"Block Potion"},{"floor":33.0,"key":"Explosive Potion"},{"floor":35,"key":"EssenceOfSteel"},{"floor":41,"key":"Strength Potion"},{"floor":45,"key":"PowerPotion"}],"is_trial":false,"path_per_floor":["M","M","M","M","M","E","R","E","T","E","?","M","M","E","R","B",null,"M","$","?","$","?","E","R","M","T","M","M","M","$","M","R","B",null,"M","M","M","?","$","M","M","M","T","R","E","R","E","T","R","B",null],"character_chosen":"IRONCLAD","items_purchased":["Warcry","Havoc","Secret Weapon","Spot Weakness","Frozen Eye"],"campfire_rested":3,"item_purchase_floors":[19,19,30,30,39],"current_hp_per_floor":[73,74,79,78,50,40,64,38,45,51,51,49,53,42,42,39,87,87,87,87,87,87,21,21,31,31,33,37,31,31,44,44,52,97,97,97,79,79,79,50,43,47,47,75,86,86,52,52,80,67],"gold":266,"neow_bonus":"THREE_CARDS","is_prod":false,"is_daily":false,"chose_seed":false,"campfire_upgraded":4,"win_rate":0,"timestamp":1558482548,"path_taken":["M","M","M","M","M","E","R","E","T","E","?","M","M","E","R","BOSS","M","$","?","$","?","E","R","M","T","M","M","?","$","M","R","BOSS","M","M","M","?","?","M","?","M","T","R","E","R","E","?","R","BOSS"],"build_version":"2019-01-23","purchased_purges":2,"victory":true,"max_hp_per_floor":[80,80,80,80,80,80,80,80,87,87,87,87,87,87,87,87,87,87,87,87,87,87,87,87,87,87,87,87,90,90,93,93,97,97,97,97,101,96,96,96,96,96,96,96,96,96,96,96,96,96],"card_choices":[{"not_picked":["Burning Pact","Intimidate"],"picked":"Seeing Red","floor":0.0},{"not_picked":["Pommel Strike","Anger"],"picked":"Inflame","floor":1.0},{"not_picked":["Perfected Strike","Fire Breathing"],"picked":"Thunderclap","floor":2.0},{"not_picked":["Carnage","Headbutt"],"picked":"Shrug It Off","floor":3.0},{"not_picked":["Clash","Rupture"],"picked":"Pommel Strike","floor":4.0},{"not_picked":["Feel No Pain","Perfected Strike","Uppercut"],"picked":"SKIP","floor":5.0},{"not_picked":["Rampage","Exhume"],"picked":"Armaments","floor":6.0},{"not_picked":["Reckless Charge","Heavy Blade"],"picked":"Impervious","floor":8.0},{"not_picked":["Headbutt","Cleave"],"picked":"Heavy Blade","floor":10.0},{"not_picked":["Flex","Perfected Strike","Armaments"],"picked":"SKIP","floor":12.0},{"not_picked":["Warcry","Feel No Pain"],"picked":"Havoc","floor":13.0},{"not_picked":["Cleave","Power Through"],"picked":"Offering","floor":14.0},{"not_picked":["Immolate","Double Tap"],"picked":"Dark Embrace","floor":16.0},{"not_picked":["Perfected Strike","Disarm+1"],"picked":"True Grit+1","floor":18.0},{"not_picked":["Sword Boomerang","Rage+1"],"picked":"Heavy Blade+1","floor":23.0},{"not_picked":["Entrench","Thunderclap+1","Fire Breathing+1"],"picked":"SKIP","floor":25.0},{"not_picked":["Uppercut","Clash"],"picked":"Burning Pact","floor":27.0},{"not_picked":["Flex","Clothesline"],"picked":"Feed","floor":28.0},{"not_picked":["Sword Boomerang","Clash"],"picked":"Uppercut+1","floor":29.0},{"not_picked":["Iron Wave+1","Immolate"],"picked":"Corruption+1","floor":31.0},{"not_picked":["Barricade","Double Tap"],"picked":"Demon Form","floor":33.0},{"not_picked":["Twin Strike+1","Perfected Strike+1"],"picked":"Warcry+1","floor":35},{"not_picked":["Headbutt+1","Twin Strike+1"],"picked":"Havoc+1","floor":36},{"not_picked":["Iron Wave+1","Wild Strike+1"],"picked":"True Grit+1","floor":37},{"not_picked":["Wild Strike","Clothesline"],"picked":"Reaper","floor":40},{"not_picked":["Sword Boomerang","Twin Strike","Pommel Strike"],"picked":"SKIP","floor":41},{"not_picked":["Cleave","Dropkick+1","Havoc"],"picked":"SKIP","floor":42},{"not_picked":["Havoc+1","Clash"],"picked":"Reaper","floor":45},{"not_picked":["Warcry","Rage","Body Slam+1"],"picked":"SKIP","floor":47}],"player_experience":163426,"relics_obtained":[{"floor":6.0,"key":"Ancient Tea Set"},{"floor":8.0,"key":"Omamori"},{"floor":9.0,"key":"Strawberry"},{"floor":10.0,"key":"Red Skull"},{"floor":14.0,"key":"Whetstone"},{"floor":23.0,"key":"Anchor"},{"floor":26.0,"key":"Vajra"},{"floor":43,"key":"Bottled Tornado"},{"floor":45,"key":"The Courier"},{"floor":47,"key":"Meat on the Bone"},{"floor":48,"key":"PreservedInsect"}],"event_choices":[{"damage_healed":0.0,"max_hp_gain":0.0,"max_hp_loss":0.0,"gold_gain":0.0,"event_name":"Liars Game","player_choice":"Ignored","floor":11.0,"gold_loss":0.0,"damage_taken":0.0},{"cards_removed":["Strike_R"],"damage_healed":0.0,"max_hp_gain":0.0,"max_hp_loss":0.0,"gold_gain":0.0,"event_name":"Beggar","player_choice":"Gave Gold","floor":20.0,"gold_loss":75.0,"damage_taken":0.0},{"damage_healed":0.0,"max_hp_gain":0.0,"max_hp_loss":0.0,"gold_gain":0.0,"event_name":"N\u0027loth","player_choice":"Traded Relic","floor":22.0,"relics_lost":["Strawberry"],"gold_loss":0.0,"damage_taken":0.0,"relics_obtained":["Nloth\u0027s Gift"]},{"damage_healed":0,"gold_gain":0,"player_choice":"Max HP","damage_taken":0,"max_hp_gain":0,"max_hp_loss":5,"event_name":"Winding Halls","floor":38,"gold_loss":0}],"is_beta":false,"boss_relics":[{"not_picked":["Busted Crown","Fusion Hammer"],"picked":"Black Blood"},{"not_picked":["Runic Dome","Cursed Key"],"picked":"Pandora\u0027s Box"}],"items_purged_floors":[19,21],"is_endless":false,"potions_floor_spawned":[2,3,4,8,12,23,29,31,33,35,41,45],"ascension_level":4}