{"path_per_floor":["M","?","?","?","?","R","E","$","T","M","$","$","R","M","R","B",null,"M","M","M","?","T","R","$","R","T","?","M","M","$","M","R","B",null,"M","?","M","M","M","E","R","E","T","?","R","M","R","M","R"],"character_chosen":"DEFECT","items_purchased":["Sunder","Rebound"],"gold_per_floor":[212,212,212,212,162,162,197,122,122,139,67,67,67,77,77,176,176,188,200,219,219,244,244,92,92,92,92,110,130,5,16,16,117,117,130,0,12,23,35,96,96,130,130,130,130,140,140,151,151,151],"floor_reached":50,"campfire_rested":3,"playtime":5285,"current_hp_per_floor":[75,75,60,60,60,60,46,46,46,48,48,48,48,50,50,18,75,75,73,75,75,75,75,75,75,75,75,64,64,64,66,75,26,75,67,67,69,53,54,43,43,26,26,26,26,21,43,40,62,0],"items_purged":["Defend_B","Writhe","Regret"],"gold":151,"score":500,"play_id":"08321a06-25da-4b70-95b3-f4806b51ae0b","local_time":"20180507211943","is_prod":false,"is_daily":false,"chose_seed":false,"is_ascension_mode":false,"campfire_upgraded":7,"timestamp":1525720783,"path_taken":["M","?","?","?","?","R","E","$","T","M","?","$","R","M","R","BOSS","M","?","M","?","?","R","?","R","T","?","M","M","$","M","R","BOSS","M","?","?","?","M","E","R","E","T","?","R","M","R","M","R","BOSS"],"build_version":"2018-05-03","seed_source_timestamp":2166371453193244,"purchased_purges":3,"victory":false,"master_deck":["Strike_B","Defend_B","Defend_B","Zap+1","Dualcast+1","Ball Lightning+1","Double Energy+1","Streamline+1","Sunder+1","Skim","Biased Cognition","Skim+1","Beam Cell+1","Rebound","FTL","Reboot","Machine Learning+1","Conserve Battery+1","Capacitor+1","Beam Cell+1","Aggregate+1","Doubt","Capacitor"],"max_hp_per_floor":[75,75,75,75,75,75,75,75,75,75,75,75,75,75,75,75,75,75,75,75,75,75,75,75,75,75,75,75,75,75,75,75,75,75,75,75,75,75,75,75,75,75,75,75,75,75,75,75,75,75],"relics":["Cracked Core","Blood Vial","Lantern","Cursed Key","Ancient Tea Set","Dodecahedron","Nuclear Battery","Red Mask","Tiny Chest","Torii","Smiling Mask"],"card_choices":[{"not_picked":["Cold Snap","Blizzard"],"picked":"Ball Lightning","floor":1},{"not_picked":["Glacier","Barrage"],"picked":"Double Energy","floor":7},{"not_picked":["Beam Cell","Rebound"],"picked":"Streamline","floor":10},{"not_picked":["Heatsinks","Ball Lightning"],"picked":"Skim","floor":14},{"not_picked":["Redo","Fission"],"picked":"Biased Cognition","floor":16},{"not_picked":["Turbo","Coolheaded"],"picked":"Skim","floor":19},{"not_picked":["Stack","Loop"],"picked":"Beam Cell","floor":20},{"not_picked":["Sunder","Impulse"],"picked":"FTL","floor":29},{"not_picked":["Impulse","Rip and Tear"],"picked":"Reboot","floor":31},{"not_picked":["Fission","Nova"],"picked":"Machine Learning","floor":33},{"not_picked":["Skim","Go for the Eyes"],"picked":"Conserve Battery","floor":35},{"not_picked":["Skim","Loop"],"picked":"Capacitor","floor":37},{"not_picked":["Go for the Eyes","Leap"],"picked":"Beam Cell","floor":38},{"not_picked":["Sunder","Turbo"],"picked":"Aggregate","floor":40},{"not_picked":["Loop","Doom and Gloom"],"picked":"Capacitor","floor":46}],"player_experience":275806,"potions_floor_usage":[16,33,33,39,42,50,50],"damage_taken":[{"damage":0,"enemies":"Small Slimes","floor":1,"turns":2},{"damage":14,"enemies":"Gremlin Nob","floor":7,"turns":3},{"damage":0,"enemies":"Cultist","floor":10,"turns":2},{"damage":0,"enemies":"2 Louse","floor":14,"turns":2},{"damage":34,"enemies":"Hexaghost","floor":16,"turns":6},{"damage":0,"enemies":"Chosen","floor":18,"turns":2},{"damage":2,"enemies":"Shell Parasite","floor":19,"turns":2},{"damage":0,"enemies":"3 Cultists","floor":20,"turns":2},{"damage":11,"enemies":"Cultist and Chosen","floor":28,"turns":4},{"damage":2,"enemies":"Centurion and Healer","floor":29,"turns":2},{"damage":0,"enemies":"3 Cultists","floor":31,"turns":2},{"damage":49,"enemies":"Champ","floor":33,"turns":6},{"damage":8,"enemies":"3 Darklings","floor":35,"turns":3},{"damage":0,"enemies":"3 Shapes","floor":37,"turns":2},{"damage":18,"enemies":"Maw","floor":38,"turns":4},{"damage":1,"enemies":"Flame Bruiser 2 Orb","floor":39,"turns":2},{"damage":13,"enemies":"Giant Head","floor":40,"turns":4},{"damage":19,"enemies":"2 Orb Walkers","floor":42,"turns":3},{"damage":7,"enemies":"Sphere and 2 Shapes","floor":46,"turns":4},{"damage":5,"enemies":"4 Shapes","floor":48,"turns":3},{"damage":68,"enemies":"Awakened One","floor":50,"turns":6}],"event_choices":[{"event_name":"Purifier","player_choice":"One Purge","floor":2,"damage_taken":0},{"event_name":"Shining Light","player_choice":"Entered Light","floor":3,"damage_taken":0},{"event_name":"Living Wall","player_choice":"Forget","floor":4,"damage_taken":0},{"event_name":"The Cleric","player_choice":"Card Removal","floor":5,"damage_taken":0},{"event_name":"Bonfire Elementals","player_choice":"BASIC","floor":21,"damage_taken":0},{"event_name":"The Woman in Blue","player_choice":"Bought 0 Potions","floor":27,"damage_taken":0},{"event_name":"Tomb of Lord Red Mask","player_choice":"Paid","floor":36,"damage_taken":0},{"event_name":"SecretPortal","player_choice":"Rejected Portal.","floor":44,"damage_taken":0}],"boss_relics":[{"not_picked":["Pandora\u0027s Box","Snecko Eye"],"picked":"Cursed Key"},{"not_picked":["Calling Bell","Eternal Feather"],"picked":"Nuclear Battery"}],"potions_floor_spawned":[7,10,16,28,31,33,35,37,38,40],"seed_played":"-3748892022318258085","killed_by":"Awakened One","ascension_level":0,"is_trial":false}