{"path_per_floor":["M","?","?","?","M","R","M","R","T","E","M","$","?","M","R","B",null,"M","?","$","?","M","E","R","$","T","M","M","$","R","M","R","B",null,"M","?","$","?","M","E","R","$","T","?","M","R","T","?","R","B"],"character_chosen":"DEFECT","items_purchased":["Sweeping Beam","Stack","Streamline","Bag of Preparation","Capacitor","Apotheosis"],"gold_per_floor":[114,189,364,364,382,382,400,400,400,431,446,300,300,314,314,416,416,427,427,130,45,65,97,97,97,120,139,153,107,107,121,121,220,220,230,230,105,205,223,251,251,69,93,93,111,111,135,135,135,135],"floor_reached":51,"campfire_rested":3,"playtime":4026,"current_hp_per_floor":[64,53,53,53,53,53,53,53,53,35,30,30,30,23,45,64,75,56,56,56,56,63,48,48,48,48,57,44,44,44,36,58,67,75,75,75,75,75,66,55,55,55,62,52,38,62,62,62,62,44],"items_purged":["Strike_B","Strike_B","Strike_B"],"gold":135,"score":666,"play_id":"d0eb55a9-48f6-4118-8684-5540240b46f4","local_time":"20180428120758","is_prod":false,"is_daily":false,"chose_seed":false,"is_ascension_mode":false,"campfire_upgraded":6,"timestamp":1524910078,"path_taken":["M","?","?","?","M","R","M","R","T","E","M","$","?","M","R","BOSS","M","?","$","?","?","E","R","$","T","M","M","?","R","M","R","BOSS","M","?","$","?","M","E","R","?","T","?","?","R","?","?","R","BOSS"],"build_version":"2018-04-27v3","seed_source_timestamp":1355826969144583,"purchased_purges":3,"victory":true,"master_deck":["Defend_B","Defend_B","Defend_B","Zap","Dualcast+1","Ball Lightning+1","FTL","Rainbow","Axe Kick","Sweeping Beam","Stack","Self Repair","Creative AI","Heatsinks","Creative AI","Streamline+1","Auto Shields+1","White Noise","Capacitor+1","Tempest","Thunder Strike+1","Blaster+1","Static Discharge+1","Redo","Apotheosis+1","Madness","Madness","Static Discharge+1","Skim+1","Thunder Strike"],"max_hp_per_floor":[75,75,75,75,75,75,75,75,75,75,75,75,75,75,75,75,75,75,75,75,75,75,75,75,75,75,75,75,75,75,75,75,75,75,75,75,75,75,75,75,75,75,82,82,82,82,82,82,82,82],"relics":["Cracked Core","Pantograph","Pen Nib","Lizard Tail","Bag of Preparation","Mummified Hand","Prayer Wheel","Blood Vial","Nuclear Battery","Blue Candle","Strawberry","Bronze Scales"],"card_choices":[{"not_picked":["Hologram","Capacitor"],"picked":"Ball Lightning","floor":1},{"not_picked":["Leap","Hologram"],"picked":"FTL","floor":7},{"not_picked":["Coolheaded","Blizzard"],"picked":"Rainbow","floor":10},{"not_picked":["Barrage","Coolheaded"],"picked":"Axe Kick","floor":11},{"not_picked":["Gash","Sweeping Beam"],"picked":"Self Repair","floor":14},{"not_picked":["Fusion","Seek"],"picked":"Creative AI","floor":16},{"not_picked":["Capacitor","Coolheaded"],"picked":"Heatsinks","floor":18},{"not_picked":["Cold Snap","Storm"],"picked":"Auto Shields","floor":26},{"not_picked":["Sweeping Beam","Beam Cell"],"picked":"White Noise","floor":28},{"not_picked":["Streamline","Hologram"],"picked":"Tempest","floor":31},{"not_picked":["Prime","Rainbow"],"picked":"Thunder Strike","floor":33},{"not_picked":["Self Repair","Conserve Battery"],"picked":"Blaster","floor":35},{"not_picked":["Self Repair","Aggregate"],"picked":"Static Discharge","floor":39},{"not_picked":["Leap","Streamline"],"picked":"Redo","floor":40},{"not_picked":["Conserve Battery","Glacier"],"picked":"Static Discharge","floor":45},{"not_picked":["Cold Snap","Stack"],"picked":"Skim","floor":47}],"player_experience":245658,"potions_floor_usage":[16,22,23,33,33,33,50,50],"damage_taken":[{"damage":11,"enemies":"Jaw Worm","floor":1,"turns":3},{"damage":0,"enemies":"Small Slimes","floor":5,"turns":3},{"damage":0,"enemies":"Cultist","floor":7,"turns":2},{"damage":18,"enemies":"Gremlin Nob","floor":10,"turns":3},{"damage":5,"enemies":"3 Louse","floor":11,"turns":3},{"damage":7,"enemies":"2 Fungi Beasts","floor":14,"turns":2},{"damage":13,"enemies":"Slime Boss","floor":16,"turns":9},{"damage":26,"enemies":"3 Byrds","floor":18,"turns":5},{"damage":0,"enemies":"Chosen","floor":22,"turns":4},{"damage":22,"enemies":"Gremlin Leader","floor":23,"turns":6},{"damage":0,"enemies":"Snecko","floor":27,"turns":4},{"damage":22,"enemies":"Cultist and Chosen","floor":28,"turns":6},{"damage":17,"enemies":"Snake Plant","floor":31,"turns":4},{"damage":22,"enemies":"Champ","floor":33,"turns":9},{"damage":7,"enemies":"Flame Bruiser 1 Orb","floor":35,"turns":5},{"damage":16,"enemies":"3 Darklings","floor":39,"turns":5},{"damage":13,"enemies":"Nemesis","floor":40,"turns":4},{"damage":16,"enemies":"Sphere and 2 Shapes","floor":45,"turns":3},{"damage":48,"enemies":"Time Eater","floor":50,"turns":6}],"event_choices":[{"event_name":"World of Goop","player_choice":"Gather Gold","floor":2,"damage_taken":0},{"event_name":"Liars Game","player_choice":"agreed","floor":3,"damage_taken":0},{"event_name":"Living Wall","player_choice":"Forget","floor":4,"damage_taken":0},{"event_name":"Purifier","player_choice":"One Purge","floor":13,"damage_taken":0},{"event_name":"Duplicator","player_choice":"One dupe","floor":19,"damage_taken":0},{"event_name":"Addict","player_choice":"Obtained Relic","floor":21,"damage_taken":0},{"event_name":"Tomb of Lord Red Mask","player_choice":"Ignored","floor":36,"damage_taken":0},{"event_name":"Golden Shrine","player_choice":"Pray","floor":38,"damage_taken":0},{"event_name":"Winding Halls","player_choice":"Embrace Madness","floor":44,"damage_taken":0},{"event_name":"Transmorgrifier","player_choice":"Transform","floor":48,"damage_taken":0}],"boss_relics":[{"not_picked":["White Beast Statue","Velvet Choker"],"picked":"Lizard Tail"},{"not_picked":["Astrolabe","Orrery"],"picked":"Nuclear Battery"}],"potions_floor_spawned":[7,10,16,18,23,27,31,35,39],"seed_played":"-8676874164917699964","ascension_level":0,"is_trial":false}