{"gold_per_floor":[111,61,108,108,121,121,146,71,71,89,22,22,22,22,22,117,117,107,107,19,19,19,52,52,67,67,67,84,97,112,127,127,231,231,251,1250,1261,272,272,272,70,86,140,157,168,168,168,197,197,197],"floor_reached":50,"playtime":2755,"items_purged":["Strike_B","Normality","Normality"],"score":538,"play_id":"538cb952-2fa4-4b1c-b319-b6dde6de8654","local_time":"20190421173957","is_ascension_mode":false,"campfire_choices":[{"data":"Genetic Algorithm","floor":6,"key":"SMITH"},{"floor":15,"key":"REST"},{"floor":24,"key":"REST"},{"floor":27,"key":"DIG"},{"floor":32,"key":"REST"},{"floor":40,"key":"DIG"},{"floor":46,"key":"REST"},{"floor":49,"key":"REST"}],"neow_cost":"NONE","seed_source_timestamp":861396989277071,"circlet_count":0,"master_deck":["Strike_B","Strike_B","Strike_B","Defend_B","Defend_B","Defend_B","Zap","Dualcast","Rainbow","Genetic Algorithm+1","Ball Lightning","Capacitor","Blizzard","Coolheaded","Leap","Electrodynamics","Loop","Conserve Battery","Barrage","Melter","Storm+1","Cold Snap","Undo","Hello World","Madness","Madness","Rip and Tear","Chaos","Doom and Gloom","BootSequence","Enlightenment"],"relics":["FrozenCore","Lantern","Kunai","Shovel","Unceasing Top","DataDisk","Busted Crown","Turnip","Pocketwatch","Centennial Puzzle","Oddly Smooth Stone","HandDrill","Sundial","Ancient Tea Set","Shuriken","Regal Pillow","Boot"],"potions_floor_usage":[16,37,37,37,42,45,45,50],"damage_taken":[{"damage":0,"enemies":"2 Louse","floor":1,"turns":4},{"damage":3,"enemies":"Jaw Worm","floor":5,"turns":4},{"damage":13,"enemies":"Lagavulin","floor":7,"turns":6},{"damage":0,"enemies":"Cultist","floor":10,"turns":4},{"damage":24,"enemies":"Hexaghost","floor":16,"turns":12},{"damage":14,"enemies":"2 Thieves","floor":18,"turns":4},{"damage":27,"enemies":"Gremlin Leader","floor":23,"turns":6},{"damage":0,"enemies":"3 Byrds","floor":25,"turns":1},{"damage":2,"enemies":"Shelled Parasite and Fungi","floor":28,"turns":5},{"damage":0,"enemies":"Snake Plant","floor":29,"turns":4},{"damage":2,"enemies":"Sentry and Sphere","floor":30,"turns":4},{"damage":0,"enemies":"Centurion and Healer","floor":31,"turns":5},{"damage":12,"enemies":"Collector","floor":33,"turns":8},{"damage":16,"enemies":"3 Shapes","floor":35,"turns":4},{"damage":17,"enemies":"3 Darklings","floor":37,"turns":5},{"damage":3,"enemies":"Transient","floor":42,"turns":5},{"damage":10,"enemies":"Sphere and 2 Shapes","floor":44,"turns":4},{"damage":12,"enemies":"Spire Growth","floor":45,"turns":5},{"damage":14,"enemies":"Reptomancer","floor":48,"turns":5},{"damage":85,"enemies":"Awakened One","floor":50,"turns":15}],"seed_played":"-6741789049780126493","potions_obtained":[{"floor":1,"key":"Weak Potion"},{"floor":7,"key":"Weak Potion"},{"floor":18,"key":"Regen Potion"},{"floor":28,"key":"SkillPotion"},{"floor":30,"key":"SkillPotion"},{"floor":37,"key":"GamblersBrew"},{"floor":44,"key":"Regen Potion"}],"is_trial":false,"path_per_floor":["M","?","T","?","M","R","E","$","T","M","$","?","$","T","R","B",null,"M","?","$","?","$","E","R","M","T","R","M","M","M","M","R","B",null,"M","?","M","$","?","R","$","M","T","M","M","R","?","E","R","B"],"character_chosen":"DEFECT","items_purchased":["Coolheaded","Leap","Coolheaded","Loop","HandDrill","Sundial","Cold Snap","Ancient Tea Set","Undo","PowerPotion","LiquidBronze","Hello World","Rip and Tear"],"campfire_rested":5,"item_purchase_floors":[11,11,20,20,38,38,38,38,38,38,38,38,41],"current_hp_per_floor":[75,75,75,75,72,72,59,59,59,59,59,41,41,41,63,39,75,61,54,54,54,54,27,49,49,49,49,47,47,45,45,67,55,75,59,59,56,56,47,47,47,44,44,34,36,73,73,59,75,0],"gold":197,"neow_bonus":"ONE_RANDOM_RARE_CARD","is_prod":false,"is_daily":false,"chose_seed":false,"campfire_upgraded":1,"win_rate":0,"timestamp":1555882797,"path_taken":["M","?","?","?","?","R","E","$","T","M","$","?","?","?","R","BOSS","M","?","?","?","$","E","R","M","T","R","M","M","?","M","R","BOSS","M","?","M","$","?","R","?","?","T","M","M","R","?","E","R","BOSS"],"build_version":"2019-01-03v4","purchased_purges":3,"victory":false,"max_hp_per_floor":[75,75,75,75,75,75,75,75,75,75,75,75,75,75,75,75,75,75,75,75,75,75,75,75,75,75,75,75,75,75,75,75,75,75,75,75,75,75,75,75,75,75,75,75,75,75,75,75,75,75],"card_choices":[{"not_picked":["Heatsinks","Conserve Battery"],"picked":"Genetic Algorithm","floor":1},{"not_picked":["Stack","Sweeping Beam"],"picked":"Ball Lightning","floor":5},{"not_picked":["Static Discharge","Compile Driver"],"picked":"Capacitor","floor":7},{"not_picked":["Scrape","Stack"],"picked":"Blizzard","floor":10},{"not_picked":["Reboot","Core Surge"],"picked":"Electrodynamics","floor":16},{"not_picked":["Stack"],"picked":"SKIP","floor":18},{"not_picked":[],"picked":"Conserve Battery","floor":23},{"not_picked":["Sweeping Beam"],"picked":"SKIP","floor":25},{"not_picked":["Steam"],"picked":"SKIP","floor":28},{"not_picked":["Compile Driver"],"picked":"SKIP","floor":29},{"not_picked":[],"picked":"Barrage","floor":30},{"not_picked":["Recycle"],"picked":"SKIP","floor":31},{"not_picked":[],"picked":"Melter","floor":35},{"not_picked":[],"picked":"Storm+1","floor":37},{"not_picked":[],"picked":"Chaos","floor":42},{"not_picked":[],"picked":"Doom and Gloom","floor":44},{"not_picked":[],"picked":"BootSequence","floor":45},{"not_picked":["Turbo"],"picked":"SKIP","floor":48}],"player_experience":215920,"relics_obtained":[{"floor":3,"key":"Lantern"},{"floor":7,"key":"Kunai"},{"floor":9,"key":"Shovel"},{"floor":14,"key":"DataDisk"},{"floor":23,"key":"Pocketwatch"},{"floor":26,"key":"Centennial Puzzle"},{"floor":27,"key":"Oddly Smooth Stone"},{"floor":40,"key":"Shuriken"},{"floor":43,"key":"Regal Pillow"},{"floor":48,"key":"Boot"}],"event_choices":[{"cards_removed":["Defend_B"],"damage_healed":0,"gold_gain":0,"player_choice":"Card Removal","damage_taken":0,"max_hp_gain":0,"max_hp_loss":0,"event_name":"The Cleric","floor":2,"gold_loss":50},{"damage_healed":0,"gold_gain":0,"player_choice":"Ignored","damage_taken":0,"max_hp_gain":0,"max_hp_loss":0,"event_name":"NoteForYourself","floor":4,"gold_loss":0},{"damage_healed":0,"gold_gain":0,"player_choice":"Success","damage_taken":18,"relics_obtained":["Unceasing Top"],"max_hp_gain":0,"max_hp_loss":0,"event_name":"Scrap Ooze","floor":12,"gold_loss":0},{"damage_healed":0,"gold_gain":0,"player_choice":"Damaged","damage_taken":7,"max_hp_gain":0,"max_hp_loss":0,"event_name":"Wheel of Change","floor":19,"gold_loss":0},{"cards_removed":["Coolheaded"],"damage_healed":0,"gold_gain":0,"player_choice":"Gave Card","damage_taken":0,"relics_obtained":["Turnip"],"max_hp_gain":0,"max_hp_loss":0,"event_name":"WeMeetAgain","floor":21,"gold_loss":0},{"damage_healed":0,"gold_gain":999,"player_choice":"Gold","damage_taken":0,"max_hp_gain":0,"max_hp_loss":0,"event_name":"MindBloom","floor":36,"gold_loss":0,"cards_obtained":["Normality","Normality"]},{"damage_healed":0,"gold_gain":0,"player_choice":"Embrace Madness","damage_taken":9,"max_hp_gain":0,"max_hp_loss":0,"event_name":"Winding Halls","floor":39,"gold_loss":0,"cards_obtained":["Madness","Madness"]},{"damage_healed":0,"gold_gain":0,"player_choice":"1 cards matched","damage_taken":0,"max_hp_gain":0,"max_hp_loss":0,"event_name":"Match and Keep!","floor":47,"gold_loss":0,"cards_obtained":["Enlightenment"]}],"is_beta":false,"boss_relics":[{"not_picked":["Pandora\u0027s Box","Sozu"],"picked":"Busted Crown"},{"not_picked":["Empty Cage","White Beast Statue"],"picked":"FrozenCore"}],"items_purged_floors":[8,38,41],"is_endless":false,"potions_floor_spawned":[1,7,18,28,30,37,44],"killed_by":"Awakened One","ascension_level":0}