{"path_per_floor":["M","?","M","M","?","R","E","?","T","$","R","M","$","?","R","B",null,"M","?","?","M","?","M"],"character_chosen":"THE_SILENT","items_purchased":["Apotheosis"],"gold_per_floor":[112,112,122,133,133,133,160,335,415,136,136,149,49,49,49,174,174,197,197,197,210,250,271],"floor_reached":24,"campfire_rested":1,"playtime":2480,"current_hp_per_floor":[70,70,70,70,63,63,49,49,49,49,49,41,41,41,62,51,70,58,37,21,9,5,2],"items_purged":["Doubt","Defend_G"],"gold":271,"play_id":"8e524909-430f-45d5-a172-9218d345fd2f","is_prod":false,"is_daily":false,"is_ascension_mode":false,"campfire_upgraded":2,"path_taken":["M","?","?","M","?","R","E","?","T","$","R","M","$","?","R","BOSS","M","?","?","M","?","M","E"],"build_version":"2018-02-02-BETA1","purchased_purges":2,"victory":false,"master_deck":["Defend_G","Defend_G","Strike_G","Strike_G","Survivor","Neutralize+1","Dodge and Roll","Escape Plan","Backflip","Flying Knee","Burst+1","Apotheosis","Blur","Injury","Doppelganger","Corpse Explosion+1","A Thousand Cuts+1","Die Die Die+1","Expertise+1","Jack Of All Trades","Dramatic Entrance","Distraction+1","Deflect+1"],"max_hp_per_floor":[70,70,70,70,70,70,70,70,70,70,70,70,70,70,70,70,70,70,70,70,70,70,70],"relics":["Ring of the Snake","NeowsBlessing","Bag of Marbles","Shuriken","Golden Idol","Astrolabe","Nilry\u0027s Codex","Red Mask"],"card_choices":[{"not_picked":["Dagger Throw","Heel Hook"],"picked":"Dodge and Roll"},{"not_picked":["Bane","Deflect"],"picked":"Backflip"},{"not_picked":["Deflect","Sucker Punch"],"picked":"Flying Knee"},{"not_picked":["Dagger Throw","Backflip"],"picked":"Burst"},{"not_picked":["Deadly Poison","Bane"],"picked":"Blur"},{"not_picked":["Bullet Time","Tools of the Trade"],"picked":"Doppelganger"},{"not_picked":["Slice","Bane"],"picked":"Expertise"},{"not_picked":["Catalyst","Noxious Fumes"],"picked":"Distraction"},{"not_picked":["Bane","Heel Hook"],"picked":"Deflect"}],"player_experience":21915,"potions_floor_usage":[12,16,21,23],"damage_taken":[{"damage":0,"enemies":"Jaw Worm","floor":1,"turns":1},{"damage":0,"enemies":"Blue Slaver","floor":3,"turns":1},{"damage":0,"enemies":"Small Slimes","floor":4,"turns":1},{"damage":14,"enemies":"3 Sentries","floor":7,"turns":13},{"damage":8,"enemies":"Gremlin Gang","floor":12,"turns":7},{"damage":26,"enemies":"Slime Boss","floor":16,"turns":18},{"damage":12,"enemies":"Chosen","floor":18,"turns":8},{"damage":12,"enemies":"Spheric Guardian","floor":21,"turns":5},{"damage":4,"enemies":"Masked Bandits","floor":22,"turns":2},{"damage":3,"enemies":"Chosen and Byrds","floor":23,"turns":4},{"damage":2,"enemies":"Book of Stabbing","floor":24,"turns":4}],"event_choices":[{"event_name":"Transmorgrifier","player_choice":"Transform","floor":2,"damage_taken":0},{"event_name":"Golden Wing","player_choice":"Card Removal","floor":5,"damage_taken":0},{"event_name":"Liars Game","player_choice":"agreed","floor":8,"damage_taken":0},{"event_name":"Golden Idol","player_choice":"Take Wound","floor":14,"damage_taken":0},{"event_name":"Knowing Skull","player_choice":"CARD CARD ","floor":19,"damage_taken":0},{"event_name":"Cursed Tome","player_choice":"Obtained Book","floor":20,"damage_taken":0},{"event_name":"Masked Bandits","player_choice":"Fought over 210 gold","floor":22,"damage_taken":0}],"boss_relics":[{"not_picked":["Velvet Choker","White Beast Statue"],"picked":"Astrolabe"}],"potions_floor_spawned":[3,4,7,21],"seed_played":"4616930496541204402","killed_by":"Book of Stabbing","ascension_level":0,"is_trial":false}