{"gold_per_floor":[210,210,210,8,24,51,51,64,64,64,64,144,164,200,200,329,329,350,350,350,150,189,189,202,122,148,148,163,163,184,207,207,338,338,362,362,132,147,162,162],"floor_reached":40,"playtime":2230,"items_purged":[],"score":440,"play_id":"a5d211b6-b5d2-488d-aa87-039e0bd9da12","local_time":"20181030090600","is_ascension_mode":true,"campfire_choices":[{"floor":7,"key":"REST"},{"floor":11,"key":"REST"},{"data":"Static Discharge","floor":15,"key":"SMITH"},{"floor":23,"key":"REST"},{"floor":27,"key":"REST"},{"floor":32,"key":"REST"}],"neow_cost":"NONE","seed_source_timestamp":28787406956771,"circlet_count":0,"master_deck":["Strike_B","Strike_B","Strike_B","Strike_B","Defend_B","Defend_B","Defend_B","Defend_B","Zap+1","Dualcast","Rebound","FTL","Melter","White Noise","Hello World","Barrage","Static Discharge+1","Fission","Zap+1","Coolheaded","Ball Lightning","BootSequence","Steam+1","Chill","Steam","Echo Form","Leap+1","Madness","Madness","Reinforced Body","Steam","Capacitor+1"],"relics":["Cracked Core","Runic Capacitor","Cables","Sundial","Golden Idol","Ancient Tea Set","Happy Flower","Lizard Tail","Oddly Smooth Stone","Red Mask","Vajra","Philosopher\u0027s Stone","Lantern"],"potions_floor_usage":[12,14,18,22,30,35,40,40],"damage_taken":[{"damage":6,"enemies":"Jaw Worm","floor":1,"turns":3},{"damage":6,"enemies":"Cultist","floor":5,"turns":4},{"damage":25,"enemies":"3 Sentries","floor":6,"turns":7},{"damage":1,"enemies":"2 Louse","floor":8,"turns":2},{"damage":6,"enemies":"Lagavulin Event","floor":12,"turns":5},{"damage":6,"enemies":"Lots of Slimes","floor":13,"turns":4},{"damage":0,"enemies":"Gremlin Nob","floor":14,"turns":3},{"damage":45,"enemies":"Hexaghost","floor":16,"turns":6},{"damage":47,"enemies":"3 Byrds","floor":18,"turns":5},{"damage":56,"enemies":"Masked Bandits","floor":22,"turns":4},{"damage":32,"enemies":"2 Thieves","floor":24,"turns":4},{"damage":8,"enemies":"Centurion and Healer","floor":28,"turns":7},{"damage":17,"enemies":"3 Cultists","floor":30,"turns":4},{"damage":0,"enemies":"Cultist and Chosen","floor":31,"turns":5},{"damage":50,"enemies":"Champ","floor":33,"turns":10},{"damage":10,"enemies":"Orb Walker","floor":35,"turns":3},{"damage":8,"enemies":"3 Shapes","floor":38,"turns":5},{"damage":10,"enemies":"Transient","floor":39,"turns":5},{"damage":59,"enemies":"Nemesis","floor":40,"turns":5}],"seed_played":"5125904200295626206","potions_obtained":[{"floor":8,"key":"PowerPotion"},{"floor":13,"key":"Poison Potion"},{"floor":16,"key":"Regen Potion"},{"floor":18,"key":"Regen Potion"},{"floor":29,"key":"Regen Potion"},{"floor":29,"key":"Energy Potion"},{"floor":29,"key":"Block Potion"},{"floor":33,"key":"SkillPotion"}],"is_trial":false,"path_per_floor":["M","?","?","$","M","E","R","M","T","?","R","?","M","E","R","B",null,"M","?","?","$","?","R","M","$","T","R","M","?","M","M","R","B",null,"M","?","$","M","M"],"character_chosen":"DEFECT","items_purchased":["Runic Capacitor","Oddly Smooth Stone","Coolheaded","BootSequence","Reinforced Body","Lantern"],"campfire_rested":5,"item_purchase_floors":[4,21,21,25,37,37],"current_hp_per_floor":[69,69,69,69,63,38,60,59,59,41,63,57,51,51,51,6,75,37,37,37,37,37,59,27,27,27,49,41,41,36,36,58,8,75,65,56,56,48,38,0],"gold":162,"neow_bonus":"HUNDRED_GOLD","is_prod":false,"is_daily":false,"chose_seed":false,"campfire_upgraded":1,"win_rate":0,"timestamp":1540904760,"path_taken":["M","?","?","$","M","E","R","?","T","?","R","?","M","E","R","BOSS","M","?","?","$","?","R","M","$","T","R","M","?","M","?","R","BOSS","M","?","$","M","M","E"],"build_version":"2018-10-25v2","purchased_purges":0,"victory":false,"max_hp_per_floor":[75,75,75,75,75,75,75,75,75,75,75,75,75,75,75,75,75,75,75,75,75,75,75,75,75,75,75,75,75,75,75,75,75,75,75,75,75,75,75,75],"card_choices":[{"not_picked":["Hologram","Turbo"],"picked":"Rebound","floor":1},{"not_picked":["Coolheaded","Force Field"],"picked":"FTL","floor":5},{"not_picked":["Compile Driver","Go for the Eyes"],"picked":"Melter","floor":6},{"not_picked":["Stack","Sweeping Beam"],"picked":"White Noise","floor":8},{"not_picked":["Go for the Eyes","Turbo"],"picked":"Hello World","floor":12},{"not_picked":["Storm","Go for the Eyes"],"picked":"Barrage","floor":13},{"not_picked":["Lockon","Beam Cell"],"picked":"Static Discharge","floor":14},{"not_picked":["Biased Cognition","Hyperbeam"],"picked":"Fission","floor":16},{"not_picked":["Rebound+1","Scrape","Compile Driver"],"picked":"SKIP","floor":18},{"not_picked":["Streamline+1","Beam Cell"],"picked":"Ball Lightning","floor":22},{"not_picked":["Go for the Eyes","Beam Cell","Skim+1"],"picked":"SKIP","floor":24},{"not_picked":["Gash","Go for the Eyes"],"picked":"Steam+1","floor":28},{"not_picked":["Tempest","Ball Lightning"],"picked":"Chill","floor":30},{"not_picked":["Gash+1","Streamline+1"],"picked":"Steam","floor":31},{"not_picked":["Fission","Rainbow"],"picked":"Echo Form","floor":33},{"not_picked":["Blizzard","Beam Cell+1"],"picked":"Leap+1","floor":35},{"not_picked":["Chill+1","Turbo+1"],"picked":"Steam","floor":38},{"not_picked":["Rebound","Beam Cell"],"picked":"Capacitor+1","floor":39}],"player_experience":186304,"relics_obtained":[{"floor":6,"key":"Cables"},{"floor":9,"key":"Sundial"},{"floor":12,"key":"Ancient Tea Set"},{"floor":14,"key":"Happy Flower"},{"floor":22,"key":"Red Mask"},{"floor":26,"key":"Vajra"}],"event_choices":[{"damage_healed":0,"gold_gain":0,"player_choice":"Upgraded","damage_taken":0,"max_hp_gain":0,"max_hp_loss":0,"event_name":"Upgrade Shrine","floor":2,"gold_loss":0,"cards_upgraded":["Zap"]},{"damage_healed":0,"gold_gain":0,"player_choice":"Leave","damage_taken":0,"max_hp_gain":0,"max_hp_loss":0,"event_name":"The Cleric","floor":3,"gold_loss":0},{"damage_healed":0,"gold_gain":0,"player_choice":"Take Damage","damage_taken":18,"relics_obtained":["Golden Idol"],"max_hp_gain":0,"max_hp_loss":0,"event_name":"Golden Idol","floor":10,"gold_loss":0},{"damage_healed":0,"gold_gain":0,"player_choice":"Searched \u00272\u0027 times","damage_taken":0,"max_hp_gain":0,"max_hp_loss":0,"event_name":"Dead Adventurer","floor":12,"gold_loss":0},{"damage_healed":0,"gold_gain":0,"player_choice":"Copied","damage_taken":0,"max_hp_gain":0,"max_hp_loss":0,"event_name":"Duplicator","floor":19,"gold_loss":0,"cards_obtained":["Zap"]},{"damage_healed":0,"gold_gain":0,"player_choice":"Ignored","damage_taken":0,"max_hp_gain":0,"max_hp_loss":0,"event_name":"Transmorgrifier","floor":20,"gold_loss":0},{"damage_healed":0,"gold_gain":0,"player_choice":"Fought Bandits","damage_taken":0,"max_hp_gain":0,"max_hp_loss":0,"event_name":"Masked Bandits","floor":22,"gold_loss":0},{"damage_healed":0,"gold_gain":0,"player_choice":"Got Potions","damage_taken":0,"max_hp_gain":0,"max_hp_loss":0,"event_name":"The Lab","floor":29,"gold_loss":0},{"damage_healed":0,"gold_gain":0,"player_choice":"Embrace Madness","damage_taken":9,"max_hp_gain":0,"max_hp_loss":0,"event_name":"Winding Halls","floor":36,"gold_loss":0,"cards_obtained":["Madness","Madness"]}],"is_beta":false,"boss_relics":[{"not_picked":["Orrery","Calling Bell"],"picked":"Lizard Tail"},{"not_picked":["Coffee Dripper","Astrolabe"],"picked":"Philosopher\u0027s Stone"}],"items_purged_floors":[],"is_endless":false,"potions_floor_spawned":[8,13,16,18,33],"killed_by":"Nemesis","ascension_level":1}