{"path_per_floor":["M","?","$","M","M","E","M","E","T","R","?","?","M","M","R","B",null,"M","M","?","M"],"character_chosen":"THE_SILENT","items_purchased":["Blur"],"gold_per_floor":[99,99,24,24,24,24,24,24,24,24,24,24,24,0,0,0,0,0,0,0,0],"floor_reached":22,"campfire_rested":1,"playtime":2119,"current_hp_per_floor":[69,69,69,69,69,34,25,23,30,30,30,30,30,20,44,15,81,66,50,50,7],"items_purged":[],"gold":0,"score":198,"play_id":"4661e4f5-6c10-4626-891c-3fc9208f5be1","is_prod":false,"is_daily":false,"is_ascension_mode":false,"campfire_upgraded":1,"path_taken":["M","?","?","?","M","E","M","E","T","R","?","?","M","M","R","BOSS","M","M","?","M","?"],"build_version":"2018-02-15-BETA1","purchased_purges":0,"victory":false,"master_deck":["Defend_G","Defend_G","Defend_G","Defend_G","Defend_G","Strike_G","Strike_G","Strike_G","Strike_G","Strike_G","Survivor","Neutralize","Infinite Blades+1","Blur","Well Laid Plans","Outmaneuver","Footwork","Quick Slash","Footwork","Blade Dance","Terror","Adrenaline","Deflect+1","Infinite Blades","Footwork"],"max_hp_per_floor":[70,70,70,70,70,80,80,80,87,87,87,81,81,81,81,81,81,81,81,81,81],"relics":["Ectoplasm","Pear","Lantern","Strawberry","Golden Idol","Runic Pyramid"],"card_choices":[{"not_picked":["Finisher","Slice"],"picked":"Infinite Blades"},{"not_picked":["Eviscerate","Dagger Throw"],"picked":"Well Laid Plans"},{"not_picked":["Skewer","Deflect"],"picked":"Outmaneuver"},{"not_picked":["Masterful Stab","Crippling Poison"],"picked":"Footwork"},{"not_picked":["Dash","Finisher"],"picked":"Quick Slash"},{"not_picked":["Predator","Well Laid Plans"],"picked":"Footwork"},{"not_picked":["Bane","Acrobatics"],"picked":"Blade Dance"},{"not_picked":["Predator","Well Laid Plans"],"picked":"Terror"},{"not_picked":["Burst","Doppelganger"],"picked":"Adrenaline"},{"not_picked":["Slice","Prepared"],"picked":"Deflect"},{"not_picked":["Slice","Flying Knee"],"picked":"Infinite Blades"},{"not_picked":["Backflip","Unload"],"picked":"Footwork"}],"player_experience":39570,"potions_floor_usage":[16,16,22,22,22],"damage_taken":[{"damage":1,"enemies":"Jaw Worm","floor":1,"turns":4},{"damage":0,"enemies":"Cultist","floor":4,"turns":5},{"damage":0,"enemies":"2 Louse","floor":5,"turns":3},{"damage":45,"enemies":"Gremlin Nob","floor":6,"turns":6},{"damage":9,"enemies":"Exordium Thugs","floor":7,"turns":7},{"damage":2,"enemies":"Lagavulin","floor":8,"turns":10},{"damage":0,"enemies":"Red Slaver","floor":13,"turns":4},{"damage":10,"enemies":"Looter","floor":14,"turns":4},{"damage":29,"enemies":"The Guardian","floor":16,"turns":11},{"damage":15,"enemies":"Shell Parasite","floor":18,"turns":8},{"damage":16,"enemies":"2 Thieves","floor":19,"turns":4},{"damage":43,"enemies":"Snake Plant","floor":21,"turns":10},{"damage":16,"enemies":"Chosen and Byrds","floor":22,"turns":6}],"event_choices":[{"event_name":"Golden Shrine","player_choice":"Pray","floor":2,"damage_taken":0},{"event_name":"The Lab","player_choice":"Got Potions","floor":11,"damage_taken":0},{"event_name":"Golden Idol","player_choice":"Lose Max HP","floor":12,"damage_taken":0},{"event_name":"Drug Dealer","player_choice":"Ignored","floor":20,"damage_taken":0}],"boss_relics":[{"not_picked":["Runic Dome","Philosopher\u0027s Stone"],"picked":"Runic Pyramid"}],"potions_floor_spawned":[1,5,6,7,13,19,21],"seed_played":"-3835206833024610262","killed_by":"Chosen and Byrds","ascension_level":0,"is_trial":false}