{"gold_per_floor":[111,126,140,140,140,140,140,167,191,191,208,208,12,31,31,126,126,145,145,160,160,160,160],"floor_reached":23,"playtime":1346,"items_purged":["Strike_R"],"score":236,"play_id":"b1f52026-5aa4-482f-a7f0-0d5ad29ba969","local_time":"20190522114813","is_ascension_mode":true,"campfire_choices":[{"data":"Body Slam","floor":6.0,"key":"SMITH"},{"data":"Impervious","floor":10.0,"key":"SMITH"},{"floor":15.0,"key":"REST"}],"neow_cost":"","seed_source_timestamp":0,"circlet_count":0,"master_deck":["Strike_R+1","Strike_R","Strike_R","Strike_R","Defend_R+1","Defend_R","Defend_R","Defend_R","Bash","Entrench+1","Body Slam+1","Impervious+1","Warcry","Impatience","Body Slam","Barricade","Entrench","Intimidate"],"special_seed":0,"relics":["Burning Blood","Smiling Mask","Red Skull","Ancient Tea Set","Runic Cube","MutagenicStrength","Nloth\u0027s Gift"],"potions_floor_usage":[23],"damage_taken":[{"damage":0.0,"enemies":"Small Slimes","floor":1.0,"turns":3.0},{"damage":9.0,"enemies":"2 Louse","floor":2.0,"turns":3.0},{"damage":2.0,"enemies":"Jaw Worm","floor":3.0,"turns":3.0},{"damage":20.0,"enemies":"Lagavulin","floor":8.0,"turns":5.0},{"damage":15.0,"enemies":"3 Louse","floor":11.0,"turns":3.0},{"damage":4.0,"enemies":"Exordium Wildlife","floor":14.0,"turns":5.0},{"damage":54.0,"enemies":"Hexaghost","floor":16.0,"turns":11.0},{"damage":20.0,"enemies":"3 Byrds","floor":18.0,"turns":4.0},{"damage":15.0,"enemies":"2 Thieves","floor":20.0,"turns":4.0},{"damage":47,"enemies":"Gremlin Leader","floor":23,"turns":7}],"seed_played":"7136452069682662268","potions_obtained":[{"floor":8.0,"key":"PowerPotion"},{"floor":11.0,"key":"SpeedPotion"},{"floor":20,"key":"Ancient Potion"}],"is_trial":true,"path_per_floor":["M","M","M","?","?","R","?","E","T","R","M","T","$","M","R","B",null,"M","?","M","?","?","E"],"character_chosen":"IRONCLAD","items_purchased":["Impatience","Block Potion"],"campfire_rested":1,"item_purchase_floors":[13,13],"current_hp_per_floor":[80,77,80,64,64,64,64,50,50,50,41,41,41,43,67,19,65,51,51,42,42,42,0],"gold":160,"neow_bonus":"","is_prod":false,"is_daily":false,"chose_seed":false,"campfire_upgraded":2,"win_rate":0,"timestamp":1558518493,"path_taken":["M","M","M","?","?","R","?","E","T","R","M","?","$","?","R","BOSS","M","?","M","?","?","E"],"build_version":"2019-05-07","purchased_purges":1,"victory":false,"max_hp_per_floor":[80,80,80,80,80,80,80,80,80,80,80,80,80,80,80,80,80,80,80,80,80,80,80],"card_choices":[{"not_picked":["Flex","Havoc"],"picked":"Entrench","floor":1.0},{"not_picked":["Warcry","Rampage"],"picked":"Body Slam","floor":2.0},{"not_picked":["Battle Trance","Thunderclap"],"picked":"Impervious","floor":3.0},{"not_picked":["Anger","Headbutt"],"picked":"Warcry","floor":8.0},{"not_picked":["Sword Boomerang","Feel No Pain","Rupture"],"picked":"SKIP","floor":11.0},{"not_picked":["Anger","Evolve"],"picked":"Body Slam","floor":14.0},{"not_picked":["Offering","Demon Form"],"picked":"Barricade","floor":16.0},{"not_picked":["Intimidate","Shrug It Off"],"picked":"Entrench","floor":18.0},{"not_picked":["Intimidate","Rage","Warcry"],"picked":"SKIP","floor":20}],"player_experience":315603,"relics_obtained":[{"floor":8.0,"key":"Centennial Puzzle"},{"floor":9.0,"key":"Red Skull"},{"floor":12.0,"key":"Ancient Tea Set"}],"event_choices":[{"damage_healed":0.0,"max_hp_gain":0.0,"max_hp_loss":0.0,"gold_gain":0.0,"event_name":"Shining Light","player_choice":"Entered Light","floor":4.0,"gold_loss":0.0,"damage_taken":16.0,"cards_upgraded":["Strike_R","Defend_R"]},{"damage_healed":0.0,"max_hp_gain":0.0,"max_hp_loss":0.0,"gold_gain":0.0,"event_name":"Living Wall","player_choice":"Grow","floor":5.0,"gold_loss":0.0,"damage_taken":0.0,"cards_upgraded":["Entrench"]},{"damage_healed":0.0,"max_hp_gain":0.0,"max_hp_loss":0.0,"gold_gain":0.0,"event_name":"Dead Adventurer","player_choice":"Searched \u00271\u0027 times","floor":7.0,"gold_loss":0.0,"damage_taken":0.0,"relics_obtained":["Smiling Mask"]},{"damage_healed":0.0,"max_hp_gain":0.0,"max_hp_loss":0.0,"gold_gain":0.0,"event_name":"The Library","player_choice":"Read","floor":19.0,"gold_loss":0.0,"damage_taken":0.0,"cards_obtained":["Intimidate"]},{"damage_healed":0,"gold_gain":0,"player_choice":"Inject Mutagens","damage_taken":0,"relics_obtained":["MutagenicStrength"],"max_hp_gain":0,"max_hp_loss":0,"event_name":"Drug Dealer","floor":21,"gold_loss":0},{"damage_healed":0,"gold_gain":0,"player_choice":"Traded Relic","damage_taken":0,"relics_obtained":["Nloth\u0027s Gift"],"max_hp_gain":0,"max_hp_loss":0,"event_name":"N\u0027loth","floor":22,"relics_lost":["Centennial Puzzle"],"gold_loss":0}],"is_beta":true,"boss_relics":[{"not_picked":["Lizard Tail","Fusion Hammer"],"picked":"Runic Cube"}],"items_purged_floors":[13],"is_endless":true,"potions_floor_spawned":[8,11,20],"killed_by":"Gremlin Leader","ascension_level":5}