{"gold_per_floor":[114,129,129,129,34,59,88,88,111,130,162,177,177,177,177,274,274,287,212,55,69,88,117,117,146,146,156,176,228,228,26,26,128,128,147,77,77,77,77,110,0,0],"floor_reached":42,"playtime":2113,"items_purged":["Defend_B"],"score":545,"play_id":"7f807191-cb31-46de-88f5-817b4c7fb6f4","local_time":"20190409184821","is_ascension_mode":true,"campfire_choices":[{"data":"Blizzard","floor":8.0,"key":"SMITH"},{"floor":15.0,"key":"REST"},{"data":"Hyperbeam","floor":24.0,"key":"SMITH"},{"floor":32.0,"key":"REST"}],"neow_cost":"NONE","seed_source_timestamp":945967658633622,"circlet_count":0,"master_deck":["Defend_B+1","Defend_B","Defend_B","Zap","Dualcast+1","Go for the Eyes","Coolheaded","Capacitor","Hologram","Blizzard+1","Double Energy","Ball Lightning","Ball Lightning","Echo Form","Defragment","Sunder","Defragment","Conserve Battery","Hyperbeam+1","Cold Snap+1","Chaos+1","Electrodynamics","Reprogram+1","Recycle+1","Capacitor","Core Surge+1","Flash of Steel+1"],"special_seed":0,"relics":["Cracked Core","NeowsBlessing","Juzu Bracelet","Boot","Odd Mushroom","Blood Vial","Happy Flower","WarpedTongs","Philosopher\u0027s Stone","FossilizedHelix","Molten Egg 2","Bottled Lightning","Anchor","Smiling Mask","Membership Card","Astrolabe","Letter Opener","Red Mask"],"potions_floor_usage":[],"damage_taken":[{"damage":0.0,"enemies":"Cultist","floor":1.0,"turns":1.0},{"damage":0.0,"enemies":"Small Slimes","floor":2.0,"turns":1.0},{"damage":0.0,"enemies":"Gremlin Nob","floor":6.0,"turns":1.0},{"damage":5.0,"enemies":"The Mushroom Lair","floor":7.0,"turns":4.0},{"damage":12.0,"enemies":"Jaw Worm","floor":10.0,"turns":3.0},{"damage":16.0,"enemies":"3 Sentries","floor":11.0,"turns":9.0},{"damage":9.0,"enemies":"Large Slime","floor":12.0,"turns":6.0},{"damage":24.0,"enemies":"Hexaghost","floor":16.0,"turns":10.0},{"damage":0.0,"enemies":"Spheric Guardian","floor":18.0,"turns":3.0},{"damage":17.0,"enemies":"2 Thieves","floor":21.0,"turns":4.0},{"damage":5.0,"enemies":"Centurion and Healer","floor":22.0,"turns":7.0},{"damage":6.0,"enemies":"Gremlin Leader","floor":23.0,"turns":5.0},{"damage":42.0,"enemies":"Slavers","floor":25.0,"turns":6.0},{"damage":0.0,"enemies":"3 Cultists","floor":27.0,"turns":4.0},{"damage":0.0,"enemies":"Snecko","floor":28.0,"turns":4.0},{"damage":20.0,"enemies":"Champ","floor":33.0,"turns":11.0},{"damage":1.0,"enemies":"Orb Walker","floor":35.0,"turns":5.0},{"damage":49,"enemies":"Nemesis","floor":40,"turns":6},{"damage":32,"enemies":"3 Darklings","floor":42,"turns":2}],"seed_played":"-4857488341496438524","potions_obtained":[{"floor":7.0,"key":"Weak Potion"},{"floor":11.0,"key":"AttackPotion"},{"floor":18.0,"key":"SkillPotion"},{"floor":27.0,"key":"Regen Potion"},{"floor":28.0,"key":"LiquidBronze"},{"floor":35.0,"key":"Energy Potion"}],"is_trial":false,"path_per_floor":["M","M","T","?","$","E","?","R","T","M","E","M","?","?","R","B",null,"M","?","$","M","M","E","R","E","T","M","M","T","?","$","R","B",null,"M","$","?","?","?","E","?","M"],"character_chosen":"DEFECT","items_purchased":["Coolheaded","Capacitor","Sunder","Defragment","Membership Card","Capacitor"],"campfire_rested":2,"item_purchase_floors":[5,5,20,20,31,36],"current_hp_per_floor":[75,75,75,60,60,60,55,55,55,45,31,24,24,17,39,17,75,75,75,75,58,55,51,51,11,11,13,27,27,27,27,49,31,75,74,74,74,74,69,22,22,0],"gold":0,"neow_bonus":"THREE_ENEMY_KILL","is_prod":false,"is_daily":false,"chose_seed":false,"campfire_upgraded":2,"win_rate":0,"timestamp":1554803301,"path_taken":["M","M","?","?","$","E","?","R","T","M","E","M","?","?","R","BOSS","M","?","$","M","M","E","R","E","T","M","M","?","?","$","R","BOSS","M","?","?","?","?","E","?","M"],"build_version":"2019-01-23","purchased_purges":1,"victory":false,"max_hp_per_floor":[75,75,75,75,75,75,75,75,75,75,75,75,75,75,75,75,75,75,75,75,75,75,75,75,75,75,75,75,75,75,75,75,75,75,75,75,75,75,75,75,75,75],"card_choices":[{"not_picked":["Redo","Aggregate"],"picked":"Go for the Eyes","floor":1.0},{"not_picked":["Darkness","Leap","Lockon"],"picked":"SKIP","floor":2.0},{"not_picked":["Sweeping Beam","Turbo"],"picked":"Hologram","floor":6.0},{"not_picked":["Steam","Lockon"],"picked":"Blizzard","floor":7.0},{"not_picked":["Amplify","Sweeping Beam"],"picked":"Double Energy","floor":10.0},{"not_picked":["Beam Cell","Force Field"],"picked":"Ball Lightning","floor":11.0},{"not_picked":["Beam Cell","Skim"],"picked":"Ball Lightning","floor":12.0},{"not_picked":["Biased Cognition","Reboot"],"picked":"Echo Form","floor":16.0},{"not_picked":["Gash","Double Energy"],"picked":"Defragment","floor":18.0},{"not_picked":["Leap","Compile Driver+1"],"picked":"Conserve Battery","floor":21.0},{"not_picked":["Conserve Battery","Go for the Eyes+1","Lockon+1"],"picked":"SKIP","floor":22.0},{"not_picked":["Go for the Eyes+1","Gash+1"],"picked":"Hyperbeam","floor":23.0},{"not_picked":["Buffer","Lockon+1"],"picked":"Cold Snap","floor":25.0},{"not_picked":["Sweeping Beam+1","FTL+1","Rebound+1"],"picked":"SKIP","floor":27.0},{"not_picked":["Stack+1","FTL+1"],"picked":"Chaos+1","floor":28.0},{"not_picked":["Seek","Thunder Strike+1"],"picked":"Electrodynamics","floor":33.0},{"not_picked":["Streamline+1","Ball Lightning+1","Steam"],"picked":"SKIP","floor":35.0},{"not_picked":["HandOfGreed+1","Jack Of All Trades"],"picked":"Flash of Steel+1","floor":39},{"not_picked":["Gash+1","Double Energy+1","Turbo+1"],"picked":"SKIP","floor":40}],"player_experience":209060,"relics_obtained":[{"floor":3.0,"key":"Juzu Bracelet"},{"floor":6.0,"key":"Boot"},{"floor":7.0,"key":"Odd Mushroom"},{"floor":9.0,"key":"Blood Vial"},{"floor":11.0,"key":"Happy Flower"},{"floor":23.0,"key":"FossilizedHelix"},{"floor":25.0,"key":"Molten Egg 2"},{"floor":26.0,"key":"Bottled Lightning"},{"floor":29.0,"key":"Anchor"},{"floor":40,"key":"Letter Opener"}],"event_choices":[{"damage_healed":0.0,"max_hp_gain":0.0,"max_hp_loss":0.0,"gold_gain":0.0,"event_name":"Shining Light","player_choice":"Entered Light","floor":4.0,"gold_loss":0.0,"damage_taken":15.0,"cards_upgraded":["Defend_B","Dualcast"]},{"damage_healed":0.0,"max_hp_gain":0.0,"max_hp_loss":0.0,"gold_gain":0.0,"event_name":"Mushrooms","player_choice":"Fought Mushrooms","floor":7.0,"gold_loss":0.0,"damage_taken":0.0},{"damage_healed":0.0,"max_hp_gain":0.0,"max_hp_loss":0.0,"gold_gain":0.0,"event_name":"Accursed Blacksmith","player_choice":"Rummage","floor":13.0,"gold_loss":0.0,"damage_taken":0.0,"relics_obtained":["WarpedTongs"],"cards_obtained":["Pain"]},{"cards_removed":["Pain"],"damage_healed":0.0,"max_hp_gain":0.0,"max_hp_loss":0.0,"gold_gain":0.0,"event_name":"Golden Wing","player_choice":"Card Removal","floor":14.0,"gold_loss":0.0,"damage_taken":7.0},{"cards_removed":["Strike_B"],"damage_healed":0.0,"max_hp_gain":0.0,"max_hp_loss":0.0,"gold_gain":0.0,"event_name":"Beggar","player_choice":"Gave Gold","floor":19.0,"gold_loss":75.0,"damage_taken":0.0},{"damage_healed":0.0,"max_hp_gain":0.0,"max_hp_loss":0.0,"gold_gain":0.0,"event_name":"WeMeetAgain","player_choice":"Gave Potion","floor":30.0,"gold_loss":0.0,"damage_taken":0.0,"relics_obtained":["Smiling Mask"]},{"damage_healed":0,"gold_gain":0,"player_choice":"Leave","damage_taken":0,"max_hp_gain":0,"max_hp_loss":0,"event_name":"FaceTrader","floor":37,"gold_loss":0},{"damage_healed":0,"gold_gain":0,"cards_transformed":["Fusion"],"player_choice":"Transformed","damage_taken":0,"max_hp_gain":0,"max_hp_loss":0,"event_name":"Transmorgrifier","floor":38,"gold_loss":0,"cards_obtained":["Core Surge"]},{"damage_healed":0,"gold_gain":0,"player_choice":"Memory 2","damage_taken":5,"max_hp_gain":0,"max_hp_loss":0,"event_name":"SensoryStone","floor":39,"gold_loss":0},{"damage_healed":0,"gold_gain":0,"player_choice":"Paid","damage_taken":0,"relics_obtained":["Red Mask"],"max_hp_gain":0,"max_hp_loss":0,"event_name":"Tomb of Lord Red Mask","floor":41,"gold_loss":110}],"is_beta":false,"boss_relics":[{"not_picked":["Black Star","Velvet Choker"],"picked":"Philosopher\u0027s Stone"},{"not_picked":["Runic Pyramid","Snecko Eye"],"picked":"Astrolabe"}],"items_purged_floors":[36],"is_endless":false,"potions_floor_spawned":[7,11,18,27,28,35],"killed_by":"3 Darklings","ascension_level":2}