{"gold_per_floor":[117,1,20,20,40,40,59,59,59,9,26,53,72,92,92,191,191,201,201,214,227,112,145,145,145,225,239,254,283,283,283,283,382,382,397,159,174,188,206,231,231,258,285,285,302,252,252,252,252,252,252,252,74,108,108],"floor_reached":55,"playtime":9317,"items_purged":["Defend_B","Defend_B","Defend_B","Defend_B"],"score":852,"play_id":"10b4feb4-e83f-426e-ba69-601110f8a3b9","local_time":"20190509072939","is_ascension_mode":true,"campfire_choices":[{"floor":6.0,"key":"REST"},{"data":"Defragment","floor":8.0,"key":"SMITH"},{"floor":15.0,"key":"REST"},{"floor":24.0,"key":"REST"},{"floor":32.0,"key":"REST"},{"floor":41.0,"key":"RECALL"},{"floor":44.0,"key":"REST"},{"floor":47.0,"key":"REST"},{"floor":49.0,"key":"REST"},{"floor":52.0,"key":"REST"}],"neow_cost":"PERCENT_DAMAGE","seed_source_timestamp":0,"circlet_count":0,"master_deck":["Zap","Dualcast","Hello World","Defragment+1","Glacier","Stack","Compile Driver","Genetic Algorithm","Cold Snap","Reboot","Compile Driver","Fission","Ball Lightning+1","Conserve Battery+1","Conserve Battery","Reinforced Body","FTL","Echo Form","Streamline+1","BootSequence","Bite","Bite","Bite","Bite","Buffer","White Noise+1","Metamorphosis","Steam+1","Compile Driver+1","Steam+1","Buffer","Aggregate","Streamline+1"],"special_seed":0,"relics":["Cracked Core","Gremlin Horn","Happy Flower","Bottled Flame","Runic Pyramid","Smiling Mask","Cables","Bag of Preparation","Fusion Hammer","Torii","Ice Cream","Centennial Puzzle"],"potions_floor_usage":[54,55,55],"damage_taken":[{"damage":8.0,"enemies":"Jaw Worm","floor":1.0,"turns":4.0},{"damage":0.0,"enemies":"Cultist","floor":3.0,"turns":4.0},{"damage":0.0,"enemies":"Small Slimes","floor":5.0,"turns":4.0},{"damage":0.0,"enemies":"Blue Slaver","floor":7.0,"turns":5.0},{"damage":0.0,"enemies":"3 Louse","floor":11.0,"turns":3.0},{"damage":11.0,"enemies":"3 Sentries","floor":12.0,"turns":9.0},{"damage":3.0,"enemies":"2 Fungi Beasts","floor":13.0,"turns":3.0},{"damage":3.0,"enemies":"Exordium Wildlife","floor":14.0,"turns":7.0},{"damage":10.0,"enemies":"Slime Boss","floor":16.0,"turns":12.0},{"damage":32.0,"enemies":"3 Byrds","floor":18.0,"turns":11.0},{"damage":0.0,"enemies":"Chosen","floor":20.0,"turns":5.0},{"damage":11.0,"enemies":"Snake Plant","floor":21.0,"turns":7.0},{"damage":27.0,"enemies":"Slavers","floor":23.0,"turns":8.0},{"damage":1.0,"enemies":"Snecko","floor":27.0,"turns":7.0},{"damage":8.0,"enemies":"Cultist and Chosen","floor":28.0,"turns":9.0},{"damage":25.0,"enemies":"Gremlin Leader","floor":29.0,"turns":7.0},{"damage":5.0,"enemies":"Collector","floor":33.0,"turns":12.0},{"damage":12.0,"enemies":"3 Darklings","floor":35.0,"turns":6.0},{"damage":0.0,"enemies":"Orb Walker","floor":37.0,"turns":3.0},{"damage":0.0,"enemies":"Writhing Mass","floor":38.0,"turns":7.0},{"damage":0.0,"enemies":"Sphere and 2 Shapes","floor":39.0,"turns":5.0},{"damage":18.0,"enemies":"Nemesis","floor":40.0,"turns":7.0},{"damage":40.0,"enemies":"Giant Head","floor":42.0,"turns":9.0},{"damage":0.0,"enemies":"Jaw Worm Horde","floor":45.0,"turns":4.0},{"damage":49.0,"enemies":"Donu and Deca","floor":50.0,"turns":15.0},{"damage":60,"enemies":"Shield and Spear","floor":54,"turns":9},{"damage":52,"enemies":"The Heart","floor":55,"turns":2}],"seed_played":"4654077243358342350","potions_obtained":[{"floor":1.0,"key":"Weak Potion"},{"floor":11.0,"key":"SpeedPotion"},{"floor":12.0,"key":"Swift Potion"},{"floor":14.0,"key":"Explosive Potion"},{"floor":18.0,"key":"Energy Potion"},{"floor":23.0,"key":"GamblersBrew"},{"floor":29.0,"key":"PowerPotion"},{"floor":33.0,"key":"FocusPotion"},{"floor":37.0,"key":"EssenceOfSteel"}],"is_trial":false,"path_per_floor":["M","$","M","?","M","R","M","R","T","?","M","E","M","M","R","B",null,"M","?","M","M","$","E","R","?","T","M","M","E","?","?","R","B",null,"M","$","M","M","M","E","R","E","T","R","M","$","R","?","R","B",null,"R","$","E","B"],"character_chosen":"DEFECT","items_purchased":["Defragment","Glacier","Reinforced Body","Metamorphosis","Strength Potion","Aggregate"],"campfire_rested":8,"item_purchase_floors":[2,2,22,36,53,53],"current_hp_per_floor":[60,60,60,60,60,86,86,86,86,86,86,75,72,69,89,79,89,57,57,57,46,46,19,45,45,45,44,36,11,11,11,29,52,62,60,60,62,62,62,54,54,22,22,40,44,44,62,62,62,28,62,62,62,12,0],"gold":108,"neow_bonus":"TWENTY_PERCENT_HP_BONUS","is_prod":false,"is_daily":false,"chose_seed":false,"campfire_upgraded":1,"win_rate":0,"timestamp":1557379779,"path_taken":["M","$","M","?","?","R","M","R","T","?","M","E","M","M","R","BOSS","M","?","?","M","$","E","R","?","T","M","M","E","?","?","R","BOSS","M","$","M","M","M","E","R","E","T","R","M","$","R","?","R","BOSS","R","$","E","BOSS"],"build_version":"2019-01-23","purchased_purges":4,"victory":false,"max_hp_per_floor":[89,89,89,89,89,89,89,89,89,89,89,89,89,89,89,89,89,89,89,89,89,89,89,89,89,89,89,89,89,89,62,62,62,62,62,62,62,62,62,62,62,62,62,62,62,62,62,62,62,62,62,62,62,62,62],"card_choices":[{"not_picked":["Storm","Steam"],"picked":"Hello World","floor":1.0},{"not_picked":["Beam Cell","Recycle"],"picked":"Stack","floor":3.0},{"not_picked":["Stack","Turbo","Redo"],"picked":"SKIP","floor":5.0},{"not_picked":["Sweeping Beam","Turbo"],"picked":"Compile Driver","floor":7.0},{"not_picked":["Reinforced Body","Stack"],"picked":"Genetic Algorithm","floor":11.0},{"not_picked":["Leap","Ball Lightning"],"picked":"Cold Snap","floor":12.0},{"not_picked":["Leap","Cold Snap"],"picked":"Reboot","floor":13.0},{"not_picked":["Barrage","Hologram"],"picked":"Compile Driver","floor":14.0},{"not_picked":["Hyperbeam","Multi-Cast"],"picked":"Fission","floor":16.0},{"not_picked":["Leap","Genetic Algorithm"],"picked":"Ball Lightning+1","floor":18.0},{"not_picked":["Redo","Double Energy"],"picked":"Conserve Battery+1","floor":20.0},{"not_picked":["Sweeping Beam","Barrage+1"],"picked":"Conserve Battery","floor":21.0},{"not_picked":["Hologram","Scrape"],"picked":"FTL","floor":23.0},{"not_picked":["Leap","Storm","Steam Power"],"picked":"SKIP","floor":27.0},{"not_picked":["Ball Lightning","Blizzard"],"picked":"Streamline+1","floor":28.0},{"not_picked":["Melter","Steam"],"picked":"BootSequence","floor":29.0},{"not_picked":["Thunder Strike","Meteor Strike"],"picked":"Buffer","floor":33.0},{"not_picked":["Aggregate","Chill+1"],"picked":"White Noise+1","floor":35.0},{"not_picked":["Cold Snap","Reprogram","Rebound"],"picked":"SKIP","floor":37.0},{"not_picked":["Compile Driver","Fusion"],"picked":"Steam+1","floor":38.0},{"not_picked":["Tempest","Ball Lightning+1"],"picked":"Compile Driver+1","floor":39.0},{"not_picked":["Leap","Cold Snap"],"picked":"Steam+1","floor":40.0},{"not_picked":["Chill+1","Hologram"],"picked":"Buffer","floor":42.0},{"not_picked":["Force Field","Cold Snap","Genetic Algorithm+1"],"picked":"SKIP","floor":45.0},{"not_picked":["Leap","Cold Snap+1"],"picked":"Streamline+1","floor":54}],"player_experience":61796,"relics_obtained":[{"floor":9.0,"key":"Happy Flower"},{"floor":12.0,"key":"Bottled Flame"},{"floor":23.0,"key":"Smiling Mask"},{"floor":26.0,"key":"Cables"},{"floor":29.0,"key":"Bag of Preparation"},{"floor":40.0,"key":"Torii"},{"floor":42.0,"key":"Ice Cream"},{"floor":54,"key":"Centennial Puzzle"}],"event_choices":[{"damage_healed":0.0,"max_hp_gain":0.0,"max_hp_loss":0.0,"gold_gain":0.0,"event_name":"WeMeetAgain","player_choice":"Gave Potion","floor":4.0,"gold_loss":0.0,"damage_taken":0.0,"relics_obtained":["Gremlin Horn"]},{"cards_removed":["Strike_B"],"damage_healed":0.0,"max_hp_gain":0.0,"max_hp_loss":0.0,"gold_gain":0.0,"event_name":"The Cleric","player_choice":"Card Removal","floor":10.0,"gold_loss":50.0,"damage_taken":0.0},{"damage_healed":0.0,"max_hp_gain":0.0,"max_hp_loss":0.0,"gold_gain":0.0,"event_name":"The Woman in Blue","player_choice":"Bought 0 Potions","floor":19.0,"gold_loss":0.0,"damage_taken":0.0},{"damage_healed":0.0,"max_hp_gain":0.0,"max_hp_loss":0.0,"gold_gain":0.0,"event_name":"The Library","player_choice":"Read","floor":25.0,"gold_loss":0.0,"damage_taken":0.0,"cards_obtained":["Echo Form"]},{"damage_healed":0.0,"max_hp_gain":0.0,"max_hp_loss":0.0,"gold_gain":0.0,"event_name":"The Mausoleum","player_choice":"Ignored","floor":30.0,"gold_loss":0.0,"damage_taken":0.0},{"damage_healed":0.0,"max_hp_gain":0.0,"max_hp_loss":27.0,"gold_gain":0.0,"event_name":"Vampires","player_choice":"Became a vampire","floor":31.0,"gold_loss":0.0,"damage_taken":0.0,"cards_obtained":["Bite","Bite","Bite","Bite","Bite"]},{"cards_removed":["Bite"],"damage_healed":0.0,"max_hp_gain":0.0,"max_hp_loss":0.0,"gold_gain":0.0,"event_name":"Falling","player_choice":"Removed Attack","floor":48.0,"gold_loss":0.0,"damage_taken":0.0}],"is_beta":false,"boss_relics":[{"not_picked":["Ectoplasm","Black Star"],"picked":"Runic Pyramid"},{"not_picked":["Eternal Feather","Empty Cage"],"picked":"Fusion Hammer"}],"items_purged_floors":[22,36,46,53],"is_endless":false,"potions_floor_spawned":[1,11,12,14,18,23,29,33,37,40,42],"killed_by":"The Heart","ascension_level":3}