{"gold_per_floor":[116,135,135,150,5,5,15,33,80,155,174,174,174,191,191,287,287,301,313,104,118,0,0,13,13,67,67,78,78,98,13,13,109,109,126,1125,1125,1140,1140,1140,402,402,402,5,53,134,134,151,151,151],"floor_reached":50,"playtime":5212,"items_purged":[],"score":507,"play_id":"69b4f559-ab2f-4e2b-a214-9d7f4ff8a3ee","local_time":"20180819192235","is_ascension_mode":false,"campfire_choices":[{"floor":6.0,"key":"REST"},{"data":"Zap","floor":13.0,"key":"SMITH"},{"data":"Defragment","floor":15.0,"key":"SMITH"},{"floor":23.0,"key":"REST"},{"floor":29.0,"key":"REST"},{"floor":32.0,"key":"REST"},{"floor":40.0,"key":"REST"},{"floor":42.0,"key":"REST"},{"floor":47,"key":"REST"},{"floor":49,"key":"REST"}],"neow_cost":"NONE","seed_source_timestamp":168579165190576,"circlet_count":0,"master_deck":["Strike_B+1","Strike_B+1","Strike_B+1","Strike_B+1","Defend_B+1","Defend_B+1","Defend_B+1","Defend_B+1","Zap+1","Dualcast","Hyperbeam","Skim","Fusion+1","Self Repair","Defragment+1","Coolheaded","Consume","Redo","Echo Form","Recycle","Chaos+1","Conserve Battery","Electrodynamics","Streamline","Capacitor","Reboot","Hologram+1","Normality","Normality","Reinforced Body+1","Melter","Ball Lightning","Leap","Meteor Strike","Ball Lightning+1","Go for the Eyes"],"special_seed":0,"relics":["FrozenCore","Bronze Scales","Regal Pillow","Fusion Hammer","Whetstone","Juzu Bracelet","Gremlin Horn","Lantern","Ornamental Fan","OrangePellets","Blood Vial","Strawberry","Meat on the Bone","Gambling Chip","Mummified Hand"],"potions_floor_usage":[45,45,45,48,50],"damage_taken":[{"damage":0.0,"enemies":"2 Louse","floor":1.0,"turns":2.0},{"damage":1.0,"enemies":"Cultist","floor":2.0,"turns":3.0},{"damage":0.0,"enemies":"Small Slimes","floor":4.0,"turns":2.0},{"damage":10.0,"enemies":"Red Slaver","floor":7.0,"turns":4.0},{"damage":7.0,"enemies":"2 Fungi Beasts","floor":8.0,"turns":3.0},{"damage":5.0,"enemies":"Blue Slaver","floor":11.0,"turns":5.0},{"damage":8.0,"enemies":"Red Slaver","floor":14.0,"turns":2.0},{"damage":52.0,"enemies":"The Guardian","floor":16.0,"turns":15.0},{"damage":32.0,"enemies":"Chosen","floor":18.0,"turns":5.0},{"damage":23.0,"enemies":"2 Thieves","floor":19.0,"turns":3.0},{"damage":32.0,"enemies":"Sentry and Sphere","floor":21.0,"turns":5.0},{"damage":23.0,"enemies":"Centurion and Healer","floor":24.0,"turns":5.0},{"damage":11.0,"enemies":"Snake Plant","floor":28.0,"turns":3.0},{"damage":7.0,"enemies":"Chosen and Byrds","floor":30.0,"turns":4.0},{"damage":40.0,"enemies":"Collector","floor":33.0,"turns":8.0},{"damage":25.0,"enemies":"3 Shapes","floor":35.0,"turns":7.0},{"damage":23.0,"enemies":"3 Darklings","floor":38.0,"turns":4.0},{"damage":48,"floor":45,"turns":7},{"damage":62,"enemies":"Maw","floor":48,"turns":8},{"damage":81,"enemies":"Awakened One","floor":50,"turns":4}],"seed_played":"2406661330467599107","potions_obtained":[{"floor":1.0,"key":"PowerPotion"},{"floor":7.0,"key":"Explosive Potion"},{"floor":14.0,"key":"FocusPotion"},{"floor":16.0,"key":"Dexterity Potion"},{"floor":24.0,"key":"FocusPotion"},{"floor":37.0,"key":"Regen Potion"},{"floor":37.0,"key":"Block Potion"},{"floor":37.0,"key":"Swift Potion"},{"floor":45,"key":"SkillPotion"},{"floor":48,"key":"Weak Potion"}],"is_trial":false,"path_per_floor":["M","M","?","M","$","R","M","M","T","?","M","?","R","M","R","B",null,"M","M","$","M","?","R","M","?","T","?","M","R","M","?","R","B",null,"M","?","?","M","?","R","$","R","T","$","?","T","R","M","R"],"character_chosen":"DEFECT","items_purchased":["Bronze Scales","Whetstone","Conserve Battery","Ornamental Fan","OrangePellets","Blood Vial","Melter","Ball Lightning","Leap","Meat on the Bone","Meteor Strike"],"campfire_rested":8,"item_purchase_floors":[5,20,20,41,41,41,41,41,41,44,44],"current_hp_per_floor":[75,74,59,59,59,75,72,72,72,61,63,63,63,62,62,17,75,50,34,34,9,9,46,30,30,30,30,26,63,63,63,75,35,75,57,57,57,34,34,71,71,75,82,82,58,58,82,39,78,0],"gold":151,"neow_bonus":"ONE_RANDOM_RARE_CARD","is_prod":false,"is_daily":false,"chose_seed":false,"campfire_upgraded":2,"win_rate":0,"timestamp":1534720955,"path_taken":["M","M","?","?","?","R","M","M","T","?","M","?","R","?","R","BOSS","M","M","$","M","?","R","M","?","T","?","M","R","M","?","R","BOSS","M","?","?","M","?","R","$","R","T","$","?","?","R","M","R","BOSS"],"build_version":"2018-08-16","purchased_purges":0,"victory":false,"max_hp_per_floor":[75,75,75,75,75,75,75,75,75,75,75,75,75,75,75,75,75,75,75,75,75,75,75,75,75,75,75,75,75,75,75,75,75,75,75,75,75,75,75,75,75,75,82,82,82,82,82,82,82,82],"card_choices":[{"not_picked":["Stack","Streamline"],"picked":"Skim","floor":1.0},{"not_picked":["Conserve Battery","Stack"],"picked":"Fusion","floor":2.0},{"not_picked":["Force Field","Compile Driver"],"picked":"Self Repair","floor":4.0},{"not_picked":["Fusion","Sweeping Beam"],"picked":"Defragment","floor":7.0},{"not_picked":["Leap","Hologram"],"picked":"Coolheaded","floor":8.0},{"not_picked":["Redo","Core Surge"],"picked":"Consume","floor":11.0},{"not_picked":["Streamline","Sweeping Beam"],"picked":"Redo","floor":14.0},{"not_picked":["Creative AI","Multi-Cast"],"picked":"Echo Form","floor":16.0},{"not_picked":["Leap","Steam"],"picked":"Recycle","floor":18.0},{"not_picked":["Melter","Skim"],"picked":"Chaos+1","floor":19.0},{"not_picked":["Turbo+1","Streamline"],"picked":"Beam Cell","floor":21.0},{"not_picked":["Heatsinks+1","Sweeping Beam"],"picked":"Electrodynamics","floor":24.0},{"not_picked":["Gash","Turbo"],"picked":"Streamline","floor":28.0},{"not_picked":["Streamline+1","Recycle+1"],"picked":"Capacitor","floor":30.0},{"not_picked":["Hyperbeam","Electrodynamics"],"picked":"Reboot","floor":33.0},{"not_picked":["Genetic Algorithm","Rebound"],"picked":"Hologram+1","floor":35.0},{"not_picked":["Gash","Hologram"],"picked":"Reinforced Body+1","floor":38.0},{"not_picked":["Stack+1","Streamline+1"],"picked":"Ball Lightning+1","floor":45},{"not_picked":["Streamline+1","Turbo+1"],"picked":"Go for the Eyes","floor":48}],"player_experience":36530,"relics_obtained":[{"floor":9.0,"key":"Regal Pillow"},{"floor":26.0,"key":"Juzu Bracelet"},{"floor":43.0,"key":"Strawberry"},{"floor":45,"key":"Gambling Chip"},{"floor":46,"key":"Mummified Hand"}],"event_choices":[{"event_name":"Shining Light","player_choice":"Entered Light","floor":3.0,"damage_taken":0.0},{"event_name":"World of Goop","player_choice":"Gather Gold","floor":10.0,"damage_taken":0.0},{"event_name":"Accursed Blacksmith","player_choice":"Forge","floor":12.0,"damage_taken":0.0},{"event_name":"Masked Bandits","player_choice":"Paid Fearfully","floor":22.0,"damage_taken":0.0},{"event_name":"Back to Basics","player_choice":"Simplicity","floor":25.0,"damage_taken":0.0},{"event_name":"The Mausoleum","player_choice":"Yes","floor":27.0,"damage_taken":0.0},{"event_name":"Addict","player_choice":"Obtained Relic","floor":31.0,"damage_taken":0.0},{"event_name":"MindBloom","player_choice":"Gold","floor":36.0,"damage_taken":0.0},{"event_name":"The Lab","player_choice":"Got Potions","floor":37.0,"damage_taken":0.0},{"event_name":"Falling","player_choice":"Removed Attack","floor":39.0,"damage_taken":0.0},{"event_name":"Mysterious Sphere","player_choice":"Fight","floor":45,"damage_taken":0}],"is_beta":false,"boss_relics":[{"not_picked":["Eternal Feather","Velvet Choker"],"picked":"Fusion Hammer"},{"not_picked":["Lizard Tail","Busted Crown"],"picked":"FrozenCore"}],"items_purged_floors":[],"is_endless":false,"potions_floor_spawned":[1,7,14,16,18,19,24,28,38,45,48],"killed_by":"Awakened One","ascension_level":0}