{"path_per_floor":["M","?","?","M","M","E","R","E","T","M","M","$","E","M","R","B",null,"M","?","?","M","$","E","?","E","T","$","M","M","M","M","R","B",null,"M","?","M","$","?","R","E","R","T","?","M","$","M","?","R","B"],"character_chosen":"IRONCLAD","items_purchased":["Gambling Chip","Spot Weakness","Battle Trance","Frozen Egg 2","Pen Nib","Heavy Blade","Apotheosis","Gremlin Horn"],"gold_per_floor":[114,114,189,204,219,249,249,279,354,369,384,6,336,351,351,451,451,466,466,466,481,164,194,194,224,224,49,64,79,94,109,109,209,209,224,257,272,88,88,88,118,118,143,393,408,158,173,173,173,173],"floor_reached":51,"campfire_rested":1,"playtime":2131,"current_hp_per_floor":[80,85,74,68,73,48,73,49,49,48,48,48,56,50,50,32,85,83,67,67,71,71,43,43,36,42,42,57,61,61,68,68,59,122,118,118,124,124,108,108,123,123,129,135,140,140,138,138,138,138],"items_purged":[],"gold":173,"score":1115,"play_id":"d5ac77d8-ac77-4f51-8b5d-583db0fd1d09","local_time":"20180318011332","daily_mods":["Allstar","Cursed Run","Hoarder"],"is_prod":false,"is_daily":true,"is_ascension_mode":false,"campfire_upgraded":2,"timestamp":1521332012,"path_taken":["M","?","?","M","M","E","R","E","T","M","M","$","E","M","R","BOSS","M","?","?","M","$","E","?","E","T","$","M","M","M","M","R","BOSS","M","?","M","$","?","R","E","R","T","?","M","?","M","?","R","BOSS"],"build_version":"2018-03-16","purchased_purges":0,"victory":true,"master_deck":["Strike_R","Strike_R","Strike_R","Strike_R","Strike_R","Defend_R","Defend_R","Defend_R","Defend_R","Bash+1","Bandage Up","Bandage Up","Bandage Up","Secret Weapon","Secret Weapon","Secret Weapon","Thunderclap","Thunderclap","Thunderclap","Cleave","Cleave","Cleave","Flex","Flex","Flex","Bludgeon+1","Bludgeon","Bludgeon","Spot Weakness","Spot Weakness","Spot Weakness","Sword Boomerang","Sword Boomerang","Sword Boomerang","Burning Pact","Burning Pact","Burning Pact","Battle Trance","Battle Trance","Battle Trance","Parasite","Parasite","Parasite","Heavy Blade","Heavy Blade","Heavy Blade","Armaments+1","Armaments+1","Armaments","Feed","Feed","Feed","Parasite","Parasite","Parasite","Offering","Offering","Offering","Decay","Decay","Decay","Regret","Regret","Regret","Injury","Injury","Injury","Apotheosis","Apotheosis+1","Apotheosis","Madness","Madness","Madness+1","Madness","Madness","Madness","Inflame+1","Inflame","Inflame","Pain","Pain","Pain","Regret","Regret","Regret","Doubt","Doubt","Doubt"],"max_hp_per_floor":[80,85,85,85,85,85,85,85,85,85,85,85,85,85,85,85,85,85,85,85,85,85,85,85,85,91,91,91,91,91,91,91,97,122,122,122,126,126,126,126,130,130,136,142,142,142,142,142,142,148],"relics":["Cursed Key","Darkstone Periapt","Du-Vu Doll","Omamori","Ancient Tea Set","Meat on the Bone","Gambling Chip","Old Coin","Mark of Pain","Enchiridion","Frozen Egg 2","Bottled Lightning","Anchor","Mummified Hand","Pen Nib","Calling Bell","Shovel","Strawberry","Red Skull","Magic Flower","Bag of Preparation","War Paint","Kunai","Dream Catcher","Gremlin Horn","Regal Pillow"],"card_choices":[{"not_picked":["Havoc","Bloodletting"],"picked":"Thunderclap"},{"not_picked":["Sever Soul","Anger"],"picked":"Cleave"},{"not_picked":["Bloodletting","Heavy Blade"],"picked":"Flex"},{"not_picked":["Havoc","Body Slam"],"picked":"Bludgeon"},{"not_picked":["Iron Wave","Corruption"],"picked":"Sword Boomerang"},{"not_picked":["Clash","Clothesline"],"picked":"Burning Pact"},{"not_picked":["Clothesline","Wild Strike"],"picked":"Armaments"},{"not_picked":["Armaments","Dropkick"],"picked":"Feed"},{"not_picked":["Barricade","Berserk"],"picked":"Offering"},{"not_picked":["Searing Blow","Dropkick"],"picked":"Inflame"}],"player_experience":207500,"potions_floor_usage":[13,16,50],"damage_taken":[{"damage":0,"enemies":"2 Louse","floor":1,"turns":2},{"damage":6,"enemies":"Jaw Worm","floor":4,"turns":3},{"damage":7,"enemies":"Small Slimes","floor":5,"turns":2},{"damage":37,"enemies":"Gremlin Nob","floor":6,"turns":5},{"damage":36,"enemies":"Lagavulin","floor":8,"turns":5},{"damage":9,"enemies":"2 Fungi Beasts","floor":10,"turns":2},{"damage":0,"enemies":"Large Slime","floor":11,"turns":2},{"damage":0,"enemies":"3 Sentries","floor":13,"turns":2},{"damage":10,"enemies":"Exordium Wildlife","floor":14,"turns":2},{"damage":38,"enemies":"The Guardian","floor":16,"turns":5},{"damage":2,"enemies":"Shell Parasite","floor":18,"turns":2},{"damage":0,"enemies":"Spheric Guardian","floor":21,"turns":3},{"damage":40,"enemies":"Gremlin Leader","floor":23,"turns":5},{"damage":19,"enemies":"Slavers","floor":25,"turns":2},{"damage":1,"enemies":"Snake Plant","floor":28,"turns":2},{"damage":0,"enemies":"Chosen and Byrds","floor":29,"turns":1},{"damage":0,"enemies":"Cultist and Chosen","floor":30,"turns":2},{"damage":1,"enemies":"3 Cultists","floor":31,"turns":2},{"damage":19,"enemies":"Collector","floor":33,"turns":3},{"damage":4,"enemies":"3 Darklings","floor":35,"turns":1},{"damage":0,"enemies":"Mysterious Sphere","floor":36,"turns":2},{"damage":0,"enemies":"Orb Walker","floor":37,"turns":1},{"damage":0,"enemies":"2 Orb Walkers","floor":41,"turns":1},{"damage":4,"enemies":"3 Darklings","floor":45,"turns":1},{"damage":2,"enemies":"4 Shapes","floor":47,"turns":1},{"damage":6,"enemies":"Time Eater","floor":50,"turns":1}],"event_choices":[{"event_name":"Big Fish","player_choice":"Donut","floor":2,"damage_taken":0},{"event_name":"World of Goop","player_choice":"Gather Gold","floor":3,"damage_taken":0},{"event_name":"Cursed Tome","player_choice":"Obtained Book","floor":19,"damage_taken":0},{"event_name":"Upgrade Shrine","player_choice":"Upgraded","floor":20,"damage_taken":0},{"event_name":"The Woman in Blue","player_choice":"Bought 0 Potions","floor":24,"damage_taken":0},{"event_name":"Mysterious Sphere","player_choice":"Fight","floor":36,"damage_taken":0},{"event_name":"Winding Halls","player_choice":"Embrace Madness","floor":39,"damage_taken":0},{"event_name":"Golden Shrine","player_choice":"Desecrate","floor":44,"damage_taken":0},{"event_name":"Tomb of Lord Red Mask","player_choice":"Ignored","floor":48,"damage_taken":0}],"boss_relics":[{"not_picked":["Velvet Choker","Runic Dome"],"picked":"Mark of Pain"},{"not_picked":["Tiny House","Black Star"],"picked":"Calling Bell"}],"potions_floor_spawned":[4,6,8,11,16,21,23,31,35,36,41],"seed_played":"8809221095910533381","ascension_level":0,"is_trial":false}