{"gold_per_floor":[110,110,124,142,153,153,169,169,217,217,251,22,22,43,43,171,171,195,219,238,238],"floor_reached":21,"playtime":1127,"items_purged":["Injury"],"score":183,"play_id":"33c87f84-f5e4-40e9-8ef8-8cfbff108980","local_time":"20181123165306","is_ascension_mode":false,"campfire_choices":[{"data":"Chaos","floor":6,"key":"SMITH"},{"floor":15,"key":"REST"}],"neow_cost":"NONE","seed_source_timestamp":169216424295480,"circlet_count":0,"master_deck":["Strike_B+1","Strike_B","Strike_B+1","Strike_B","Defend_B","Defend_B","Defend_B","Defend_B","Zap+1","Dualcast","Leap","Cold Snap","Ball Lightning","Chaos+1","Fusion","Multi-Cast","Defragment","Conserve Battery","Go for the Eyes","Cold Snap","Creative AI","Genetic Algorithm","Skim","Rip and Tear","Seek","Storm","Coolheaded+1","Defragment","Storm"],"relics":["Cracked Core","Bronze Scales","Golden Idol","Question Card","Orrery"],"potions_floor_usage":[16,16,20],"damage_taken":[{"damage":5,"enemies":"Small Slimes","floor":1,"turns":3},{"damage":4,"enemies":"Jaw Worm","floor":3,"turns":4},{"damage":0,"enemies":"Cultist","floor":4,"turns":3},{"damage":2,"enemies":"Large Slime","floor":5,"turns":5},{"damage":0,"enemies":"Exordium Thugs","floor":7,"turns":4},{"damage":25,"enemies":"Lagavulin","floor":11,"turns":6},{"damage":17,"enemies":"Gremlin Gang","floor":14,"turns":4},{"damage":29,"enemies":"The Guardian","floor":16,"turns":10},{"damage":18,"enemies":"Shell Parasite","floor":18,"turns":7},{"damage":24,"enemies":"Chosen","floor":19,"turns":5},{"damage":17,"enemies":"Centurion and Healer","floor":20,"turns":9},{"damage":25,"enemies":"Masked Bandits","floor":21,"turns":2}],"seed_played":"4222626157195690671","potions_obtained":[{"floor":3,"key":"Ancient Potion"},{"floor":5,"key":"SkillPotion"},{"floor":11,"key":"Energy Potion"},{"floor":18,"key":"GamblersBrew"}],"is_trial":false,"path_per_floor":["M","?","M","M","M","R","M","?","T","?","E","$","?","M","R","B",null,"M","M","M","?"],"character_chosen":"DEFECT","items_purchased":["Defragment","Conserve Battery","Go for the Eyes"],"campfire_rested":1,"item_purchase_floors":[12,12,12],"current_hp_per_floor":[77,61,57,57,55,55,55,55,55,55,30,30,30,13,37,8,82,64,40,23,0],"gold":238,"neow_bonus":"TEN_PERCENT_HP_BONUS","is_prod":false,"is_daily":false,"chose_seed":false,"campfire_upgraded":1,"win_rate":0,"timestamp":1543009986,"path_taken":["M","?","M","M","M","R","M","?","T","?","E","$","?","?","R","BOSS","M","?","M","?"],"build_version":"2018-11-15","purchased_purges":1,"victory":false,"max_hp_per_floor":[82,82,82,82,82,82,82,82,82,82,82,82,82,82,82,82,82,82,82,82,82],"card_choices":[{"not_picked":["Steam","Coolheaded"],"picked":"Leap","floor":1},{"not_picked":["Leap","Stack"],"picked":"Cold Snap","floor":3},{"not_picked":["Rebound","Streamline"],"picked":"Ball Lightning","floor":4},{"not_picked":["Conserve Battery","Steam"],"picked":"Chaos","floor":5},{"not_picked":["Stack","Hologram"],"picked":"Fusion","floor":7},{"not_picked":["Skim","Doom and Gloom"],"picked":"Multi-Cast","floor":11},{"not_picked":["Stack","Conserve Battery","Leap"],"picked":"Cold Snap","floor":14},{"not_picked":["Amplify","All For One","Buffer"],"picked":"Creative AI","floor":16},{"not_picked":["Reprogram","Hologram","Compile Driver"],"picked":"Genetic Algorithm","floor":17},{"not_picked":["Hologram","Beam Cell","Turbo"],"picked":"Skim","floor":17},{"not_picked":["Recycle","Gash","Streamline"],"picked":"Rip and Tear","floor":17},{"not_picked":["Go for the Eyes","Leap","Auto Shields"],"picked":"Seek","floor":17},{"not_picked":["Hologram","Rebound","Cold Snap"],"picked":"Storm","floor":17},{"not_picked":["Aggregate","Scrape","Hologram"],"picked":"Coolheaded+1","floor":18},{"not_picked":["Rip and Tear+1","Rebound+1","Turbo"],"picked":"Defragment","floor":19},{"not_picked":["Steam Power","Rebound","Barrage+1"],"picked":"Storm","floor":20}],"player_experience":204181,"relics_obtained":[{"floor":9,"key":"Bronze Scales"},{"floor":11,"key":"Question Card"}],"event_choices":[{"damage_healed":0,"gold_gain":0,"player_choice":"Entered Light","damage_taken":16,"max_hp_gain":0,"max_hp_loss":0,"event_name":"Shining Light","floor":2,"gold_loss":0,"cards_upgraded":["Strike_B","Strike_B"]},{"damage_healed":0,"gold_gain":0,"player_choice":"Leave","damage_taken":0,"max_hp_gain":0,"max_hp_loss":0,"event_name":"The Cleric","floor":8,"gold_loss":0},{"damage_healed":0,"gold_gain":0,"player_choice":"Take Wound","damage_taken":0,"relics_obtained":["Golden Idol"],"max_hp_gain":0,"max_hp_loss":0,"event_name":"Golden Idol","floor":10,"gold_loss":0,"cards_obtained":["Injury"]},{"damage_healed":0,"gold_gain":0,"player_choice":"Grow","damage_taken":0,"max_hp_gain":0,"max_hp_loss":0,"event_name":"Living Wall","floor":13,"gold_loss":0,"cards_upgraded":["Zap"]},{"damage_healed":0,"gold_gain":0,"player_choice":"Fought Bandits","damage_taken":0,"max_hp_gain":0,"max_hp_loss":0,"event_name":"Masked Bandits","floor":21,"gold_loss":0}],"is_beta":false,"boss_relics":[{"not_picked":["Cursed Key","Black Star"],"picked":"Orrery"}],"items_purged_floors":[12],"is_endless":false,"potions_floor_spawned":[3,5,11,14,18],"killed_by":"Masked Bandits","ascension_level":0}