{"gold_per_floor":[116,86,101,101,101,101,114,133,133,133,133,147,147,172,172,301,301,316,334,334,346,31,65,65,78,78,78,109,109,109,128,128,228,228,248,248,265,275,275,275,275,292,363,55,55,55,55,71,71,71],"floor_reached":50,"playtime":3900,"items_purged":[],"score":472,"play_id":"f75a3656-0b35-4396-8289-82c98f27e084","local_time":"20181020221816","is_ascension_mode":false,"campfire_choices":[{"data":"Zap","floor":6,"key":"SMITH"},{"data":"Tempest","floor":10,"key":"SMITH"},{"data":"Storm","floor":13,"key":"SMITH"},{"floor":15,"key":"REST"},{"floor":24,"key":"REST"},{"floor":27,"key":"REST"},{"data":"Defragment","floor":29,"key":"SMITH"},{"floor":32,"key":"REST"},{"floor":40,"key":"REST"},{"data":"Rainbow","floor":41,"key":"SMITH"},{"floor":46,"key":"REST"},{"floor":47,"key":"REST"},{"data":"Machine Learning","floor":49,"key":"SMITH"}],"neow_cost":"NONE","seed_source_timestamp":355439764376697,"circlet_count":0,"master_deck":["Strike_B","Strike_B","Strike_B","Strike_B","Defend_B","Defend_B","Defend_B","Defend_B","Zap+1","Dualcast","Rebound","Tempest+1","Hologram","Leap","Storm+1","Force Field","Machine Learning+1","Defragment+1","Hologram","Doom and Gloom","Rainbow+1","Streamline+1","All For One","Cold Snap","Electrodynamics+1","Fusion+1","Panacea","Secret Technique","Multi-Cast","Conserve Battery+1","Storm+1","Chaos","Static Discharge+1","Conserve Battery+1"],"relics":["FrozenCore","NeowsBlessing","Smiling Mask","Bottled Lightning","Mummified Hand","Sozu","Nloth\u0027s Gift","FossilizedHelix","Thread and Needle","WingedGreaves","Frozen Egg 2","Mercury Hourglass","Symbiotic Virus"],"potions_floor_usage":[16,16,16],"damage_taken":[{"damage":0,"enemies":"Cultist","floor":1,"turns":1},{"damage":0,"enemies":"Small Slimes","floor":3,"turns":1},{"damage":0,"enemies":"2 Louse","floor":7,"turns":1},{"damage":1,"enemies":"Large Slime","floor":8,"turns":4},{"damage":3,"enemies":"2 Fungi Beasts","floor":12,"turns":2},{"damage":6,"enemies":"Exordium Wildlife","floor":14,"turns":3},{"damage":51,"enemies":"Slime Boss","floor":16,"turns":13},{"damage":5,"enemies":"Chosen","floor":18,"turns":4},{"damage":0,"enemies":"Spheric Guardian","floor":19,"turns":3},{"damage":12,"enemies":"Centurion and Healer","floor":21,"turns":8},{"damage":37,"enemies":"Slavers","floor":23,"turns":4},{"damage":7,"enemies":"Shelled Parasite and Fungi","floor":25,"turns":4},{"damage":25,"enemies":"Book of Stabbing","floor":28,"turns":5},{"damage":13,"enemies":"Cultist and Chosen","floor":31,"turns":5},{"damage":23,"enemies":"Collector","floor":33,"turns":11},{"damage":0,"enemies":"Orb Walker","floor":35,"turns":4},{"damage":17,"enemies":"3 Darklings","floor":37,"turns":4},{"damage":0,"enemies":"Spire Growth","floor":38,"turns":4},{"damage":44,"enemies":"Jaw Worm Horde","floor":42,"turns":4},{"damage":11,"enemies":"3 Darklings","floor":48,"turns":3},{"damage":65,"enemies":"Awakened One","floor":50,"turns":5}],"seed_played":"-4483637508746694944","potions_obtained":[{"floor":2,"key":"Dexterity Potion"},{"floor":2,"key":"GamblersBrew"},{"floor":8,"key":"EssenceOfSteel"},{"floor":12,"key":"Block Potion"},{"floor":14,"key":"LiquidBronze"}],"is_trial":false,"path_per_floor":["M","?","M","?","?","R","M","M","T","R","T","M","R","M","R","B",null,"M","M","?","M","$","E","R","M","T","R","E","R","?","M","R","B",null,"M","?","M","M","?","R","R","M","T","$","$","R","R","M","R"],"character_chosen":"DEFECT","items_purchased":["FossilizedHelix","Static Discharge+1","Symbiotic Virus"],"campfire_rested":7,"item_purchase_floors":[22,44,44],"current_hp_per_floor":[75,75,75,57,57,57,57,56,56,56,56,53,53,47,67,16,69,64,64,64,52,52,15,35,28,28,48,23,23,23,10,30,7,69,69,64,47,47,47,67,67,23,23,23,23,43,63,52,52,0],"gold":71,"neow_bonus":"THREE_ENEMY_KILL","is_prod":false,"is_daily":false,"chose_seed":false,"campfire_upgraded":6,"win_rate":0,"timestamp":1540088296,"path_taken":["M","?","M","?","?","R","M","M","T","R","?","M","R","?","R","BOSS","M","M","?","M","$","E","R","M","T","R","E","R","?","M","R","BOSS","M","?","M","?","?","R","R","M","T","?","$","R","R","M","R","BOSS"],"build_version":"2018-10-18","purchased_purges":0,"victory":false,"max_hp_per_floor":[75,75,75,75,69,69,69,69,69,69,69,69,69,69,69,69,69,69,69,69,69,69,69,69,69,69,69,69,69,69,69,69,69,69,69,69,69,69,69,69,69,69,69,69,69,69,69,69,69,69],"card_choices":[{"not_picked":["Go for the Eyes","Steam"],"picked":"Rebound","floor":1},{"not_picked":["Stack","FTL"],"picked":"Tempest","floor":3},{"not_picked":["Redo","Rebound"],"picked":"Hologram","floor":7},{"not_picked":["Beam Cell","Steam"],"picked":"Leap","floor":8},{"not_picked":["Barrage","Coolheaded"],"picked":"Storm","floor":12},{"not_picked":["Compile Driver","Steam"],"picked":"Force Field","floor":14},{"not_picked":["Rainbow","Meteor Strike"],"picked":"Machine Learning","floor":16},{"not_picked":["Rebound","Sweeping Beam"],"picked":"Defragment","floor":18},{"not_picked":["Turbo","Force Field"],"picked":"Hologram","floor":19},{"not_picked":["Leap","Compile Driver+1"],"picked":"Doom and Gloom","floor":21},{"not_picked":["Beam Cell","Chill"],"picked":"Rainbow","floor":23},{"not_picked":["Aggregate","Sweeping Beam"],"picked":"Streamline+1","floor":25},{"not_picked":["Turbo","Reinforced Body"],"picked":"All For One","floor":28},{"not_picked":["Gash","Leap"],"picked":"Cold Snap","floor":31},{"not_picked":["Echo Form+1","Machine Learning+1"],"picked":"Electrodynamics+1","floor":33},{"not_picked":["Gash+1","Sweeping Beam+1"],"picked":"Fusion+1","floor":35},{"not_picked":["Jack Of All Trades","PanicButton"],"picked":"Panacea","floor":36},{"not_picked":["Good Instincts","Swift Strike"],"picked":"Secret Technique","floor":36},{"not_picked":["Hologram+1","Streamline"],"picked":"Multi-Cast","floor":37},{"not_picked":["Barrage+1","Coolheaded"],"picked":"Conserve Battery+1","floor":38},{"not_picked":["Turbo","Rebound+1"],"picked":"Chaos","floor":42},{"not_picked":["Stack","Turbo+1"],"picked":"Conserve Battery+1","floor":48}],"player_experience":155926,"relics_obtained":[{"floor":9,"key":"Bottled Lightning"},{"floor":11,"key":"Mummified Hand"},{"floor":23,"key":"Thread and Needle"},{"floor":26,"key":"WingedGreaves"},{"floor":28,"key":"Frozen Egg 2"},{"floor":43,"key":"Mercury Hourglass"}],"event_choices":[{"damage_healed":0,"gold_gain":0,"player_choice":"Bought 2 Potions","damage_taken":0,"max_hp_gain":0,"max_hp_loss":0,"event_name":"The Woman in Blue","floor":2,"gold_loss":0},{"damage_healed":0,"gold_gain":0,"player_choice":"Success","damage_taken":18,"relics_obtained":["Smiling Mask"],"max_hp_gain":0,"max_hp_loss":0,"event_name":"Scrap Ooze","floor":4,"gold_loss":0},{"damage_healed":0,"gold_gain":0,"player_choice":"Lose Max HP","damage_taken":0,"relics_obtained":["Golden Idol"],"max_hp_gain":0,"max_hp_loss":6,"event_name":"Golden Idol","floor":5,"gold_loss":0},{"damage_healed":0,"gold_gain":0,"player_choice":"Traded Relic","damage_taken":0,"relics_obtained":["Nloth\u0027s Gift"],"max_hp_gain":0,"max_hp_loss":0,"event_name":"N\u0027loth","floor":20,"relics_lost":["Golden Idol"],"gold_loss":0},{"damage_healed":0,"gold_gain":0,"player_choice":"Ignored","damage_taken":0,"max_hp_gain":0,"max_hp_loss":0,"event_name":"Beggar","floor":30,"gold_loss":0},{"damage_healed":0,"gold_gain":0,"player_choice":"Memory 2","damage_taken":5,"max_hp_gain":0,"max_hp_loss":0,"event_name":"SensoryStone","floor":36,"gold_loss":0},{"damage_healed":0,"gold_gain":0,"player_choice":"Copied","damage_taken":0,"max_hp_gain":0,"max_hp_loss":0,"event_name":"Duplicator","floor":39,"gold_loss":0,"cards_obtained":["Storm"]}],"is_beta":false,"boss_relics":[{"not_picked":["Runic Pyramid","Busted Crown"],"picked":"Sozu"},{"not_picked":["Coffee Dripper","Eternal Feather"],"picked":"FrozenCore"}],"items_purged_floors":[],"is_endless":false,"potions_floor_spawned":[8,12,14,23,28,33,37,42,48],"killed_by":"Awakened One","ascension_level":0}