{"gold_per_floor":[116,116,116,116,127,159,159,184,184,38,38,48,48,77,77,179,179,195,195,209,225,43,43,62,81,81,81,107,126,141,141,141,236,236,252,5,17,17,35,35,46,81,160,194,206,11,11,11,11,11,11,11,11,41,41],"floor_reached":55,"playtime":3095,"items_purged":["Pain","Strike_B"],"score":905,"play_id":"1d9896f0-cdb3-4749-a177-c4e822d5c675","local_time":"20190415185109","is_ascension_mode":true,"campfire_choices":[{"data":"Defragment","floor":13.0,"key":"SMITH"},{"floor":15.0,"key":"REST"},{"data":"Loop","floor":23.0,"key":"SMITH"},{"floor":27.0,"key":"REST"},{"floor":32.0,"key":"REST"},{"data":"Double Energy","floor":40.0,"key":"SMITH"},{"floor":45.0,"key":"REST"},{"floor":47.0,"key":"RECALL"},{"floor":49.0,"key":"REST"},{"data":"Echo Form","floor":52.0,"key":"SMITH"}],"neow_cost":"NONE","seed_source_timestamp":1463393615512384,"circlet_count":0,"master_deck":["Defend_B","Zap","Dualcast","Glacier","Cold Snap","White Noise","Defragment+1","Ball Lightning","Rainbow","Undo","Hologram","Blizzard+1","Loop+1","Double Energy+1","Barrage+1","Echo Form+1","Ball Lightning+1","Consume+1","BootSequence","Chill+1","Rebound"],"special_seed":0,"relics":["Cracked Core","NeowsBlessing","WarpedTongs","Dodecahedron","Singing Bowl","Sundial","Centennial Puzzle","Inserter","Pocketwatch","Incense Burner","Astrolabe","Gremlin Horn","Letter Opener","Mercury Hourglass","MawBank","PreservedInsect","Bronze Scales"],"potions_floor_usage":[55],"damage_taken":[{"damage":0.0,"enemies":"Cultist","floor":1.0,"turns":1.0},{"damage":0.0,"enemies":"Small Slimes","floor":5.0,"turns":1.0},{"damage":2.0,"enemies":"3 Sentries","floor":6.0,"turns":1.0},{"damage":35.0,"enemies":"Lagavulin","floor":8.0,"turns":7.0},{"damage":4.0,"enemies":"2 Louse","floor":12.0,"turns":2.0},{"damage":12.0,"enemies":"3 Sentries","floor":14.0,"turns":9.0},{"damage":10.0,"enemies":"The Guardian","floor":16.0,"turns":12.0},{"damage":0.0,"enemies":"Spheric Guardian","floor":18.0,"turns":3.0},{"damage":3.0,"enemies":"3 Byrds","floor":20.0,"turns":5.0},{"damage":6.0,"enemies":"Snake Plant","floor":21.0,"turns":5.0},{"damage":7.0,"enemies":"Centurion and Healer","floor":24.0,"turns":8.0},{"damage":15.0,"enemies":"Snecko","floor":25.0,"turns":6.0},{"damage":46.0,"enemies":"Slavers","floor":28.0,"turns":8.0},{"damage":16.0,"enemies":"3 Cultists","floor":29.0,"turns":7.0},{"damage":5.0,"enemies":"Shelled Parasite and Fungi","floor":30.0,"turns":6.0},{"damage":0.0,"enemies":"Chosen and Byrds","floor":31.0,"turns":1.0},{"damage":1.0,"enemies":"Champ","floor":33.0,"turns":14.0},{"damage":0.0,"enemies":"Orb Walker","floor":35.0,"turns":3.0},{"damage":14.0,"enemies":"3 Shapes","floor":37.0,"turns":2.0},{"damage":7.0,"enemies":"Sphere and 2 Shapes","floor":39.0,"turns":4.0},{"damage":12.0,"enemies":"Jaw Worm Horde","floor":41.0,"turns":4.0},{"damage":0.0,"enemies":"Nemesis","floor":42.0,"turns":9.0},{"damage":20.0,"enemies":"Reptomancer","floor":44.0,"turns":4.0},{"damage":33.0,"enemies":"Awakened One","floor":50.0,"turns":15.0},{"damage":67.0,"enemies":"Shield and Spear","floor":54.0,"turns":8.0},{"damage":9,"enemies":"The Heart","floor":55,"turns":3}],"seed_played":"-7686772114513218933","potions_obtained":[{"floor":1.0,"key":"Regen Potion"},{"floor":12.0,"key":"SpeedPotion"},{"floor":16.0,"key":"SteroidPotion"},{"floor":20.0,"key":"SpeedPotion"},{"floor":29.0,"key":"SmokeBomb"},{"floor":30.0,"key":"Fire Potion"},{"floor":35.0,"key":"FearPotion"}],"is_trial":false,"path_per_floor":["M","?","?","?","M","E","T","E","T","$","?","M","R","E","R","B",null,"M","?","M","M","$","R","M","M","T","R","E","M","M","M","R","B",null,"M","$","M","$","M","R","M","E","T","E","R","$","R","?","R","B",null,"R","$","E","B"],"character_chosen":"DEFECT","items_purchased":["Defragment","Loop","Gremlin Horn","PreservedInsect","SpeedPotion"],"campfire_rested":5,"item_purchase_floors":[10,22,36,46,46],"current_hp_per_floor":[75,68,68,68,68,66,66,45,45,45,45,43,43,31,54,44,77,79,79,76,70,70,70,65,52,52,76,30,16,11,11,36,35,85,85,85,71,71,66,66,56,58,58,40,67,67,67,67,93,60,93,93,93,28,19],"gold":41,"neow_bonus":"THREE_ENEMY_KILL","is_prod":false,"is_daily":false,"chose_seed":false,"campfire_upgraded":4,"win_rate":0,"timestamp":1555321869,"path_taken":["M","?","?","?","?","E","?","E","T","?","?","M","R","E","R","BOSS","M","?","?","M","$","R","M","?","T","R","E","M","M","M","R","BOSS","M","$","M","$","M","R","M","E","T","E","R","$","R","?","R","BOSS","R","$","E","BOSS"],"build_version":"2019-01-23","purchased_purges":2,"victory":false,"max_hp_per_floor":[75,75,75,75,75,75,75,75,75,75,75,77,77,77,77,77,77,79,79,79,79,79,79,81,83,83,83,83,85,85,85,85,85,85,85,85,85,85,87,87,89,91,91,93,93,93,93,93,93,93,93,93,93,95,95],"card_choices":[{"not_picked":["Doom and Gloom","Cold Snap"],"picked":"Glacier","floor":1.0},{"not_picked":["Compile Driver","Hello World","Leap"],"picked":"SKIP","floor":5.0},{"not_picked":["BootSequence","FTL"],"picked":"Cold Snap","floor":6.0},{"not_picked":["Undo","Leap"],"picked":"White Noise","floor":8.0},{"not_picked":["Turbo","Steam Power","Stack"],"picked":"Singing Bowl","floor":12.0},{"not_picked":["Lockon","Fission"],"picked":"Ball Lightning","floor":14.0},{"not_picked":["Seek","Hyperbeam"],"picked":"Rainbow","floor":16.0},{"not_picked":["Steam Power","Rip and Tear","Gash"],"picked":"Singing Bowl","floor":18.0},{"not_picked":["Lockon","Redo"],"picked":"Hologram","floor":20.0},{"not_picked":["Rebound","Barrage"],"picked":"Blizzard+1","floor":21.0},{"not_picked":["Blizzard","Sweeping Beam","Fusion"],"picked":"Singing Bowl","floor":24.0},{"not_picked":["All For One","Cold Snap+1","Compile Driver"],"picked":"Singing Bowl","floor":25.0},{"not_picked":["FTL","Ball Lightning"],"picked":"Double Energy","floor":28.0},{"not_picked":["Steam Power","Beam Cell+1","Conserve Battery"],"picked":"Singing Bowl","floor":29.0},{"not_picked":["Go for the Eyes","Stack"],"picked":"Barrage+1","floor":30.0},{"not_picked":["Fission","Rainbow"],"picked":"Echo Form","floor":33.0},{"not_picked":["Stack","Rebound+1"],"picked":"BootSequence","floor":35.0},{"not_picked":["Redo+1","Leap+1"],"picked":"Chill+1","floor":37.0},{"not_picked":["Turbo+1","Cold Snap","Hello World"],"picked":"Singing Bowl","floor":39.0},{"not_picked":["FTL","Leap+1","Melter+1"],"picked":"Singing Bowl","floor":41.0},{"not_picked":["Hologram+1","Heatsinks","Leap"],"picked":"Singing Bowl","floor":42.0},{"not_picked":["Static Discharge","Steam+1","Aggregate+1"],"picked":"Singing Bowl","floor":44.0},{"not_picked":["Stack+1","Multi-Cast","Beam Cell+1"],"picked":"Singing Bowl","floor":54.0}],"player_experience":214107,"relics_obtained":[{"floor":6.0,"key":"Dodecahedron"},{"floor":7.0,"key":"Singing Bowl"},{"floor":8.0,"key":"Sundial"},{"floor":14.0,"key":"Centennial Puzzle"},{"floor":26.0,"key":"Pocketwatch"},{"floor":28.0,"key":"Incense Burner"},{"floor":42.0,"key":"Letter Opener"},{"floor":43.0,"key":"Mercury Hourglass"},{"floor":44.0,"key":"MawBank"},{"floor":54.0,"key":"Bronze Scales"}],"event_choices":[{"cards_removed":["Strike_B"],"damage_healed":0.0,"max_hp_gain":0.0,"max_hp_loss":0.0,"gold_gain":0.0,"event_name":"Golden Wing","player_choice":"Card Removal","floor":2.0,"gold_loss":0.0,"damage_taken":7.0},{"cards_removed":["Defend_B"],"damage_healed":0.0,"max_hp_gain":0.0,"max_hp_loss":0.0,"gold_gain":0.0,"event_name":"Living Wall","player_choice":"Forget","floor":3.0,"gold_loss":0.0,"damage_taken":0.0},{"damage_healed":0.0,"max_hp_gain":0.0,"max_hp_loss":0.0,"gold_gain":0.0,"event_name":"Accursed Blacksmith","player_choice":"Rummage","floor":4.0,"gold_loss":0.0,"damage_taken":0.0,"relics_obtained":["WarpedTongs"],"cards_obtained":["Pain"]},{"damage_healed":0.0,"max_hp_gain":0.0,"max_hp_loss":0.0,"gold_gain":0.0,"event_name":"Liars Game","player_choice":"Ignored","floor":11.0,"gold_loss":0.0,"damage_taken":0.0},{"damage_healed":0.0,"max_hp_gain":0.0,"max_hp_loss":0.0,"gold_gain":0.0,"cards_transformed":["Strike_B"],"event_name":"Transmorgrifier","player_choice":"Transformed","floor":19.0,"gold_loss":0.0,"damage_taken":0.0,"cards_obtained":["Undo"]},{"damage_healed":0.0,"max_hp_gain":0.0,"max_hp_loss":0.0,"gold_gain":0.0,"cards_transformed":["Aggregate"],"event_name":"Transmorgrifier","player_choice":"Transformed","floor":48.0,"gold_loss":0.0,"damage_taken":0.0,"cards_obtained":["Rebound"]}],"is_beta":false,"boss_relics":[{"not_picked":["Philosopher\u0027s Stone","Coffee Dripper"],"picked":"Inserter"},{"not_picked":["Eternal Feather","Runic Dome"],"picked":"Astrolabe"}],"items_purged_floors":[10,22],"is_endless":false,"potions_floor_spawned":[1,12,16,20,29,30,31,35,37],"killed_by":"The Heart","ascension_level":3}