{"gold_per_floor":[112,129,48,48,66,95,95,95,167,185,216,391,391,409,409,508,508,520,520,530,530,547,547,230,246,273,305,319,319,339,339,339,438,438,451,451,451,451,462,462,489,144,144,157,5,25,25,60,60,60],"floor_reached":51,"playtime":2367,"items_purged":["Defend_B+1","Doubt"],"score":760,"play_id":"d7158677-f1b2-477d-bb59-a1483c103c40","local_time":"20190509140523","is_ascension_mode":false,"campfire_choices":[{"data":"Lockon","floor":8,"key":"SMITH"},{"floor":13,"key":"REST"},{"floor":15,"key":"REST"},{"data":"Static Discharge","floor":23,"key":"SMITH"},{"floor":29,"key":"REST"},{"floor":32,"key":"REST"},{"data":"Self Repair","floor":40,"key":"SMITH"},{"floor":49,"key":"REST"}],"neow_cost":"NONE","seed_source_timestamp":0,"circlet_count":0,"master_deck":["Strike_B+1","Strike_B+1","Strike_B+1","Defend_B+1","Defend_B+1","Defend_B+1","Zap","Dualcast","Conserve Battery","Sweeping Beam","Lockon+1","Leap","Capacitor","Ball Lightning+1","Static Discharge+1","BootSequence","Hyperbeam+1","Loop","Leap+1","Genetic Algorithm+1","Rip and Tear+1","Leap+1","White Noise","Static Discharge+1","Biased Cognition","Redo+1","Self Repair+1","Consume+1"],"special_seed":0,"relics":["Cracked Core","NeowsBlessing","Bronze Scales","Molten Egg 2","Question Card","Busted Crown","Singing Bowl","Lantern","Omamori","Sozu","Regal Pillow","Mercury Hourglass","PreservedInsect","DataDisk","Centennial Puzzle","Calipers"],"potions_floor_usage":[22,27,33,33,33],"damage_taken":[{"damage":0.0,"enemies":"Small Slimes","floor":1.0,"turns":1.0},{"damage":0.0,"enemies":"2 Louse","floor":2.0,"turns":1.0},{"damage":0.0,"enemies":"Jaw Worm","floor":5.0,"turns":1.0},{"damage":27.0,"enemies":"3 Sentries","floor":6.0,"turns":8.0},{"damage":7,"enemies":"Exordium Wildlife","floor":10,"turns":4},{"damage":15,"enemies":"Lagavulin","floor":11,"turns":5},{"damage":8,"enemies":"3 Louse","floor":14,"turns":3},{"damage":27,"enemies":"Slime Boss","floor":16,"turns":7},{"damage":0,"enemies":"3 Byrds","floor":18,"turns":2},{"damage":21,"enemies":"Spheric Guardian","floor":20,"turns":5},{"damage":6,"enemies":"Snake Plant","floor":22,"turns":3},{"damage":33,"enemies":"Shelled Parasite and Fungi","floor":25,"turns":5},{"damage":6,"enemies":"Slavers","floor":27,"turns":3},{"damage":3,"enemies":"Cultist and Chosen","floor":28,"turns":4},{"damage":7,"enemies":"Centurion and Healer","floor":30,"turns":4},{"damage":45,"enemies":"Automaton","floor":33,"turns":8},{"damage":8,"enemies":"3 Shapes","floor":35,"turns":3},{"damage":8,"enemies":"Orb Walker","floor":39,"turns":4},{"damage":44,"enemies":"Reptomancer","floor":41,"turns":6},{"damage":5,"enemies":"3 Darklings","floor":44,"turns":3},{"damage":1,"enemies":"4 Shapes","floor":46,"turns":2},{"damage":17,"enemies":"Nemesis","floor":48,"turns":5},{"damage":22,"enemies":"Time Eater","floor":50,"turns":8}],"seed_played":"-3794997376473690675","potions_obtained":[{"floor":11,"key":"AttackPotion"},{"floor":14,"key":"Swift Potion"},{"floor":16,"key":"Dexterity Potion"},{"floor":25,"key":"Ancient Potion"},{"floor":30,"key":"Swift Potion"},{"floor":33,"key":"Strength Potion"}],"is_trial":false,"path_per_floor":["M","M","$","?","M","E","?","R","T","M","E","?","R","M","R","B",null,"M","?","M","?","M","R","$","M","T","E","M","R","M","?","R","B",null,"M","?","?","?","M","R","E","$","T","M","$","M","?","E","R","B",null],"character_chosen":"DEFECT","items_purchased":["Lockon","Singing Bowl","Mercury Hourglass","DataDisk"],"campfire_rested":5,"item_purchase_floors":[3,24,42,45],"current_hp_per_floor":[75,75,75,75,75,48,41,41,41,34,19,19,41,33,55,28,75,75,75,54,54,48,48,48,17,17,11,8,31,24,24,47,2,77,69,77,77,79,71,71,37,37,37,34,34,35,35,30,70,48],"gold":60,"neow_bonus":"THREE_ENEMY_KILL","is_prod":false,"is_daily":false,"chose_seed":false,"campfire_upgraded":3,"win_rate":0,"timestamp":1557403523,"path_taken":["M","M","$","?","M","E","?","R","T","M","E","?","R","M","R","BOSS","M","?","M","?","M","R","?","?","T","E","M","R","M","?","R","BOSS","M","?","?","?","?","R","E","?","T","M","$","?","?","E","R","BOSS"],"build_version":"2019-05-07","purchased_purges":2,"victory":true,"max_hp_per_floor":[75,75,75,75,75,75,75,75,75,75,75,75,75,75,75,75,75,75,75,75,75,75,75,75,77,77,77,77,77,77,77,77,77,77,77,77,77,79,79,79,79,79,79,81,81,83,83,85,85,85],"card_choices":[{"not_picked":["Sweeping Beam","Hologram"],"picked":"Conserve Battery","floor":1.0},{"not_picked":["Heatsinks","Barrage"],"picked":"Sweeping Beam","floor":2.0},{"not_picked":["Barrage","Go for the Eyes"],"picked":"Leap","floor":5.0},{"not_picked":["Steam","Rainbow"],"picked":"Capacitor","floor":6.0},{"not_picked":["Conserve Battery","Gash+1"],"picked":"Ball Lightning+1","floor":10},{"not_picked":["Steam","Self Repair"],"picked":"Static Discharge","floor":11},{"not_picked":["Darkness","Stack","Compile Driver+1"],"picked":"BootSequence","floor":14},{"not_picked":["Meteor Strike+1","Core Surge+1","Seek"],"picked":"Hyperbeam+1","floor":16},{"not_picked":["Go for the Eyes+1"],"picked":"Loop","floor":18},{"not_picked":["Coolheaded+1"],"picked":"Leap+1","floor":20},{"not_picked":["Glacier+1"],"picked":"Genetic Algorithm+1","floor":22},{"not_picked":["Rebound+1","Stack"],"picked":"Singing Bowl","floor":25},{"not_picked":["Redo"],"picked":"Rip and Tear+1","floor":27},{"not_picked":["Loop+1"],"picked":"Leap+1","floor":28},{"not_picked":["Consume"],"picked":"White Noise","floor":30},{"not_picked":["Seek"],"picked":"Biased Cognition","floor":33},{"not_picked":["Lockon+1"],"picked":"Redo+1","floor":35},{"not_picked":["Jack Of All Trades","Transmutation"],"picked":"Singing Bowl","floor":38},{"not_picked":["Melter+1"],"picked":"Self Repair","floor":39},{"not_picked":["Turbo+1"],"picked":"Consume+1","floor":41},{"not_picked":["Go for the Eyes+1","Stack+1"],"picked":"Singing Bowl","floor":44},{"not_picked":["Cold Snap+1","Redo+1"],"picked":"Singing Bowl","floor":46},{"not_picked":["Loop","Heatsinks+1"],"picked":"Singing Bowl","floor":48}],"player_experience":342795,"relics_obtained":[{"floor":6.0,"key":"Bronze Scales"},{"floor":9,"key":"Molten Egg 2"},{"floor":11,"key":"Question Card"},{"floor":26,"key":"Lantern"},{"floor":27,"key":"Omamori"},{"floor":41,"key":"Regal Pillow"},{"floor":43,"key":"PreservedInsect"},{"floor":48,"key":"Calipers"}],"event_choices":[{"damage_healed":0.0,"max_hp_gain":0.0,"max_hp_loss":0.0,"gold_gain":0.0,"event_name":"The Cleric","player_choice":"Leave","floor":4.0,"gold_loss":0.0,"damage_taken":0.0},{"cards_removed":["Strike_B"],"damage_healed":0.0,"max_hp_gain":0.0,"max_hp_loss":0.0,"gold_gain":0.0,"event_name":"Golden Wing","player_choice":"Card Removal","floor":7.0,"gold_loss":0.0,"damage_taken":7.0},{"damage_healed":0,"gold_gain":175,"player_choice":"AGREE","damage_taken":0,"max_hp_gain":0,"max_hp_loss":0,"event_name":"Liars Game","floor":12,"gold_loss":0,"cards_obtained":["Doubt"]},{"damage_healed":0,"gold_gain":0,"player_choice":"Ignored","damage_taken":0,"max_hp_gain":0,"max_hp_loss":0,"event_name":"Vampires","floor":19,"gold_loss":0},{"damage_healed":0,"gold_gain":0,"player_choice":"Simplicity","damage_taken":0,"max_hp_gain":0,"max_hp_loss":0,"event_name":"Back to Basics","floor":21,"gold_loss":0,"cards_upgraded":["Strike_B","Strike_B","Strike_B","Defend_B","Defend_B","Defend_B","Defend_B"]},{"damage_healed":0,"gold_gain":0,"player_choice":"Copied","damage_taken":0,"max_hp_gain":0,"max_hp_loss":0,"event_name":"Duplicator","floor":31,"gold_loss":0,"cards_obtained":["Static Discharge"]},{"damage_healed":19,"gold_gain":0,"player_choice":"Writhe","damage_taken":0,"max_hp_gain":0,"max_hp_loss":0,"event_name":"Winding Halls","floor":36,"gold_loss":0,"cards_obtained":["Writhe"]},{"damage_healed":0,"gold_gain":0,"player_choice":"Ignored","damage_taken":0,"max_hp_gain":0,"max_hp_loss":0,"event_name":"Tomb of Lord Red Mask","floor":37,"gold_loss":0},{"damage_healed":0,"gold_gain":0,"player_choice":"Memory 1","damage_taken":0,"max_hp_gain":0,"max_hp_loss":0,"event_name":"SensoryStone","floor":38,"gold_loss":0},{"damage_healed":0,"gold_gain":0,"player_choice":"Gave Potion","damage_taken":0,"relics_obtained":["Centennial Puzzle"],"max_hp_gain":0,"max_hp_loss":0,"event_name":"WeMeetAgain","floor":47,"gold_loss":0}],"is_beta":true,"boss_relics":[{"not_picked":["Runic Dome","Cursed Key"],"picked":"Busted Crown"},{"not_picked":["Fusion Hammer","Astrolabe"],"picked":"Sozu"}],"items_purged_floors":[24,42],"is_endless":false,"potions_floor_spawned":[11,14,16,20,25,30,33,35,41,46,48],"ascension_level":0}