{"gold_per_floor":[99,99,99,10,10,10,10,10,10,10,10,10,10,10,10,10,10,0,0,0,0,0,0,0,0,0,0,0,0,0,0,0,0,0,0,0,0,0,0,0,0,0,0,0,0,0,0,0,0,0],"floor_reached":50,"playtime":2282,"items_purged":[],"score":574,"play_id":"eb891f40-ab60-411f-bb45-2f5f5543ea70","local_time":"20190505115723","is_ascension_mode":false,"campfire_choices":[{"data":"Accuracy","floor":6,"key":"SMITH"},{"data":"Cloak And Dagger","floor":8,"key":"SMITH"},{"floor":15,"key":"REST"},{"data":"A Thousand Cuts","floor":23,"key":"SMITH"},{"data":"Noxious Fumes","floor":25,"key":"SMITH"},{"data":"Backstab","floor":27,"key":"SMITH"},{"floor":32,"key":"REST"},{"data":"Dodge and Roll","floor":40,"key":"SMITH"},{"floor":44,"key":"REST"},{"data":"Bouncing Flask","floor":46,"key":"SMITH"},{"data":"Sucker Punch","floor":47,"key":"SMITH"},{"floor":49,"key":"REST"}],"neow_cost":"NONE","seed_source_timestamp":1041005573373373,"circlet_count":0,"master_deck":["Defend_G+1","Defend_G+1","Defend_G+1","Defend_G+1","Defend_G+1","Strike_G+1","Strike_G+1","Strike_G+1","Survivor+1","Neutralize","Infinite Blades+1","Accuracy+1","Cloak And Dagger+1","Backstab+1","Backflip","Dodge and Roll+1","Sucker Punch+1","A Thousand Cuts+1","Calculated Gamble+1","Concentrate+1","Noxious Fumes+1","Outmaneuver","Footwork+1","Prepared","Blade Dance+1","Bouncing Flask+1","Swift Strike+1"],"relics":["Ectoplasm","Du-Vu Doll","Paper Crane","Busted Crown","MutagenicStrength","MawBank","Matryoshka","Dodecahedron","WingedGreaves","Molten Egg 2","WristBlade","Nunchaku","Tough Bandages","War Paint","Thread and Needle","Juzu Bracelet"],"potions_floor_usage":[24,33,33,36,50,50],"damage_taken":[{"damage":0,"enemies":"Small Slimes","floor":1,"turns":3},{"damage":0,"enemies":"2 Louse","floor":7,"turns":3},{"damage":3,"enemies":"Jaw Worm","floor":10,"turns":2},{"damage":6,"enemies":"Gremlin Gang","floor":12,"turns":4},{"damage":0,"enemies":"3 Louse","floor":13,"turns":3},{"damage":0,"enemies":"2 Fungi Beasts","floor":14,"turns":3},{"damage":11,"enemies":"Slime Boss","floor":16,"turns":11},{"damage":16,"enemies":"2 Thieves","floor":18,"turns":4},{"damage":8,"enemies":"Shell Parasite","floor":21,"turns":4},{"damage":0,"enemies":"Gremlin Leader","floor":24,"turns":4},{"damage":6,"enemies":"3 Cultists","floor":28,"turns":4},{"damage":0,"enemies":"Cultist and Chosen","floor":30,"turns":5},{"damage":14,"enemies":"Book of Stabbing","floor":31,"turns":5},{"damage":31,"enemies":"Collector","floor":33,"turns":9},{"damage":16,"enemies":"3 Darklings","floor":35,"turns":5},{"damage":49,"enemies":"2 Orb Walkers","floor":36,"turns":5},{"damage":2,"enemies":"Orb Walker","floor":41,"turns":3},{"damage":23,"enemies":"Nemesis","floor":42,"turns":7},{"damage":6,"enemies":"Reptomancer","floor":45,"turns":5},{"damage":66,"enemies":"Awakened One","floor":50,"turns":11}],"seed_played":"6060402388335116753","potions_obtained":[{"floor":12,"key":"Explosive Potion"},{"floor":16,"key":"Poison Potion"},{"floor":31,"key":"LiquidBronze"},{"floor":33,"key":"AttackPotion"},{"floor":36,"key":"Poison Potion"},{"floor":42,"key":"Ancient Potion"}],"is_trial":false,"path_per_floor":["M","?","?","$","?","R","M","R","T","M","?","M","M","M","R","B",null,"M","$","?","M","?","R","E","R","T","R","M","T","M","E","R","B",null,"M","?","?","$","?","R","M","E","T","R","E","R","R","?","R","B"],"character_chosen":"THE_SILENT","items_purchased":["Accuracy","Cloak And Dagger"],"campfire_rested":4,"item_purchase_floors":[4,4],"current_hp_per_floor":[70,63,49,49,49,49,49,49,49,46,39,33,33,33,54,43,70,54,54,54,46,46,46,46,46,46,46,40,40,40,26,47,16,70,54,5,61,61,61,61,59,36,36,54,48,48,48,48,61,0],"gold":0,"neow_bonus":"BOSS_RELIC","is_prod":false,"is_daily":false,"chose_seed":false,"campfire_upgraded":8,"win_rate":0,"timestamp":1557050243,"path_taken":["M","?","?","$","?","R","M","R","T","M","?","?","?","M","R","BOSS","M","$","?","M","?","R","E","R","T","R","M","?","?","E","R","BOSS","M","?","?","?","?","R","M","E","T","R","E","R","R","?","R","BOSS"],"build_version":"2019-04-23","purchased_purges":0,"victory":false,"max_hp_per_floor":[70,70,70,70,70,70,70,70,70,70,70,70,70,70,70,70,70,70,70,70,70,70,70,70,70,70,70,70,70,70,70,70,70,70,70,70,61,61,61,61,61,61,61,61,61,61,61,61,61,61],"card_choices":[{"not_picked":["Quick Slash","Bane"],"picked":"Infinite Blades","floor":1},{"not_picked":["PiercingWail","Bane"],"picked":"Backstab","floor":7},{"not_picked":["Deflect","Sucker Punch"],"picked":"Backflip","floor":10},{"not_picked":["Deflect","Calculated Gamble"],"picked":"Dodge and Roll","floor":12},{"not_picked":["Eviscerate","Acrobatics"],"picked":"Sucker Punch","floor":13},{"not_picked":["Reflex","Deadly Poison","Bane"],"picked":"SKIP","floor":14},{"not_picked":["Night Terror","Bullet Time"],"picked":"A Thousand Cuts","floor":16},{"not_picked":[],"picked":"Calculated Gamble","floor":18},{"not_picked":[],"picked":"Concentrate+1","floor":21},{"not_picked":[],"picked":"Noxious Fumes","floor":24},{"not_picked":["Bane"],"picked":"SKIP","floor":28},{"not_picked":["Sucker Punch"],"picked":"SKIP","floor":30},{"not_picked":[],"picked":"Outmaneuver","floor":31},{"not_picked":["Backflip"],"picked":"SKIP","floor":35},{"not_picked":[],"picked":"Footwork+1","floor":36},{"not_picked":[],"picked":"Prepared","floor":41},{"not_picked":[],"picked":"Blade Dance+1","floor":42},{"not_picked":[],"picked":"Bouncing Flask","floor":45},{"not_picked":[],"picked":"Swift Strike+1","floor":48}],"player_experience":336145,"relics_obtained":[{"floor":9,"key":"Du-Vu Doll"},{"floor":24,"key":"MawBank"},{"floor":26,"key":"Matryoshka"},{"floor":29,"key":"Dodecahedron"},{"floor":29,"key":"WingedGreaves"},{"floor":31,"key":"Molten Egg 2"},{"floor":36,"key":"Nunchaku"},{"floor":42,"key":"Tough Bandages"},{"floor":43,"key":"War Paint"},{"floor":43,"key":"Thread and Needle"},{"floor":45,"key":"Juzu Bracelet"}],"event_choices":[{"cards_removed":["Strike_G"],"damage_healed":0,"gold_gain":0,"player_choice":"Card Removal","damage_taken":7,"max_hp_gain":0,"max_hp_loss":0,"event_name":"Golden Wing","floor":2,"gold_loss":0},{"damage_healed":0,"gold_gain":0,"player_choice":"Entered Light","damage_taken":14,"max_hp_gain":0,"max_hp_loss":0,"event_name":"Shining Light","floor":3,"gold_loss":0,"cards_upgraded":["Strike_G","Defend_G"]},{"damage_healed":0,"gold_gain":0,"player_choice":"Grow","damage_taken":0,"max_hp_gain":0,"max_hp_loss":0,"event_name":"Living Wall","floor":5,"gold_loss":0,"cards_upgraded":["Infinite Blades"]},{"damage_healed":0,"gold_gain":0,"player_choice":"Success","damage_taken":7,"relics_obtained":["Paper Crane"],"max_hp_gain":0,"max_hp_loss":0,"event_name":"Scrap Ooze","floor":11,"gold_loss":0},{"damage_healed":0,"gold_gain":0,"player_choice":"Simplicity","damage_taken":0,"max_hp_gain":0,"max_hp_loss":0,"event_name":"Back to Basics","floor":20,"gold_loss":0,"cards_upgraded":["Defend_G","Defend_G","Defend_G","Defend_G","Strike_G","Strike_G","Strike_G"]},{"damage_healed":0,"gold_gain":0,"player_choice":"Inject Mutagens","damage_taken":0,"relics_obtained":["MutagenicStrength"],"max_hp_gain":0,"max_hp_loss":0,"event_name":"Drug Dealer","floor":22,"gold_loss":0},{"damage_healed":0,"gold_gain":0,"player_choice":"Fight","damage_taken":0,"max_hp_gain":0,"max_hp_loss":0,"event_name":"Mysterious Sphere","floor":36,"gold_loss":0},{"damage_healed":61,"gold_gain":0,"player_choice":"Heal","damage_taken":0,"max_hp_gain":0,"max_hp_loss":9,"event_name":"The Moai Head","floor":37,"gold_loss":0},{"cards_removed":["Strike_G"],"damage_healed":0,"gold_gain":0,"player_choice":"Removed Attack","damage_taken":0,"max_hp_gain":0,"max_hp_loss":0,"event_name":"Falling","floor":39,"gold_loss":0},{"damage_healed":0,"gold_gain":0,"player_choice":"Memory 1","damage_taken":0,"max_hp_gain":0,"max_hp_loss":0,"event_name":"SensoryStone","floor":48,"gold_loss":0}],"is_beta":true,"boss_relics":[{"not_picked":["Velvet Choker","Philosopher\u0027s Stone"],"picked":"Busted Crown"},{"not_picked":["Snecko Eye","Empty Cage"],"picked":"WristBlade"}],"items_purged_floors":[],"is_endless":false,"potions_floor_spawned":[12,16,31,33,36,42],"killed_by":"Awakened One","ascension_level":0}