{"gold_per_floor":[216,231,86,36,50,82,157,157,234,234,302,316,316,329,329,434,434,451,54,67,85,12,12,12,12,12,12],"floor_reached":27,"playtime":1018,"items_purged":["Strike_B","Strike_B"],"score":232,"play_id":"fa68d322-de91-46d3-bd1a-5ca17fc9f297","local_time":"20181121213105","is_ascension_mode":true,"campfire_choices":[{"data":"Zap","floor":8,"key":"SMITH"},{"floor":10,"key":"REST"},{"data":"Core Surge","floor":13,"key":"SMITH"},{"data":"Conserve Battery","floor":15,"key":"SMITH"},{"data":"Scrape","floor":23,"key":"SMITH"}],"neow_cost":"NONE","seed_source_timestamp":536090607626707,"circlet_count":0,"master_deck":["Strike_B+1","Defend_B","Defend_B","Defend_B","Defend_B","Zap+1","Dualcast","Ball Lightning+1","Self Repair","Cold Snap","Gash","Core Surge+1","Conserve Battery+1","Machine Learning","Beam Cell","Gash","BootSequence","Go for the Eyes","Conserve Battery","Scrape+1","Reprogram","Hologram+1","Turbo+1"],"relics":["Cracked Core","Whetstone","Gremlin Horn","Orrery","Kunai","Mango"],"potions_floor_usage":[21,27,27,27],"damage_taken":[{"damage":0,"enemies":"Small Slimes","floor":1,"turns":2},{"damage":0,"enemies":"2 Louse","floor":2,"turns":2},{"damage":2,"enemies":"Jaw Worm","floor":5,"turns":3},{"damage":29,"enemies":"3 Sentries","floor":6,"turns":5},{"damage":2,"enemies":"Exordium Thugs","floor":12,"turns":4},{"damage":8,"enemies":"Blue Slaver","floor":14,"turns":2},{"damage":38,"enemies":"Slime Boss","floor":16,"turns":10},{"damage":11,"enemies":"Shell Parasite","floor":18,"turns":6},{"damage":10,"enemies":"3 Byrds","floor":20,"turns":5},{"damage":31,"enemies":"Snake Plant","floor":21,"turns":5},{"damage":66,"enemies":"Gremlin Leader","floor":27,"turns":7}],"seed_played":"8645139444618124108","potions_obtained":[{"floor":2,"key":"SpeedPotion"},{"floor":21,"key":"Poison Potion"}],"is_trial":false,"path_per_floor":["M","M","$","?","M","E","?","R","T","R","?","M","R","M","R","B",null,"M","$","M","M","$","R","?","$","T","E"],"character_chosen":"DEFECT","items_purchased":["Self Repair","Kunai","PowerPotion","Turbo","AttackPotion"],"campfire_rested":1,"item_purchase_floors":[3,19,19,22,22],"current_hp_per_floor":[75,75,75,75,75,46,35,35,35,57,57,62,62,54,54,23,75,71,71,68,44,44,44,44,44,58,0],"gold":12,"neow_bonus":"HUNDRED_GOLD","is_prod":false,"is_daily":false,"chose_seed":false,"campfire_upgraded":4,"win_rate":0,"timestamp":1542832265,"path_taken":["M","M","$","?","M","E","?","R","T","R","?","M","R","M","R","BOSS","M","$","M","M","$","R","?","?","T","E"],"build_version":"2018-11-15","purchased_purges":2,"victory":false,"max_hp_per_floor":[75,75,75,75,75,75,75,75,75,75,75,75,75,75,75,75,75,75,75,75,75,75,75,75,75,89,89],"card_choices":[{"not_picked":["Steam","Turbo","Redo"],"picked":"SKIP","floor":1},{"not_picked":["Streamline","Steam"],"picked":"Ball Lightning","floor":2},{"not_picked":["Hologram","Redo"],"picked":"Cold Snap","floor":5},{"not_picked":["Undo","Reinforced Body"],"picked":"Gash","floor":6},{"not_picked":["Redo","Cold Snap"],"picked":"Core Surge","floor":12},{"not_picked":["Steam","Rip and Tear"],"picked":"Conserve Battery","floor":14},{"not_picked":["Biased Cognition","Amplify"],"picked":"Machine Learning","floor":16},{"not_picked":["Hello World","Coolheaded"],"picked":"Beam Cell","floor":17},{"not_picked":["Cold Snap","Tempest"],"picked":"Gash","floor":17},{"not_picked":["Steam","Leap"],"picked":"BootSequence","floor":17},{"not_picked":["Chaos","Rebound"],"picked":"Go for the Eyes","floor":17},{"not_picked":["Ball Lightning","Glacier"],"picked":"Conserve Battery","floor":17},{"not_picked":["Core Surge","Melter+1"],"picked":"Scrape","floor":18},{"not_picked":["Darkness","Force Field+1"],"picked":"Reprogram","floor":20},{"not_picked":["Compile Driver","Leap"],"picked":"Hologram+1","floor":21}],"player_experience":248654,"relics_obtained":[{"floor":6,"key":"Whetstone"},{"floor":9,"key":"Gremlin Horn"},{"floor":26,"key":"Mango"}],"event_choices":[{"cards_removed":["Strike_B"],"damage_healed":0,"gold_gain":0,"player_choice":"Card Removal","damage_taken":0,"max_hp_gain":0,"max_hp_loss":0,"event_name":"The Cleric","floor":4,"gold_loss":50},{"damage_healed":0,"gold_gain":75,"player_choice":"Gather Gold","damage_taken":11,"max_hp_gain":0,"max_hp_loss":0,"event_name":"World of Goop","floor":7,"gold_loss":0},{"damage_healed":0,"gold_gain":68,"player_choice":"Gained Gold","damage_taken":0,"max_hp_gain":0,"max_hp_loss":0,"event_name":"Golden Wing","floor":11,"gold_loss":0},{"damage_healed":0,"gold_gain":0,"player_choice":"Upgraded","damage_taken":0,"max_hp_gain":0,"max_hp_loss":0,"event_name":"Upgrade Shrine","floor":24,"gold_loss":0,"cards_upgraded":["Turbo"]}],"is_beta":true,"boss_relics":[{"not_picked":["Pandora\u0027s Box","Cursed Key"],"picked":"Orrery"}],"items_purged_floors":[3,19],"is_endless":false,"potions_floor_spawned":[2,21],"killed_by":"Gremlin Leader","ascension_level":2}