{"gold_per_floor":[11,11,86,86,105,105,126,149,218,265,288,288,326,359,359,487,487,512,63,63,76,95,95,113,136,136,261,261,276,376,400,400,400],"floor_reached":33,"playtime":1562,"items_purged":["Strike_B"],"score":298,"play_id":"cfae9e1e-417d-4657-8d67-a609ba4f9a3b","local_time":"20190417160328","is_ascension_mode":true,"campfire_choices":[{"data":"Zap","floor":6.0,"key":"SMITH"},{"floor":12.0,"key":"REST"},{"data":"Streamline","floor":15.0,"key":"SMITH"},{"floor":23,"key":"REST"},{"floor":28,"key":"REST"},{"floor":32,"key":"REST"}],"neow_cost":"NO_GOLD","seed_source_timestamp":1627873134003860,"circlet_count":0,"master_deck":["Strike_B","Strike_B","Defend_B","Defend_B","Defend_B","Defend_B","Zap+1","Dualcast","Undo","Gash","Hologram","Streamline+1","Rebound+1","Turbo","Seek","Hologram+1","Recycle","FTL+1","Go for the Eyes+1","Melter+1","Scrape+1","Pain","Hyperbeam+1","Go for the Eyes+1","Streamline+1"],"special_seed":0,"relics":["Cracked Core","Ginger","Golden Idol","Molten Egg 2","Vajra","Art of War","Odd Mushroom","Cursed Key","Ice Cream","Spirit Poop","Darkstone Periapt","Prayer Wheel","Question Card"],"potions_floor_usage":[29],"damage_taken":[{"damage":10.0,"enemies":"Small Slimes","floor":1.0,"turns":3.0},{"damage":1.0,"enemies":"2 Louse","floor":5.0,"turns":3.0},{"damage":0.0,"enemies":"Cultist","floor":7.0,"turns":3.0},{"damage":16.0,"enemies":"3 Louse","floor":8.0,"turns":3.0},{"damage":0.0,"enemies":"Blue Slaver","floor":11.0,"turns":3.0},{"damage":32.0,"enemies":"Lagavulin","floor":13.0,"turns":6.0},{"damage":4.0,"enemies":"The Mushroom Lair","floor":14.0,"turns":3.0},{"damage":24,"enemies":"Hexaghost","floor":16,"turns":9},{"damage":23,"enemies":"2 Thieves","floor":18,"turns":3},{"damage":0,"enemies":"Spheric Guardian","floor":21,"turns":3},{"damage":7,"enemies":"Centurion and Healer","floor":22,"turns":6},{"damage":7,"enemies":"Chosen and Byrds","floor":24,"turns":4},{"damage":7,"enemies":"Shelled Parasite and Fungi","floor":25,"turns":4},{"damage":21,"enemies":"Colosseum Slavers","floor":27,"turns":4},{"damage":5,"enemies":"Colosseum Nobs","floor":27,"turns":6},{"damage":0,"enemies":"Sentry and Sphere","floor":29,"turns":3},{"damage":23,"enemies":"Centurion and Healer","floor":31,"turns":4},{"damage":23,"enemies":"Champ","floor":33,"turns":5}],"seed_played":"-5705774709282712873","potions_obtained":[{"floor":7.0,"key":"Explosive Potion"},{"floor":8.0,"key":"Regen Potion"},{"floor":21,"key":"GamblersBrew"},{"floor":25,"key":"Energy Potion"},{"floor":27,"key":"FearPotion"}],"is_trial":false,"path_per_floor":["M","?","?","?","M","R","M","M","T","T","M","R","E","?","R","B",null,"M","$","?","M","M","R","M","M","T","?","R","M","?","M","R","B"],"character_chosen":"DEFECT","items_purchased":["Recycle","Ice Cream"],"campfire_rested":4,"item_purchase_floors":[19,19],"current_hp_per_floor":[65,58,47,47,46,46,46,30,30,30,30,52,35,31,31,7,75,52,52,52,52,45,67,60,53,53,27,49,49,49,26,48,25],"gold":400,"neow_bonus":"ONE_RARE_RELIC","is_prod":false,"is_daily":false,"chose_seed":false,"campfire_upgraded":2,"win_rate":0,"timestamp":1555484608,"path_taken":["M","?","?","?","M","R","M","M","T","?","M","R","E","?","R","BOSS","M","$","?","M","M","R","?","M","T","?","R","M","?","?","R","BOSS"],"build_version":"2019-01-23","purchased_purges":1,"victory":false,"max_hp_per_floor":[75,75,75,75,75,75,75,75,75,75,75,75,75,75,75,75,75,75,75,75,75,75,75,75,75,75,75,75,75,75,75,75,75],"card_choices":[{"not_picked":["Go for the Eyes","Leap"],"picked":"Undo","floor":1.0},{"not_picked":["Stack","Go for the Eyes"],"picked":"Gash","floor":5.0},{"not_picked":["Compile Driver","Darkness"],"picked":"Hologram","floor":7.0},{"not_picked":["Tempest","Sweeping Beam"],"picked":"Streamline","floor":8.0},{"not_picked":["Barrage+1","Leap"],"picked":"Rebound+1","floor":11.0},{"not_picked":["Force Field","Scrape+1"],"picked":"Turbo","floor":13.0},{"not_picked":["Multi-Cast","Buffer"],"picked":"Seek","floor":16},{"not_picked":["Fusion+1","Doom and Gloom+1"],"picked":"Hologram+1","floor":18},{"not_picked":["Rip and Tear+1","Turbo"],"picked":"FTL+1","floor":21},{"not_picked":["Barrage+1","Redo+1"],"picked":"Go for the Eyes+1","floor":22},{"not_picked":["Rebound+1","Steam"],"picked":"Melter+1","floor":24},{"not_picked":["Conserve Battery","Ball Lightning+1"],"picked":"Scrape+1","floor":25},{"not_picked":["Rebound+1","Rip and Tear+1","Hologram"],"picked":"Hyperbeam+1","floor":29},{"not_picked":["Barrage+1","Sweeping Beam+1","Hologram","Conserve Battery+1"],"picked":"SKIP","floor":29},{"not_picked":["Sweeping Beam+1","Auto Shields","Turbo"],"picked":"Go for the Eyes+1","floor":31},{"not_picked":["Rip and Tear+1","Aggregate","Doom and Gloom+1"],"picked":"Streamline+1","floor":31}],"player_experience":220096,"relics_obtained":[{"floor":9.0,"key":"Molten Egg 2"},{"floor":10.0,"key":"Vajra"},{"floor":13.0,"key":"Art of War"},{"floor":14.0,"key":"Odd Mushroom"},{"floor":26,"key":"Darkstone Periapt"},{"floor":27,"key":"Prayer Wheel"},{"floor":27,"key":"Question Card"}],"event_choices":[{"cards_removed":["Strike_B"],"damage_healed":0.0,"max_hp_gain":0.0,"max_hp_loss":0.0,"gold_gain":0.0,"event_name":"Golden Wing","player_choice":"Card Removal","floor":2.0,"gold_loss":0.0,"damage_taken":7.0},{"damage_healed":0.0,"max_hp_gain":0.0,"max_hp_loss":0.0,"gold_gain":75.0,"event_name":"World of Goop","player_choice":"Gather Gold","floor":3.0,"gold_loss":0.0,"damage_taken":11.0},{"damage_healed":0.0,"max_hp_gain":0.0,"max_hp_loss":0.0,"gold_gain":0.0,"event_name":"Golden Idol","player_choice":"Take Wound","floor":4.0,"gold_loss":0.0,"damage_taken":0.0,"relics_obtained":["Golden Idol"],"cards_obtained":["Injury"]},{"damage_healed":0.0,"max_hp_gain":0.0,"max_hp_loss":0.0,"gold_gain":0.0,"event_name":"Mushrooms","player_choice":"Fought Mushrooms","floor":14.0,"gold_loss":0.0,"damage_taken":0.0},{"cards_removed":["Injury"],"damage_healed":0,"gold_gain":0,"player_choice":"Offered Curse","damage_taken":0,"relics_obtained":["Spirit Poop"],"max_hp_gain":0,"max_hp_loss":0,"event_name":"Bonfire Elementals","floor":20,"gold_loss":0},{"damage_healed":0,"gold_gain":0,"player_choice":"Fight","damage_taken":0,"max_hp_gain":0,"max_hp_loss":0,"event_name":"Colosseum","floor":27,"gold_loss":0},{"damage_healed":0,"gold_gain":0,"player_choice":"Fought Nobs","damage_taken":0,"max_hp_gain":0,"max_hp_loss":0,"event_name":"Colosseum","floor":27,"gold_loss":0},{"damage_healed":0,"gold_gain":100,"player_choice":"Pray","damage_taken":0,"max_hp_gain":0,"max_hp_loss":0,"event_name":"Golden Shrine","floor":30,"gold_loss":0}],"is_beta":false,"boss_relics":[{"not_picked":["White Beast Statue","Runic Dome"],"picked":"Cursed Key"}],"items_purged_floors":[19],"is_endless":false,"potions_floor_spawned":[7,8,21,25,27],"killed_by":"Champ","ascension_level":4}