{"gold_per_floor":[119,194,194,89,108,108,108,108,108,149,164,164,189,202,202,333,333,353,353,23,23,23,42,42,42,93,133,133,133,152,167,167,286,286,299,318,18,18],"floor_reached":38,"playtime":1636,"items_purged":[],"score":392,"play_id":"06dfe0d9-1e56-4db5-8f61-049a3612047d","local_time":"20180903103148","is_ascension_mode":false,"campfire_choices":[{"floor":6.0,"key":"REST"},{"data":"Zap","floor":8.0,"key":"SMITH"},{"floor":12.0,"key":"REST"},{"data":"Genetic Algorithm","floor":15.0,"key":"SMITH"},{"floor":25.0,"key":"REST"},{"floor":29.0,"key":"REST"},{"floor":32.0,"key":"REST"}],"neow_cost":"NONE","seed_source_timestamp":0,"circlet_count":0,"master_deck":["Strike_B","Strike_B","Strike_B","Strike_B","Defend_B","Defend_B","Defend_B","Defend_B","Zap+1","Dualcast","Genetic Algorithm+1","Self Repair","Stack","Storm","Barrage","Capacitor","Fusion","Cold Snap","Creative AI","Stack+1","Defragment","Rip and Tear","Ball Lightning","Go for the Eyes","Melter","Redo+1","Leap","Echo Form","Lockon+1","Ball Lightning+1"],"special_seed":0,"relics":["Cracked Core","Bag of Preparation","Golden Idol","Happy Flower","Pear","Question Card","Lizard Tail","Cables","Omamori","Kunai","Bottled Tornado","Sozu","Thread and Needle"],"potions_floor_usage":[],"damage_taken":[{"damage":5.0,"enemies":"Jaw Worm","floor":1.0,"turns":4.0},{"damage":0.0,"enemies":"Cultist","floor":5.0,"turns":5.0},{"damage":30.0,"enemies":"Gremlin Nob","floor":10.0,"turns":5.0},{"damage":14.0,"enemies":"Small Slimes","floor":11.0,"turns":4.0},{"damage":7.0,"enemies":"Exordium Wildlife","floor":13.0,"turns":4.0},{"damage":12.0,"enemies":"Blue Slaver","floor":14.0,"turns":4.0},{"damage":58.0,"enemies":"Hexaghost","floor":16.0,"turns":12.0},{"damage":25.0,"enemies":"Shell Parasite","floor":18.0,"turns":5.0},{"damage":11.0,"enemies":"Spheric Guardian","floor":23.0,"turns":4.0},{"damage":43.0,"enemies":"Slavers","floor":27.0,"turns":4.0},{"damage":18.0,"enemies":"Snecko","floor":30.0,"turns":6.0},{"damage":46.0,"enemies":"Chosen and Byrds","floor":31.0,"turns":7.0},{"damage":79.0,"enemies":"Collector","floor":33.0,"turns":13.0},{"damage":59,"enemies":"3 Shapes","floor":35,"turns":6},{"damage":17,"enemies":"Orb Walker","floor":36,"turns":5},{"damage":30,"enemies":"Reptomancer","floor":38,"turns":2}],"seed_played":"5732811960133712444","potions_obtained":[{"floor":1.0,"key":"Poison Potion"},{"floor":10.0,"key":"GamblersBrew"},{"floor":22.0,"key":"Block Potion"},{"floor":22.0,"key":"SpeedPotion"},{"floor":22.0,"key":"Energy Potion"},{"floor":27.0,"key":"PowerPotion"}],"is_trial":false,"path_per_floor":["M","?","?","$","M","R","T","R","T","E","M","R","M","M","R","B",null,"M","?","$","?","?","M","?","R","T","E","T","R","M","M","R","B",null,"M","M","$"],"character_chosen":"DEFECT","items_purchased":["Self Repair","Stack","Cables","Rip and Tear","Ball Lightning","Thread and Needle"],"campfire_rested":5,"item_purchase_floors":[4,4,20,20,20,37],"current_hp_per_floor":[70,59,41,41,48,70,70,70,80,57,50,75,75,70,70,19,85,67,67,67,67,67,63,63,85,85,42,42,67,63,24,49,37,85,33,16,16,0],"gold":18,"neow_bonus":"RANDOM_COMMON_RELIC","is_prod":false,"is_daily":false,"chose_seed":false,"campfire_upgraded":2,"win_rate":0,"timestamp":1535985108,"path_taken":["M","?","?","$","M","R","?","R","T","E","?","R","M","M","R","BOSS","M","?","$","?","?","?","?","R","T","E","?","R","M","M","R","BOSS","M","M","$","M"],"build_version":"2018-08-30","purchased_purges":0,"victory":false,"max_hp_per_floor":[75,75,75,75,75,75,75,75,85,85,85,85,85,85,85,85,85,85,85,85,85,85,85,85,85,85,85,85,85,85,85,85,85,85,85,85,85,85],"card_choices":[{"not_picked":["Loop","Tempest"],"picked":"Genetic Algorithm","floor":1.0},{"not_picked":["Sweeping Beam","Stack"],"picked":"Storm","floor":5.0},{"not_picked":["Turbo","Gash"],"picked":"Barrage","floor":10.0},{"not_picked":["Leap","Stack","Turbo"],"picked":"Capacitor","floor":11.0},{"not_picked":["Conserve Battery","Hologram","Gash"],"picked":"Fusion","floor":13.0},{"not_picked":["Rip and Tear","Blizzard","Compile Driver"],"picked":"Cold Snap","floor":14.0},{"not_picked":["Multi-Cast","Core Surge","Seek"],"picked":"Creative AI","floor":16.0},{"not_picked":["Redo","Streamline","BootSequence"],"picked":"Stack+1","floor":18.0},{"not_picked":["Genetic Algorithm+1","Turbo+1","Sweeping Beam"],"picked":"Go for the Eyes","floor":23.0},{"not_picked":["Ball Lightning","Multi-Cast","Cold Snap"],"picked":"Melter","floor":27.0},{"not_picked":["Conserve Battery","Streamline","Coolheaded"],"picked":"Redo+1","floor":30.0},{"not_picked":["Turbo","Beam Cell","Multi-Cast"],"picked":"Leap","floor":31.0},{"not_picked":["Rainbow","Hyperbeam","Machine Learning"],"picked":"Echo Form","floor":33.0},{"not_picked":["Barrage","Go for the Eyes","Sweeping Beam"],"picked":"Lockon+1","floor":35},{"not_picked":["Barrage+1","Cold Snap+1","Go for the Eyes+1"],"picked":"Ball Lightning+1","floor":36}],"player_experience":103896,"relics_obtained":[{"floor":7.0,"key":"Happy Flower"},{"floor":9.0,"key":"Pear"},{"floor":10.0,"key":"Question Card"},{"floor":26.0,"key":"Omamori"},{"floor":27.0,"key":"Kunai"},{"floor":28.0,"key":"Bottled Tornado"}],"event_choices":[{"event_name":"World of Goop","player_choice":"Gather Gold","floor":2.0,"damage_taken":0.0},{"event_name":"Golden Idol","player_choice":"Take Damage","floor":3.0,"damage_taken":0.0},{"event_name":"The Library","player_choice":"Read","floor":19.0,"damage_taken":0.0},{"event_name":"Ghosts","player_choice":"Ignored","floor":21.0,"damage_taken":0.0},{"event_name":"The Lab","player_choice":"Got Potions","floor":22.0,"damage_taken":0.0}],"is_beta":false,"boss_relics":[{"not_picked":["Ectoplasm","Calling Bell"],"picked":"Lizard Tail"},{"not_picked":["Empty Cage","FrozenCore"],"picked":"Sozu"}],"items_purged_floors":[],"is_endless":false,"potions_floor_spawned":[1,10,27],"killed_by":"Reptomancer","ascension_level":0}