{"gold_per_floor":[110,130,142,142,161,189,206,206,206,217,251,251,285,285,285,409,409,425,350,350,374,374],"floor_reached":22,"playtime":1410,"items_purged":[],"score":237,"play_id":"d27a44db-1849-4042-ba31-f52c71f8ec22","local_time":"20190521013338","is_ascension_mode":true,"campfire_choices":[{"floor":8,"key":"REST"},{"floor":15,"key":"REST"}],"neow_cost":"NONE","seed_source_timestamp":17405391174806,"circlet_count":0,"master_deck":["Strike_R","Strike_R+1","Defend_R+1","Defend_R","Defend_R","Defend_R","Bash+1","Combust","Havoc","Seeing Red","Flame Barrier","Pommel Strike","Pommel Strike","Iron Wave+1","Juggernaut+1","Warcry+1","Juggernaut+1","Combust+1"],"relics":["Burning Blood","Frozen Egg 2","Toxic Egg 2","Whetstone","Champion Belt","Golden Idol","Black Star"],"potions_floor_usage":[6,13,16],"damage_taken":[{"damage":6,"enemies":"2 Louse","floor":1,"turns":2},{"damage":14,"enemies":"Small Slimes","floor":2,"turns":3},{"damage":4,"enemies":"Jaw Worm","floor":3,"turns":3},{"damage":7,"enemies":"Looter","floor":5,"turns":3},{"damage":23,"enemies":"3 Sentries","floor":6,"turns":6},{"damage":11,"enemies":"Red Slaver","floor":7,"turns":3},{"damage":18,"enemies":"Lots of Slimes","floor":10,"turns":2},{"damage":18,"enemies":"Gremlin Nob","floor":11,"turns":4},{"damage":15,"enemies":"Lagavulin","floor":13,"turns":5},{"damage":19,"enemies":"Hexaghost","floor":16,"turns":9},{"damage":31,"enemies":"2 Thieves","floor":18,"turns":4},{"damage":47,"enemies":"Spheric Guardian","floor":21,"turns":8},{"damage":9,"enemies":"3 Cultists","floor":22,"turns":2}],"seed_played":"-7987817458597429522","potions_obtained":[{"floor":3,"key":"GamblersBrew"},{"floor":5,"key":"SkillPotion"},{"floor":11,"key":"PowerPotion"},{"floor":13,"key":"Swift Potion"}],"is_trial":false,"path_per_floor":["M","M","M","?","M","E","M","R","T","M","E","?","E","?","R","B",null,"M","?","?","M","M"],"character_chosen":"IRONCLAD","items_purchased":[],"campfire_rested":2,"item_purchase_floors":[],"current_hp_per_floor":[80,72,74,58,57,40,35,59,59,47,35,28,19,19,41,28,74,49,49,49,8,0],"gold":374,"neow_bonus":"TRANSFORM_CARD","is_prod":false,"is_daily":false,"chose_seed":false,"campfire_upgraded":0,"win_rate":0,"timestamp":1558395218,"path_taken":["M","M","M","?","M","E","M","R","T","M","E","?","E","?","R","BOSS","M","?","?","?","?"],"build_version":"2019-01-23","purchased_purges":0,"victory":false,"max_hp_per_floor":[80,80,80,80,80,80,80,80,80,80,80,80,80,74,74,74,74,74,74,74,74,74],"card_choices":[{"not_picked":["Anger","Power Through"],"picked":"Havoc","floor":1},{"not_picked":["Bloodletting","Flex"],"picked":"Seeing Red","floor":2},{"not_picked":["Uppercut","Thunderclap"],"picked":"Flame Barrier","floor":3},{"not_picked":["Clash","Twin Strike"],"picked":"Pommel Strike","floor":5},{"not_picked":["Heavy Blade","Twin Strike"],"picked":"Pommel Strike","floor":6},{"not_picked":["Headbutt","Shrug It Off"],"picked":"Iron Wave","floor":7},{"not_picked":["Headbutt","Wild Strike","Pommel Strike"],"picked":"SKIP","floor":10},{"not_picked":["Barricade+1","Rage+1"],"picked":"Juggernaut+1","floor":11},{"not_picked":["Perfected Strike","Heavy Blade"],"picked":"Warcry+1","floor":13},{"not_picked":["Limit Break+1","Demon Form+1"],"picked":"Juggernaut+1","floor":16},{"not_picked":["Twin Strike","Headbutt","Iron Wave"],"picked":"SKIP","floor":18},{"not_picked":["Iron Wave","Pummel"],"picked":"Combust+1","floor":21}],"player_experience":144763,"relics_obtained":[{"floor":6,"key":"Frozen Egg 2"},{"floor":9,"key":"Toxic Egg 2"},{"floor":11,"key":"Whetstone"},{"floor":13,"key":"Champion Belt"}],"event_choices":[{"damage_healed":0,"gold_gain":0,"player_choice":"Entered Light","damage_taken":16,"max_hp_gain":0,"max_hp_loss":0,"event_name":"Shining Light","floor":4,"gold_loss":0,"cards_upgraded":["Bash","Defend_R"]},{"cards_removed":["Strike_R"],"damage_healed":0,"gold_gain":0,"player_choice":"Card Removal","damage_taken":7,"max_hp_gain":0,"max_hp_loss":0,"event_name":"Golden Wing","floor":12,"gold_loss":0},{"damage_healed":0,"gold_gain":0,"player_choice":"Lose Max HP","damage_taken":0,"relics_obtained":["Golden Idol"],"max_hp_gain":0,"max_hp_loss":6,"event_name":"Golden Idol","floor":14,"gold_loss":0},{"cards_removed":["Strike_R"],"damage_healed":0,"gold_gain":0,"player_choice":"Gave Gold","damage_taken":0,"max_hp_gain":0,"max_hp_loss":0,"event_name":"Beggar","floor":19,"gold_loss":75},{"damage_healed":0,"gold_gain":0,"player_choice":"0 cards matched","damage_taken":0,"max_hp_gain":0,"max_hp_loss":0,"event_name":"Match and Keep!","floor":20,"gold_loss":0,"cards_obtained":[]}],"is_beta":false,"boss_relics":[{"not_picked":["Tiny House","Calling Bell"],"picked":"Black Star"}],"items_purged_floors":[],"is_endless":false,"potions_floor_spawned":[3,5,11,13],"killed_by":"3 Cultists","ascension_level":3}