{"gold_per_floor":[110,110,124,124,22,54,54,85,112,128,139,139,151,162,162,240,240,258,271,271,271,298,329,329,356,356,356,356,374,402,132,132,206,206,225,574,649,668,684,716,731,757,757,784,527,527,537,537,537,537,537,537,65,95,95],"floor_reached":55,"playtime":6149,"items_purged":[],"score":1642,"play_id":"38155e48-51e4-4be3-91e2-b29275d922cf","local_time":"20190514223353","is_ascension_mode":true,"campfire_choices":[{"data":"True Grit","floor":7.0,"key":"SMITH"},{"floor":12.0,"key":"DIG"},{"floor":15.0,"key":"DIG"},{"data":"Limit Break","floor":24.0,"key":"SMITH"},{"floor":27.0,"key":"REST"},{"data":"Dual Wield","floor":32,"key":"SMITH"},{"floor":46,"key":"RECALL"},{"floor":49,"key":"DIG"},{"floor":52,"key":"DIG"}],"neow_cost":"CURSE","seed_source_timestamp":356507340533600,"circlet_count":0,"master_deck":["AscendersBane","Strike_R+1","Strike_R+1","Strike_R+1","Strike_R+1","Defend_R+1","Defend_R+1","Defend_R+1","Defend_R+1","Bash+1","Pain","Sword Boomerang","Battle Trance","True Grit+1","Feel No Pain","Infernal Blade","Pummel+1","Flex","Shockwave","Shrug It Off","Seeing Red","Limit Break+1","Twin Strike","RitualDagger","Decay","Writhe","Pummel+1","Dual Wield+1","Demon Form","Havoc","Injury","Pommel Strike+1","Limit Break","Pummel","Decay","Shrug It Off+1","Offering","Metallicize","True Grit","Power Through+1","Limit Break","Evolve","Body Slam+1"],"special_seed":0,"relics":["Burning Blood","Du-Vu Doll","Bag of Preparation","Shovel","PreservedInsect","Gremlin Horn","Pocketwatch","Cursed Key","Nilry\u0027s Codex","Regal Pillow","Anchor","Letter Opener","Paper Frog","Sundial","Lee\u0027s Waffle","Mark of Pain","Old Coin","Blue Candle","Blood Vial","Boot","MawBank","Whetstone","Bottled Flame","Kunai","Ornamental Fan"],"potions_floor_usage":[33,36,55,55],"damage_taken":[{"damage":2.0,"enemies":"2 Louse","floor":1.0,"turns":3.0},{"damage":0.0,"enemies":"Cultist","floor":3.0,"turns":2.0},{"damage":18.0,"enemies":"Gremlin Nob","floor":6.0,"turns":3.0},{"damage":18.0,"enemies":"3 Sentries","floor":8.0,"turns":8.0},{"damage":1.0,"enemies":"Small Slimes","floor":10.0,"turns":4.0},{"damage":11.0,"enemies":"Exordium Thugs","floor":11.0,"turns":4.0},{"damage":11.0,"enemies":"Looter","floor":13.0,"turns":3.0},{"damage":3.0,"enemies":"Blue Slaver","floor":14.0,"turns":3.0},{"damage":44.0,"enemies":"The Guardian","floor":16.0,"turns":15.0},{"damage":8.0,"enemies":"3 Byrds","floor":18.0,"turns":4.0},{"damage":3.0,"enemies":"Chosen","floor":19.0,"turns":3.0},{"damage":25.0,"enemies":"Slavers","floor":23.0,"turns":4.0},{"damage":16.0,"enemies":"Book of Stabbing","floor":25.0,"turns":3.0},{"damage":11.0,"enemies":"Centurion and Healer","floor":29.0,"turns":5.0},{"damage":4,"enemies":"Gremlin Leader","floor":30,"turns":2},{"damage":63,"enemies":"Automaton","floor":33,"turns":8},{"damage":0,"enemies":"3 Shapes","floor":35,"turns":2},{"damage":0,"enemies":"2 Orb Walkers","floor":36,"turns":3},{"damage":0,"enemies":"3 Darklings","floor":38,"turns":1},{"damage":21,"enemies":"Spire Growth","floor":39,"turns":3},{"damage":5,"enemies":"Giant Head","floor":40,"turns":5},{"damage":3,"enemies":"4 Shapes","floor":41,"turns":2},{"damage":1,"enemies":"Reptomancer","floor":42,"turns":3},{"damage":22,"enemies":"Nemesis","floor":44,"turns":3},{"damage":11,"enemies":"Transient","floor":47,"turns":5},{"damage":51,"enemies":"Awakened One","floor":50,"turns":6},{"damage":0,"enemies":"Shield and Spear","floor":54,"turns":2},{"damage":77,"enemies":"The Heart","floor":55,"turns":3}],"seed_played":"-5698395265144112007","potions_obtained":[{"floor":2.0,"key":"FearPotion"},{"floor":2.0,"key":"SneckoOil"},{"floor":10.0,"key":"Weak Potion"},{"floor":13.0,"key":"FairyPotion"},{"floor":14.0,"key":"Fire Potion"},{"floor":18.0,"key":"FearPotion"},{"floor":30,"key":"Explosive Potion"},{"floor":35,"key":"EssenceOfSteel"},{"floor":39,"key":"EssenceOfSteel"},{"floor":41,"key":"Block Potion"}],"is_trial":false,"path_per_floor":["M","?","M","?","$","E","R","E","T","M","M","R","M","M","R","B",null,"M","M","?","?","T","E","R","E","T","R","?","M","E","$","R","B",null,"M","?","T","M","M","E","M","E","T","E","$","R","M","?","R","B",null,"R","$","E","B"],"character_chosen":"IRONCLAD","items_purchased":["True Grit","Feel No Pain","Dual Wield","Lee\u0027s Waffle","Offering","Metallicize","True Grit","Kunai","Limit Break","Evolve"],"campfire_rested":1,"item_purchase_floors":[5,5,31,31,45,45,45,53,53,53],"current_hp_per_floor":[72,72,75,75,75,63,63,51,51,56,51,51,46,49,49,11,59,57,60,54,38,38,19,19,9,9,46,46,41,43,82,82,25,68,74,80,80,82,67,68,73,80,80,66,66,66,63,63,63,20,67,67,67,75,0],"gold":95,"neow_bonus":"ONE_RARE_RELIC","is_prod":false,"is_daily":false,"chose_seed":false,"campfire_upgraded":3,"win_rate":0,"timestamp":1557894833,"path_taken":["M","?","?","?","$","E","R","E","T","M","M","R","M","M","R","BOSS","M","M","?","?","?","E","R","E","T","R","?","M","E","$","R","BOSS","M","?","?","M","?","E","M","E","T","E","$","R","M","?","R","BOSS","R","$","E","BOSS"],"build_version":"2019-01-23","purchased_purges":0,"victory":false,"max_hp_per_floor":[75,75,75,75,75,75,75,75,75,75,75,75,75,75,75,75,75,75,75,75,75,75,75,75,75,75,75,75,75,75,82,82,82,82,82,82,82,82,82,82,82,82,82,82,82,82,82,82,82,82,82,82,82,82,82],"card_choices":[{"not_picked":["Warcry","Infernal Blade"],"picked":"Sword Boomerang","floor":1.0},{"not_picked":["Warcry","Carnage"],"picked":"Battle Trance","floor":3.0},{"not_picked":["Pommel Strike","Iron Wave"],"picked":"Infernal Blade","floor":6.0},{"not_picked":["Infernal Blade","Dropkick"],"picked":"Pummel","floor":8.0},{"not_picked":["Infernal Blade","Wild Strike"],"picked":"Flex","floor":10.0},{"not_picked":["Clothesline","Power Through"],"picked":"Shockwave","floor":11.0},{"not_picked":["Power Through","Uppercut"],"picked":"Shrug It Off","floor":13.0},{"not_picked":["Shrug It Off","True Grit"],"picked":"Seeing Red","floor":14.0},{"not_picked":["Demon Form","Double Tap"],"picked":"Limit Break","floor":16.0},{"not_picked":["Whirlwind","Evolve"],"picked":"Rupture","floor":18.0},{"not_picked":["Blood for Blood","Pommel Strike"],"picked":"Twin Strike","floor":19.0},{"not_picked":["Wild Strike","Seeing Red","Intimidate+1"],"picked":"SKIP","floor":23.0},{"not_picked":["Sword Boomerang","Shockwave","Sentinel"],"picked":"SKIP","floor":25.0},{"not_picked":["Shockwave","Metallicize+1"],"picked":"Pummel+1","floor":29},{"not_picked":["Limit Break","Thunderclap","Shrug It Off"],"picked":"SKIP","floor":30},{"not_picked":["Immolate","Brutality"],"picked":"Demon Form","floor":33},{"not_picked":["True Grit","Dropkick+1","Warcry"],"picked":"SKIP","floor":35},{"not_picked":["Wild Strike","Twin Strike"],"picked":"Havoc","floor":36},{"not_picked":["Clothesline","Inflame+1"],"picked":"Pommel Strike+1","floor":38},{"not_picked":["Headbutt+1","Armaments","Infernal Blade"],"picked":"SKIP","floor":39},{"not_picked":["Armaments","Clothesline"],"picked":"Limit Break","floor":40},{"not_picked":["Sentinel","Sever Soul","True Grit"],"picked":"SKIP","floor":41},{"not_picked":["Iron Wave","Flex+1"],"picked":"Pummel","floor":42},{"not_picked":["Entrench+1","Wild Strike"],"picked":"Shrug It Off+1","floor":44},{"not_picked":["Shrug It Off+1","Spot Weakness"],"picked":"Power Through+1","floor":47},{"not_picked":["Rampage","Fire Breathing"],"picked":"Body Slam+1","floor":54}],"player_experience":682697,"relics_obtained":[{"floor":6.0,"key":"Bag of Preparation"},{"floor":8.0,"key":"Shovel"},{"floor":9.0,"key":"PreservedInsect"},{"floor":12.0,"key":"Gremlin Horn"},{"floor":15.0,"key":"Pocketwatch"},{"floor":21.0,"key":"Nilry\u0027s Codex"},{"floor":22.0,"key":"Regal Pillow"},{"floor":23.0,"key":"Anchor"},{"floor":25.0,"key":"Letter Opener"},{"floor":26.0,"key":"Paper Frog"},{"floor":30,"key":"Sundial"},{"floor":36,"key":"Old Coin"},{"floor":37,"key":"Blue Candle"},{"floor":40,"key":"Blood Vial"},{"floor":42,"key":"Boot"},{"floor":44,"key":"MawBank"},{"floor":49,"key":"Whetstone"},{"floor":52,"key":"Bottled Flame"},{"floor":54,"key":"Ornamental Fan"}],"event_choices":[{"damage_healed":0.0,"max_hp_gain":0.0,"max_hp_loss":0.0,"gold_gain":0.0,"event_name":"Lab","player_choice":"Got Potions","floor":2.0,"gold_loss":0.0,"damage_taken":0.0},{"cards_removed":["Strike_R"],"damage_healed":0.0,"max_hp_gain":0.0,"max_hp_loss":0.0,"gold_gain":0.0,"event_name":"Purifier","player_choice":"Purged","floor":4.0,"gold_loss":0.0,"damage_taken":0.0},{"damage_healed":0.0,"max_hp_gain":0.0,"max_hp_loss":0.0,"gold_gain":0.0,"event_name":"Nest","player_choice":"Joined the Cult","floor":20.0,"gold_loss":0.0,"damage_taken":6.0,"cards_obtained":["RitualDagger"]},{"damage_healed":0.0,"max_hp_gain":0.0,"max_hp_loss":0.0,"gold_gain":0.0,"event_name":"Cursed Tome","player_choice":"Obtained Book","floor":21.0,"gold_loss":0.0,"damage_taken":16.0},{"damage_healed":0.0,"max_hp_gain":0.0,"max_hp_loss":0.0,"gold_gain":0.0,"event_name":"Back to Basics","player_choice":"Simplicity","floor":28.0,"gold_loss":0.0,"damage_taken":0.0,"cards_upgraded":["Strike_R","Strike_R","Strike_R","Strike_R","Defend_R","Defend_R","Defend_R","Defend_R"]},{"damage_healed":0,"gold_gain":0,"player_choice":"Fight","damage_taken":0,"max_hp_gain":0,"max_hp_loss":0,"event_name":"Mysterious Sphere","floor":36,"gold_loss":0},{"cards_removed":["Rupture"],"damage_healed":0,"gold_gain":0,"player_choice":"Removed Power","damage_taken":0,"max_hp_gain":0,"max_hp_loss":0,"event_name":"Falling","floor":48,"gold_loss":0}],"is_beta":false,"boss_relics":[{"not_picked":["Velvet Choker","Empty Cage"],"picked":"Cursed Key"},{"not_picked":["Lizard Tail","Fusion Hammer"],"picked":"Mark of Pain"}],"items_purged_floors":[],"is_endless":false,"potions_floor_spawned":[3,10,13,14,18,30,35,39,41,54],"killed_by":"The Heart","ascension_level":14}