{"gold_per_floor":[111,111,122,122,197,197,216,26,26,26,53,72,87,87,87,186,186,200,45,45,45,60,85,85,85,85,103,103,103,26,46,46,142,142,160,160,180,198,106,106,118,118,118,135,164,178,198,213,213,213],"floor_reached":50,"playtime":2082,"items_purged":[],"score":569,"play_id":"48eef491-5065-4da2-b9c6-afa4a7b4be79","local_time":"20181027155152","is_ascension_mode":true,"campfire_choices":[{"data":"Defragment","floor":6,"key":"SMITH"},{"data":"Lockon","floor":10,"key":"SMITH"},{"floor":15,"key":"REST"},{"floor":24,"key":"REST"},{"data":"Reinforced Body","floor":28,"key":"SMITH"},{"data":"Defragment","floor":32,"key":"SMITH"},{"data":"Consume","floor":40,"key":"SMITH"},{"floor":42,"key":"REST"},{"floor":49,"key":"REST"}],"neow_cost":"NONE","seed_source_timestamp":938962408779147,"circlet_count":0,"master_deck":["Defend_B","Defend_B","Defend_B","Defend_B","Zap+1","Dualcast","Defragment+1","Lockon+1","Conserve Battery+1","Go for the Eyes+1","Rip and Tear+1","Core Surge+1","Thunder Strike+1","Static Discharge+1","Ball Lightning+1","Reinforced Body+1","Bite+1","Bite+1","Bite+1","Bite+1","Bite+1","Static Discharge+1","Defragment+1","Capacitor+1","Electrodynamics","Sweeping Beam+1","Barrage+1","Consume+1","Redo","Glacier","Capacitor+1","Ball Lightning+1","Conserve Battery+1","Cold Snap+1"],"relics":["FrozenCore","PreservedInsect","Lee\u0027s Waffle","Molten Egg 2","Shuriken","WingedGreaves","Whetstone","MutagenicStrength","Inserter","Darkstone Periapt","Incense Burner"],"potions_floor_usage":[23,23,46,46,48,48,48,50],"damage_taken":[{"damage":7,"enemies":"Small Slimes","floor":1,"turns":3},{"damage":1,"enemies":"2 Louse","floor":3,"turns":4},{"damage":6,"enemies":"Jaw Worm","floor":7,"turns":3},{"damage":19,"enemies":"Lagavulin","floor":11,"turns":4},{"damage":5,"enemies":"3 Louse","floor":12,"turns":2},{"damage":7,"enemies":"Large Slime","floor":13,"turns":3},{"damage":17,"enemies":"The Guardian","floor":16,"turns":8},{"damage":6,"enemies":"Shell Parasite","floor":18,"turns":5},{"damage":21,"enemies":"3 Byrds","floor":22,"turns":3},{"damage":20,"enemies":"Slavers","floor":23,"turns":2},{"damage":6,"enemies":"Centurion and Healer","floor":27,"turns":8},{"damage":17,"enemies":"Chosen and Byrds","floor":31,"turns":5},{"damage":7,"enemies":"Collector","floor":33,"turns":6},{"damage":14,"enemies":"3 Shapes","floor":35,"turns":2},{"damage":4,"enemies":"Orb Walker","floor":37,"turns":3},{"damage":19,"enemies":"Maw","floor":38,"turns":11},{"damage":39,"enemies":"3 Darklings","floor":41,"turns":2},{"damage":15,"enemies":"4 Shapes","floor":44,"turns":4},{"damage":25,"enemies":"Giant Head","floor":45,"turns":8},{"damage":48,"enemies":"Writhing Mass","floor":46,"turns":4},{"damage":0,"enemies":"Spire Growth","floor":47,"turns":8},{"damage":36,"enemies":"Transient","floor":48,"turns":5},{"damage":53,"enemies":"Awakened One","floor":50,"turns":4}],"seed_played":"7824477393771374395","potions_obtained":[{"floor":1,"key":"Ancient Potion"},{"floor":7,"key":"Ancient Potion"},{"floor":11,"key":"Explosive Potion"},{"floor":12,"key":"Strength Potion"},{"floor":18,"key":"EntropicBrew"},{"floor":33,"key":"FocusPotion"},{"floor":46,"key":"SkillPotion"},{"floor":47,"key":"Regen Potion"},{"floor":48,"key":"LiquidBronze"}],"is_trial":false,"path_per_floor":["M","?","M","?","?","R","M","$","T","R","E","M","M","?","R","B",null,"M","$","?","?","M","E","R","?","T","M","R","?","$","M","R","B",null,"M","?","M","M","$","R","M","R","T","M","E","M","M","M","R"],"character_chosen":"DEFECT","items_purchased":["Lee\u0027s Waffle","Blood Vial","Defragment","Consume","Redo"],"campfire_rested":4,"item_purchase_floors":[8,19,30,39,39],"current_hp_per_floor":[75,75,74,67,56,56,50,89,89,89,70,65,58,63,91,74,94,88,88,88,88,69,51,79,79,79,85,85,85,85,77,77,82,94,80,80,76,81,81,81,48,76,76,64,54,9,24,12,40,0],"gold":213,"neow_bonus":"TEN_PERCENT_HP_BONUS","is_prod":false,"is_daily":false,"chose_seed":false,"campfire_upgraded":5,"win_rate":0,"timestamp":1540669912,"path_taken":["M","?","M","?","?","R","M","$","T","R","E","?","M","?","R","BOSS","M","?","?","?","?","E","R","?","T","M","R","?","$","M","R","BOSS","M","?","?","M","$","R","M","R","T","M","E","M","M","M","R","BOSS"],"build_version":"2018-10-25v2","purchased_purges":0,"victory":false,"max_hp_per_floor":[82,82,82,82,82,82,82,89,89,89,89,89,89,94,94,94,94,94,94,94,94,94,94,94,94,94,94,94,94,94,94,94,94,94,94,94,94,94,94,94,94,94,94,94,94,94,94,94,94,94],"card_choices":[{"not_picked":["Darkness","Gash"],"picked":"Defragment","floor":1},{"not_picked":["Scrape","Aggregate"],"picked":"Lockon","floor":3},{"not_picked":["Redo","Steam"],"picked":"Conserve Battery","floor":7},{"not_picked":["Turbo","Conserve Battery"],"picked":"Go for the Eyes+1","floor":11},{"not_picked":["Compile Driver+1","Reprogram"],"picked":"Rip and Tear+1","floor":12},{"not_picked":["Streamline+1","Turbo"],"picked":"Core Surge+1","floor":13},{"not_picked":["Machine Learning","Biased Cognition"],"picked":"Thunder Strike+1","floor":16},{"not_picked":["Streamline+1","Undo"],"picked":"Static Discharge+1","floor":18},{"not_picked":["Beam Cell+1","Rebound+1"],"picked":"Ball Lightning+1","floor":22},{"not_picked":["Streamline+1","Steam Power"],"picked":"Reinforced Body","floor":23},{"not_picked":["Aggregate+1","Tempest"],"picked":"Static Discharge+1","floor":27},{"not_picked":["Compile Driver+1","Stack"],"picked":"Capacitor+1","floor":31},{"not_picked":["Buffer","Rainbow"],"picked":"Electrodynamics","floor":33},{"not_picked":["Beam Cell+1","Ball Lightning+1"],"picked":"Sweeping Beam+1","floor":35},{"not_picked":["Blizzard+1","Sweeping Beam+1","Compile Driver+1"],"picked":"SKIP","floor":37},{"not_picked":["Hologram+1","Ball Lightning+1"],"picked":"Barrage+1","floor":38},{"not_picked":["Lockon+1","Machine Learning"],"picked":"Glacier","floor":41},{"not_picked":["Go for the Eyes+1","Recycle+1","Streamline+1"],"picked":"SKIP","floor":44},{"not_picked":["Skim","Blizzard+1"],"picked":"Capacitor+1","floor":45},{"not_picked":["Heatsinks","Aggregate+1"],"picked":"Ball Lightning+1","floor":46},{"not_picked":["Auto Shields+1","Hologram+1"],"picked":"Conserve Battery+1","floor":47},{"not_picked":["Leap","Steam+1"],"picked":"Cold Snap+1","floor":48}],"player_experience":179837,"relics_obtained":[{"floor":9,"key":"Molten Egg 2"},{"floor":11,"key":"Shuriken"},{"floor":23,"key":"WingedGreaves"},{"floor":26,"key":"Whetstone"},{"floor":43,"key":"Darkstone Periapt"},{"floor":45,"key":"Incense Burner"}],"event_choices":[{"damage_healed":0,"gold_gain":0,"player_choice":"Grow","damage_taken":0,"max_hp_gain":0,"max_hp_loss":0,"event_name":"Living Wall","floor":2,"gold_loss":0,"cards_upgraded":["Zap"]},{"damage_healed":0,"gold_gain":0,"player_choice":"Success","damage_taken":7,"relics_obtained":["PreservedInsect"],"max_hp_gain":0,"max_hp_loss":0,"event_name":"Scrap Ooze","floor":4,"gold_loss":0},{"damage_healed":0,"gold_gain":75,"player_choice":"Gather Gold","damage_taken":11,"max_hp_gain":0,"max_hp_loss":0,"event_name":"World of Goop","floor":5,"gold_loss":0},{"damage_healed":0,"gold_gain":0,"player_choice":"Donut","damage_taken":0,"max_hp_gain":5,"max_hp_loss":0,"event_name":"Big Fish","floor":14,"gold_loss":0},{"damage_healed":0,"gold_gain":0,"player_choice":"Ignored","damage_taken":0,"max_hp_gain":0,"max_hp_loss":0,"event_name":"Ghosts","floor":20,"gold_loss":0},{"damage_healed":0,"gold_gain":0,"player_choice":"Upgraded","damage_taken":0,"max_hp_gain":0,"max_hp_loss":0,"event_name":"Upgrade Shrine","floor":21,"gold_loss":0,"cards_upgraded":["Conserve Battery"]},{"damage_healed":0,"gold_gain":0,"player_choice":"Became a vampire (Vial)","damage_taken":0,"max_hp_gain":0,"max_hp_loss":0,"event_name":"Vampires","floor":25,"relics_lost":["Blood Vial"],"gold_loss":0,"cards_obtained":["Bite","Bite","Bite","Bite","Bite"]},{"damage_healed":0,"gold_gain":0,"player_choice":"Inject Mutagens","damage_taken":0,"relics_obtained":["MutagenicStrength"],"max_hp_gain":0,"max_hp_loss":0,"event_name":"Drug Dealer","floor":29,"gold_loss":0},{"damage_healed":0,"gold_gain":0,"player_choice":"Ignored","damage_taken":0,"max_hp_gain":0,"max_hp_loss":0,"event_name":"Tomb of Lord Red Mask","floor":36,"gold_loss":0}],"is_beta":false,"boss_relics":[{"not_picked":["Nuclear Battery","Runic Dome"],"picked":"FrozenCore"},{"not_picked":["Tiny House","Snecko Eye"],"picked":"Inserter"}],"items_purged_floors":[],"is_endless":false,"potions_floor_spawned":[1,7,11,12,18,33,38,41,46,47,48],"killed_by":"Awakened One","ascension_level":1}