{"gold_per_floor":[115,115,115,40,40,40,58,88,111,111,143,153,153,153,153,250,250,260,260,274,274,285,318,51,51,51,62,93,93,53,71,71,168,168,188,214,226,226,239,268,268,294,321,321,354,373,373,373,373,373,373,373,48,83,83],"floor_reached":56,"playtime":2727,"items_purged":["Strike_B","Defend_B","Zap+1"],"score":1329,"play_id":"92cc8992-ee7d-4cc9-9d2e-f23f4f6eb76b","local_time":"20190518101107","is_ascension_mode":true,"campfire_choices":[{"data":"Sunder","floor":6,"key":"SMITH"},{"data":"Zap","floor":10,"key":"SMITH"},{"data":"Sweeping Beam","floor":15,"key":"SMITH"},{"data":"Biased Cognition","floor":25,"key":"SMITH"},{"data":"Capacitor","floor":29,"key":"SMITH"},{"data":"Coolheaded","floor":32,"key":"SMITH"},{"floor":41,"key":"REST"},{"floor":44,"key":"REST"},{"floor":47,"key":"REST"},{"floor":49,"key":"RECALL"},{"data":"Darkness","floor":52,"key":"SMITH"}],"neow_cost":"NONE","seed_source_timestamp":251537494804153,"circlet_count":0,"master_deck":["Strike_B+1","Defend_B+1","Defend_B+1","Dualcast+1","Sweeping Beam+1","Sunder+1","Undo","Echo Form","Conserve Battery+1","Biased Cognition+1","Glacier","Capacitor+1","Dark Shackles","Coolheaded+1","Genetic Algorithm","Echo Form","Blizzard+1","Consume+1","Darkness+1","Recycle","Defragment+1"],"relics":["Cracked Core","Symbiotic Virus","DataDisk","War Paint","Bag of Preparation","Sozu","Oddly Smooth Stone","Blood Vial","Lizard Tail","Smiling Mask","Du-Vu Doll","Dream Catcher","Potion Belt","Ginger","Letter Opener","OrangePellets","Vajra"],"potions_floor_usage":[11,50,55],"damage_taken":[{"damage":0,"enemies":"Small Slimes","floor":1,"turns":3},{"damage":0,"enemies":"Cultist","floor":7,"turns":2},{"damage":6,"enemies":"Gremlin Nob","floor":8,"turns":3},{"damage":4,"enemies":"3 Sentries","floor":11,"turns":3},{"damage":0,"enemies":"Jaw Worm","floor":12,"turns":3},{"damage":9,"enemies":"Hexaghost","floor":16,"turns":9},{"damage":0,"enemies":"Shell Parasite","floor":18,"turns":3},{"damage":0,"enemies":"Spheric Guardian","floor":20,"turns":3},{"damage":0,"enemies":"Centurion and Healer","floor":22,"turns":5},{"damage":4,"enemies":"Gremlin Leader","floor":23,"turns":4},{"damage":0,"enemies":"Shelled Parasite and Fungi","floor":27,"turns":3},{"damage":0,"enemies":"Book of Stabbing","floor":28,"turns":4},{"damage":0,"enemies":"Chosen and Byrds","floor":31,"turns":6},{"damage":7,"enemies":"Champ","floor":33,"turns":14},{"damage":23,"enemies":"3 Darklings","floor":35,"turns":5},{"damage":14,"enemies":"3 Shapes","floor":37,"turns":7},{"damage":0,"enemies":"Sphere and 2 Shapes","floor":39,"turns":6},{"damage":11,"enemies":"Giant Head","floor":40,"turns":8},{"damage":29,"enemies":"Reptomancer","floor":42,"turns":6},{"damage":18,"enemies":"Nemesis","floor":45,"turns":9},{"damage":4,"enemies":"Jaw Worm Horde","floor":46,"turns":4},{"damage":46,"enemies":"Awakened One","floor":50,"turns":13},{"damage":4,"enemies":"Shield and Spear","floor":54,"turns":7},{"damage":43,"enemies":"The Heart","floor":55,"turns":12}],"seed_played":"-2456979479543620918","potions_obtained":[{"floor":1,"key":"Energy Potion"},{"floor":8,"key":"Explosive Potion"},{"floor":16,"key":"PowerPotion"}],"is_trial":false,"path_per_floor":["M","?","$","$","T","R","M","E","T","R","E","M","?","?","R","B",null,"M","?","M","?","M","E","$","R","T","M","E","R","$","M","R","B",null,"M","T","M","?","M","E","R","E","T","R","E","M","R","T","R","B",null,"R","$","E","B",null],"character_chosen":"DEFECT","items_purchased":["Capacitor","Dark Shackles","Genetic Algorithm","OrangePellets","Recycle"],"campfire_rested":3,"item_purchase_floors":[24,24,30,53,53],"current_hp_per_floor":[75,75,75,75,75,75,75,69,69,69,65,65,50,50,50,41,75,75,75,75,75,75,71,71,71,71,71,71,71,71,73,73,68,75,52,52,40,40,42,33,55,28,28,50,34,32,54,54,54,10,75,75,75,71,30],"gold":83,"neow_bonus":"THREE_CARDS","is_prod":false,"is_daily":false,"chose_seed":false,"campfire_upgraded":7,"win_rate":0,"timestamp":1558188667,"path_taken":["M","?","?","$","?","R","M","E","T","R","E","M","?","?","R","BOSS","M","?","M","?","?","E","$","R","T","M","E","R","$","M","R","BOSS","M","?","M","?","M","E","R","E","T","R","E","M","R","?","R","BOSS","R","$","E","BOSS"],"build_version":"2019-05-07","purchased_purges":3,"victory":true,"max_hp_per_floor":[75,75,75,75,75,75,75,75,75,75,75,75,75,75,75,75,75,75,75,75,75,75,75,75,75,75,75,75,75,75,75,75,75,75,75,75,75,75,75,75,75,75,75,75,75,75,75,75,75,75,75,75,75,75,75],"card_choices":[{"not_picked":["Coolheaded","Reinforced Body"],"picked":"Sweeping Beam","floor":0},{"not_picked":["Go for the Eyes","Hologram"],"picked":"Sunder","floor":1},{"not_picked":["Streamline","Compile Driver","Tempest"],"picked":"SKIP","floor":7},{"not_picked":["Sweeping Beam","Turbo"],"picked":"Undo","floor":8},{"not_picked":["Reprogram","Steam Power","Thunder Strike"],"picked":"SKIP","floor":11},{"not_picked":["Rebound","Barrage","Gash"],"picked":"SKIP","floor":12},{"not_picked":["Core Surge","Machine Learning"],"picked":"Echo Form","floor":16},{"not_picked":["Gash","Steam"],"picked":"Conserve Battery+1","floor":18},{"not_picked":["Reinforced Body","Barrage","Steam"],"picked":"SKIP","floor":20},{"not_picked":["Hologram+1","Coolheaded+1"],"picked":"Biased Cognition","floor":22},{"not_picked":["Aggregate+1","Thunder Strike"],"picked":"Glacier","floor":23},{"not_picked":["Redo","Auto Shields","Chill+1"],"picked":"SKIP","floor":27},{"not_picked":["Thunder Strike","Hello World"],"picked":"Coolheaded","floor":28},{"not_picked":["Cold Snap","Beam Cell+1","Go for the Eyes+1"],"picked":"SKIP","floor":31},{"not_picked":["Electrodynamics","Seek"],"picked":"Echo Form","floor":33},{"not_picked":["Conserve Battery","Beam Cell","Streamline+1"],"picked":"SKIP","floor":35},{"not_picked":["Stack+1","Gash","Ball Lightning"],"picked":"SKIP","floor":37},{"not_picked":["Leap","Melter"],"picked":"Blizzard+1","floor":39},{"not_picked":["Heatsinks","Lockon+1","Conserve Battery"],"picked":"SKIP","floor":40},{"not_picked":["Rip and Tear+1","Scrape+1"],"picked":"Consume+1","floor":42},{"not_picked":["Cold Snap+1","Stack+1"],"picked":"Darkness","floor":44},{"not_picked":["Conserve Battery","Thunder Strike","Steam"],"picked":"SKIP","floor":45},{"not_picked":["Storm","Rebound","Steam Power+1"],"picked":"SKIP","floor":46},{"not_picked":["Consume+1","Rebound"],"picked":"Defragment+1","floor":54}],"player_experience":1418304,"relics_obtained":[{"floor":5,"key":"Symbiotic Virus"},{"floor":8,"key":"DataDisk"},{"floor":9,"key":"War Paint"},{"floor":11,"key":"Bag of Preparation"},{"floor":23,"key":"Oddly Smooth Stone"},{"floor":28,"key":"Blood Vial"},{"floor":36,"key":"Smiling Mask"},{"floor":40,"key":"Du-Vu Doll"},{"floor":42,"key":"Dream Catcher"},{"floor":43,"key":"Potion Belt"},{"floor":45,"key":"Ginger"},{"floor":48,"key":"Letter Opener"},{"floor":54,"key":"Vajra"}],"event_choices":[{"cards_removed":["Strike_B"],"damage_healed":0,"gold_gain":0,"player_choice":"Purged","damage_taken":0,"max_hp_gain":0,"max_hp_loss":0,"event_name":"Purifier","floor":2,"gold_loss":0},{"damage_healed":0,"gold_gain":0,"player_choice":"Entered Light","damage_taken":15,"max_hp_gain":0,"max_hp_loss":0,"event_name":"Shining Light","floor":13,"gold_loss":0,"cards_upgraded":["Strike_B","Defend_B"]},{"cards_removed":["Strike_B"],"damage_healed":0,"gold_gain":0,"player_choice":"Forget","damage_taken":0,"max_hp_gain":0,"max_hp_loss":0,"event_name":"Living Wall","floor":14,"gold_loss":0},{"damage_healed":0,"gold_gain":0,"player_choice":"Ignored","damage_taken":0,"max_hp_gain":0,"max_hp_loss":0,"event_name":"Ghosts","floor":19,"gold_loss":0},{"cards_removed":["Defend_B"],"damage_healed":0,"gold_gain":0,"player_choice":"Offered Basic","damage_taken":0,"max_hp_gain":0,"max_hp_loss":0,"event_name":"Bonfire Elementals","floor":21,"gold_loss":0},{"damage_healed":0,"gold_gain":0,"player_choice":"Ignored","damage_taken":0,"max_hp_gain":0,"max_hp_loss":0,"event_name":"Tomb of Lord Red Mask","floor":38,"gold_loss":0}],"is_beta":true,"boss_relics":[{"not_picked":["White Beast Statue","Tiny House"],"picked":"Sozu"},{"not_picked":["Eternal Feather","Runic Dome"],"picked":"Lizard Tail"}],"items_purged_floors":[4,24,53],"is_endless":false,"potions_floor_spawned":[1,8,16,20,23,31,35,37,45],"ascension_level":1}