{"gold_per_floor":[116,41,41,54,54,82,42,72,97,428,428,446,446,461,461,562,562,574,593,613,230,244,244,244,260,311,328,66,66,100,115,115,211,211,227,227,227,26,78,112,112,130,130,146,146,146,163,61,61,61,61,61,23,56,56],"floor_reached":56,"playtime":3954,"items_purged":["Strike_B","Strike_B"],"score":1500,"play_id":"b93b787f-f615-4d27-97f4-f25e46dffb7a","local_time":"20190418005002","is_ascension_mode":true,"campfire_choices":[{"data":"Sunder","floor":11.0,"key":"SMITH"},{"data":"Zap","floor":13.0,"key":"SMITH"},{"data":"Defragment","floor":15.0,"key":"SMITH"},{"floor":23.0,"key":"REST"},{"data":"Self Repair","floor":29.0,"key":"SMITH"},{"floor":32.0,"key":"REST"},{"data":"Coolheaded","floor":41.0,"key":"SMITH"},{"floor":45.0,"key":"RECALL"},{"data":"Coolheaded","floor":49.0,"key":"SMITH"},{"data":"Biased Cognition","floor":52.0,"key":"SMITH"}],"neow_cost":"NONE","seed_source_timestamp":1656837124111512,"circlet_count":0,"master_deck":["Strike_B","Defend_B","Defend_B","Defend_B","Zap+1","Dualcast","Coolheaded+1","Sunder+1","Ball Lightning+1","Self Repair+1","Reboot","Coolheaded+1","Defragment+1","Amplify","Cold Snap+1","Hologram","Biased Cognition+1","White Noise+1","Redo+1","Consume","Loop+1","Echo Form","Conserve Battery+1","Echo Form","Doom and Gloom+1"],"special_seed":0,"relics":["Cracked Core","NeowsBlessing","Omamori","Odd Mushroom","Old Coin","Nuclear Battery","Runic Capacitor","Whetstone","DataDisk","Mummified Hand","Snecko Eye","Membership Card","Anchor","Gremlin Horn","Medical Kit","Lantern"],"potions_floor_usage":[55,55],"damage_taken":[{"damage":0.0,"enemies":"Small Slimes","floor":1.0,"turns":1.0},{"damage":0.0,"enemies":"Cultist","floor":4.0,"turns":1.0},{"damage":0.0,"enemies":"3 Sentries","floor":6.0,"turns":1.0},{"damage":19.0,"enemies":"The Mushroom Lair","floor":8.0,"turns":3.0},{"damage":35.0,"enemies":"Lagavulin","floor":10.0,"turns":5.0},{"damage":10.0,"enemies":"Jaw Worm","floor":12.0,"turns":2.0},{"damage":10.0,"enemies":"Looter","floor":14.0,"turns":3.0},{"damage":15.0,"enemies":"The Guardian","floor":16.0,"turns":14.0},{"damage":22.0,"enemies":"Shell Parasite","floor":18.0,"turns":4.0},{"damage":18.0,"enemies":"2 Thieves","floor":19.0,"turns":3.0},{"damage":11.0,"enemies":"Centurion and Healer","floor":20.0,"turns":8.0},{"damage":9.0,"enemies":"3 Cultists","floor":22.0,"turns":6.0},{"damage":0.0,"enemies":"Cultist and Chosen","floor":25.0,"turns":5.0},{"damage":16.0,"enemies":"Centurion and Healer","floor":27.0,"turns":5.0},{"damage":43.0,"enemies":"Slavers","floor":30.0,"turns":3.0},{"damage":6.0,"enemies":"Chosen and Byrds","floor":31.0,"turns":5.0},{"damage":4.0,"enemies":"Collector","floor":33.0,"turns":9.0},{"damage":16.0,"enemies":"3 Darklings","floor":35.0,"turns":3.0},{"damage":10.0,"enemies":"2 Orb Walkers","floor":39.0,"turns":4.0},{"damage":0.0,"enemies":"Reptomancer","floor":40.0,"turns":7.0},{"damage":0.0,"enemies":"3 Shapes","floor":42.0,"turns":4.0},{"damage":0.0,"enemies":"Sphere and 2 Shapes","floor":44.0,"turns":4.0},{"damage":3.0,"enemies":"Writhing Mass","floor":47.0,"turns":4.0},{"damage":44.0,"enemies":"Time Eater","floor":50.0,"turns":16.0},{"damage":0.0,"enemies":"Shield and Spear","floor":54.0,"turns":7.0},{"damage":32,"enemies":"The Heart","floor":55,"turns":9}],"seed_played":"-2663365121431090046","potions_obtained":[{"floor":4.0,"key":"Poison Potion"},{"floor":6.0,"key":"SpeedPotion"},{"floor":10.0,"key":"Regen Potion"},{"floor":12.0,"key":"SteroidPotion"},{"floor":22.0,"key":"FocusPotion"},{"floor":30.0,"key":"PowerPotion"},{"floor":31.0,"key":"Weak Potion"},{"floor":33.0,"key":"Dexterity Potion"},{"floor":42.0,"key":"Ancient Potion"}],"is_trial":false,"path_per_floor":["M","$","?","M","$","E","$","?","T","E","R","M","R","M","R","B",null,"M","M","M","$","M","R","?","M","T","M","$","R","E","M","R","B",null,"M","?","?","$","?","E","R","M","T","M","R","?","M","$","R","B",null,"R","$","E","B",null],"character_chosen":"DEFECT","items_purchased":["Self Repair","Runic Capacitor","Biased Cognition","DataDisk","Consume","FocusPotion","Membership Card","Medical Kit","Ancient Potion"],"campfire_rested":2,"item_purchase_floors":[7,21,21,28,28,28,38,48,53],"current_hp_per_floor":[75,75,75,75,75,75,75,63,63,35,35,32,32,22,22,29,64,49,38,34,34,39,61,61,61,61,59,59,59,16,20,42,48,68,62,75,75,75,65,75,75,75,75,75,75,75,75,75,75,51,69,69,69,75,53],"gold":56,"neow_bonus":"THREE_ENEMY_KILL","is_prod":false,"is_daily":false,"chose_seed":false,"campfire_upgraded":7,"win_rate":0,"timestamp":1555516202,"path_taken":["M","$","?","M","?","E","$","?","T","E","R","M","R","M","R","BOSS","M","M","M","$","M","R","?","M","T","M","$","R","E","M","R","BOSS","M","?","?","?","?","E","R","M","T","M","R","?","?","$","R","BOSS","R","$","E","BOSS"],"build_version":"2019-01-23","purchased_purges":2,"victory":true,"max_hp_per_floor":[75,75,75,75,75,75,75,75,75,75,75,75,75,75,75,75,75,75,75,75,75,75,75,75,75,75,75,75,75,75,75,75,75,75,75,75,75,75,75,75,75,75,75,75,75,75,75,75,75,75,75,75,75,75,75],"card_choices":[{"not_picked":["Darkness","Force Field"],"picked":"Coolheaded","floor":1.0},{"not_picked":["Sweeping Beam","Redo"],"picked":"Sunder","floor":4.0},{"not_picked":["Barrage","Redo"],"picked":"Ball Lightning","floor":6.0},{"not_picked":["Tempest","Hyperbeam"],"picked":"Reboot","floor":10.0},{"not_picked":["Sweeping Beam","Melter"],"picked":"Coolheaded","floor":12.0},{"not_picked":["Steam","Cold Snap"],"picked":"Defragment","floor":14.0},{"not_picked":["Machine Learning","All For One"],"picked":"Amplify","floor":16.0},{"not_picked":["Force Field+1","Streamline+1"],"picked":"Cold Snap","floor":18.0},{"not_picked":["Steam","Compile Driver+1","Sunder"],"picked":"SKIP","floor":19.0},{"not_picked":["Auto Shields","Leap"],"picked":"Hologram","floor":20.0},{"not_picked":["Coolheaded+1","Sunder"],"picked":"White Noise+1","floor":22.0},{"not_picked":["FTL","Amplify"],"picked":"Redo+1","floor":25.0},{"not_picked":["Tempest","Ball Lightning+1","Static Discharge+1"],"picked":"SKIP","floor":27.0},{"not_picked":["Skim","Hologram"],"picked":"Loop+1","floor":30.0},{"not_picked":["Turbo","Stack+1","Compile Driver"],"picked":"SKIP","floor":31.0},{"not_picked":["Buffer","Multi-Cast"],"picked":"Echo Form","floor":33.0},{"not_picked":["Coolheaded+1","Rebound+1","Compile Driver+1"],"picked":"SKIP","floor":35.0},{"not_picked":["Turbo","Fusion+1"],"picked":"Conserve Battery+1","floor":39.0},{"not_picked":["Reprogram+1","Conserve Battery","Barrage+1"],"picked":"SKIP","floor":40.0},{"not_picked":["Rip and Tear+1","Self Repair+1","Hologram"],"picked":"SKIP","floor":42.0},{"not_picked":["Conserve Battery+1","Sweeping Beam+1"],"picked":"Echo Form","floor":44.0},{"not_picked":["Darkness+1","Gash","Cold Snap+1"],"picked":"SKIP","floor":47.0},{"not_picked":["Conserve Battery+1","Stack"],"picked":"Doom and Gloom+1","floor":54.0}],"player_experience":226025,"relics_obtained":[{"floor":6.0,"key":"Omamori"},{"floor":8.0,"key":"Odd Mushroom"},{"floor":10.0,"key":"Old Coin"},{"floor":26.0,"key":"Whetstone"},{"floor":30.0,"key":"Mummified Hand"},{"floor":40.0,"key":"Anchor"},{"floor":43.0,"key":"Gremlin Horn"},{"floor":54.0,"key":"Lantern"}],"event_choices":[{"cards_removed":["Defend_B"],"damage_healed":0.0,"max_hp_gain":0.0,"max_hp_loss":0.0,"gold_gain":0.0,"event_name":"Purifier","player_choice":"Purged","floor":3.0,"gold_loss":0.0,"damage_taken":0.0},{"damage_healed":0.0,"max_hp_gain":0.0,"max_hp_loss":0.0,"gold_gain":0.0,"event_name":"Mushrooms","player_choice":"Fought Mushrooms","floor":8.0,"gold_loss":0.0,"damage_taken":0.0},{"damage_healed":0.0,"max_hp_gain":0.0,"max_hp_loss":0.0,"gold_gain":0.0,"event_name":"Ghosts","player_choice":"Ignored","floor":24.0,"gold_loss":0.0,"damage_taken":0.0},{"damage_healed":19.0,"max_hp_gain":0.0,"max_hp_loss":0.0,"gold_gain":0.0,"event_name":"Winding Halls","player_choice":"Writhe","floor":36.0,"gold_loss":0.0,"damage_taken":0.0,"cards_obtained":["Writhe"]},{"cards_removed":["Strike_B"],"damage_healed":0.0,"max_hp_gain":0.0,"max_hp_loss":0.0,"gold_gain":0.0,"event_name":"Falling","player_choice":"Removed Attack","floor":37.0,"gold_loss":0.0,"damage_taken":0.0},{"damage_healed":0.0,"max_hp_gain":0.0,"max_hp_loss":0.0,"gold_gain":0.0,"event_name":"Mysterious Sphere","player_choice":"Fight","floor":39.0,"gold_loss":0.0,"damage_taken":0.0},{"damage_healed":0.0,"max_hp_gain":0.0,"max_hp_loss":0.0,"gold_gain":0.0,"event_name":"Tomb of Lord Red Mask","player_choice":"Ignored","floor":46.0,"gold_loss":0.0,"damage_taken":0.0}],"is_beta":false,"boss_relics":[{"not_picked":["Busted Crown","Sozu"],"picked":"Nuclear Battery"},{"not_picked":["Runic Dome","Coffee Dripper"],"picked":"Snecko Eye"}],"items_purged_floors":[2,21],"is_endless":false,"potions_floor_spawned":[4,6,10,12,22,25,30,31,33,42,44],"ascension_level":5}