{"gold_per_floor":[117,117,192,192,209,241,241,274,274,289,289,84,109,125,125,201,201,219,232,332,349,102,102,122,122,122,137,137,137,12,43,43,120,120,134,134,154,81,0,26,44,44,70,99,99,146,166,180,180,180],"floor_reached":51,"playtime":3606,"items_purged":["Regret","Strike_B","Strike_B"],"score":1671,"play_id":"ee52e0b1-dd01-4df3-85e1-3dc1828303cd","local_time":"20190422175930","is_ascension_mode":true,"campfire_choices":[{"data":"Zap","floor":7.0,"key":"SMITH"},{"floor":15.0,"key":"REST"},{"data":"Defragment","floor":23.0,"key":"SMITH"},{"data":"Hologram","floor":25.0,"key":"SMITH"},{"floor":28.0,"key":"REST"},{"floor":32.0,"key":"REST"},{"data":"Blizzard","floor":42.0,"key":"SMITH"},{"data":"Loop","floor":45.0,"key":"SMITH"},{"floor":49.0,"key":"REST"}],"neow_cost":"NONE","seed_source_timestamp":0,"circlet_count":0,"master_deck":["AscendersBane","Strike_B","Defend_B","Defend_B","Defend_B","Defend_B","Zap+1","Dualcast","Conserve Battery","Chill+1","Gash+1","Hologram+1","Core Surge","Ball Lightning","Defragment+1","Gash","Electrodynamics","Gash","Beam Cell+1","Echo Form","Go for the Eyes+1","Glacier+1","Blizzard+1","Biased Cognition","Defragment+1","Cold Snap","Glacier","Steam+1","Loop+1","Defragment+1","Reboot","Redo+1","Chill"],"special_seed":0,"relics":["Cracked Core","NeowsBlessing","Anchor","Ancient Tea Set","Pear","Mercury Hourglass","Darkstone Periapt","Unceasing Top","Black Star","Omamori","Pocketwatch","Oddly Smooth Stone","Whetstone","Lizard Tail","Red Mask","Mango","Bottled Tornado","Bag of Preparation","Prayer Wheel","Calipers","War Paint"],"potions_floor_usage":[50,50],"damage_taken":[{"damage":0.0,"enemies":"Jaw Worm","floor":1.0,"turns":1.0},{"damage":0.0,"enemies":"Small Slimes","floor":5.0,"turns":1.0},{"damage":0.0,"enemies":"Lagavulin","floor":6.0,"turns":1.0},{"damage":13.0,"enemies":"3 Sentries","floor":8.0,"turns":18.0},{"damage":0.0,"enemies":"2 Louse","floor":10.0,"turns":1.0},{"damage":15.0,"enemies":"Lagavulin","floor":13.0,"turns":6.0},{"damage":11.0,"enemies":"Exordium Thugs","floor":14.0,"turns":4.0},{"damage":17.0,"enemies":"The Guardian","floor":16.0,"turns":9.0},{"damage":1.0,"enemies":"Chosen","floor":18.0,"turns":5.0},{"damage":6.0,"enemies":"Shell Parasite","floor":19.0,"turns":5.0},{"damage":12.0,"enemies":"Centurion and Healer","floor":21.0,"turns":7.0},{"damage":7.0,"enemies":"Cultist and Chosen","floor":24.0,"turns":4.0},{"damage":2.0,"enemies":"Chosen and Byrds","floor":27.0,"turns":4.0},{"damage":20.0,"enemies":"Book of Stabbing","floor":31.0,"turns":7.0},{"damage":17.0,"enemies":"Collector","floor":33.0,"turns":7.0},{"damage":0.0,"enemies":"3 Darklings","floor":35.0,"turns":2.0},{"damage":20.0,"enemies":"3 Shapes","floor":37.0,"turns":3.0},{"damage":2.0,"enemies":"Nemesis","floor":40.0,"turns":11.0},{"damage":15.0,"enemies":"Transient","floor":41.0,"turns":5.0},{"damage":0.0,"enemies":"Giant Head","floor":44.0,"turns":10.0},{"damage":0.0,"enemies":"Writhing Mass","floor":47.0,"turns":12.0},{"damage":5.0,"enemies":"3 Darklings","floor":48.0,"turns":5.0},{"damage":55,"enemies":"Awakened One","floor":50,"turns":52}],"seed_played":"-1728318989423576347","potions_obtained":[{"floor":6.0,"key":"Regen Potion"},{"floor":13.0,"key":"Energy Potion"},{"floor":14.0,"key":"Block Potion"},{"floor":16.0,"key":"FocusPotion"},{"floor":33.0,"key":"SteroidPotion"},{"floor":35.0,"key":"Regen Potion"},{"floor":47.0,"key":"SteroidPotion"},{"floor":48.0,"key":"AttackPotion"}],"is_trial":false,"path_per_floor":["M","?","?","?","M","E","R","E","T","M","?","$","E","M","R","B",null,"M","M","?","M","$","R","M","R","T","M","R","?","$","E","R","B",null,"M","?","M","$","?","E","M","R","T","E","R","T","M","M","R","B",null],"character_chosen":"DEFECT","items_purchased":["Core Surge","Ball Lightning","Omamori","Glacier"],"campfire_rested":4,"item_purchase_floors":[12,12,22,38],"current_hp_per_floor":[64,64,53,35,35,35,35,47,47,47,53,53,38,27,53,36,74,73,67,67,55,55,55,48,48,48,46,72,72,72,52,78,61,81,81,81,61,61,61,88,73,73,73,73,73,73,73,68,97,42],"gold":180,"neow_bonus":"THREE_ENEMY_KILL","is_prod":false,"is_daily":false,"chose_seed":false,"campfire_upgraded":5,"win_rate":0,"timestamp":1555923570,"path_taken":["M","?","?","?","M","E","R","E","T","?","?","$","E","M","R","BOSS","M","M","?","M","?","R","M","R","T","?","R","?","$","E","R","BOSS","M","?","M","$","?","E","M","R","T","E","R","?","M","M","R","BOSS"],"build_version":"2019-01-23","purchased_purges":3,"victory":true,"max_hp_per_floor":[71,71,71,71,71,71,71,81,81,81,87,87,87,87,87,87,87,87,87,87,87,87,87,87,87,87,87,87,87,87,87,87,87,87,87,83,83,83,83,97,97,97,97,97,97,97,97,97,97,97],"card_choices":[{"not_picked":["Redo","Rebound"],"picked":"Conserve Battery","floor":1.0},{"not_picked":["Barrage","Blizzard","Turbo"],"picked":"SKIP","floor":5.0},{"not_picked":["Conserve Battery","Skim"],"picked":"Chill","floor":6.0},{"not_picked":["Compile Driver","Scrape"],"picked":"Gash","floor":8.0},{"not_picked":["Hyperbeam","Cold Snap"],"picked":"Hologram","floor":10.0},{"not_picked":["Leap","Force Field"],"picked":"Defragment","floor":13.0},{"not_picked":["Beam Cell","Steam Power"],"picked":"Gash","floor":14.0},{"not_picked":["Meteor Strike","Hyperbeam"],"picked":"Electrodynamics","floor":16.0},{"not_picked":["Hologram+1","Glacier"],"picked":"Gash","floor":18.0},{"not_picked":["Hologram","Redo"],"picked":"Beam Cell+1","floor":19.0},{"not_picked":["Steam","Skim","Reinforced Body+1"],"picked":"SKIP","floor":21.0},{"not_picked":["Go for the Eyes","Rebound"],"picked":"Echo Form","floor":24.0},{"not_picked":["Consume","Ball Lightning"],"picked":"Go for the Eyes","floor":27.0},{"not_picked":["Cold Snap","Hologram"],"picked":"Blizzard","floor":31.0},{"not_picked":["Amplify","Thunder Strike"],"picked":"Biased Cognition","floor":33.0},{"not_picked":["Rip and Tear+1","Rebound"],"picked":"Defragment+1","floor":35.0},{"not_picked":["Scrape+1","Streamline"],"picked":"Cold Snap","floor":37.0},{"not_picked":["Tempest+1","Stack+1"],"picked":"Steam+1","floor":40.0},{"not_picked":["Stack","Blizzard","Leap"],"picked":"SKIP","floor":41.0},{"not_picked":["Steam+1","Streamline"],"picked":"Loop","floor":44.0},{"not_picked":["Conserve Battery","Go for the Eyes"],"picked":"Defragment+1","floor":47.0},{"not_picked":["Aggregate","Hologram+1"],"picked":"Reboot","floor":47.0},{"not_picked":["Sweeping Beam","Barrage"],"picked":"Redo+1","floor":48.0},{"not_picked":["Leap","Cold Snap"],"picked":"Chill","floor":48.0}],"player_experience":270730,"relics_obtained":[{"floor":6.0,"key":"Ancient Tea Set"},{"floor":8.0,"key":"Pear"},{"floor":9.0,"key":"Mercury Hourglass"},{"floor":13.0,"key":"Unceasing Top"},{"floor":26.0,"key":"Pocketwatch"},{"floor":31.0,"key":"Oddly Smooth Stone"},{"floor":31.0,"key":"Whetstone"},{"floor":40.0,"key":"Mango"},{"floor":40.0,"key":"Bottled Tornado"},{"floor":43.0,"key":"Bag of Preparation"},{"floor":44.0,"key":"Prayer Wheel"},{"floor":44.0,"key":"Calipers"},{"floor":46.0,"key":"War Paint"}],"event_choices":[{"cards_removed":["Strike_B"],"damage_healed":0.0,"max_hp_gain":0.0,"max_hp_loss":0.0,"gold_gain":0.0,"event_name":"Living Wall","player_choice":"Forget","floor":2.0,"gold_loss":0.0,"damage_taken":0.0},{"damage_healed":0.0,"max_hp_gain":0.0,"max_hp_loss":0.0,"gold_gain":75.0,"event_name":"World of Goop","player_choice":"Gather Gold","floor":3.0,"gold_loss":0.0,"damage_taken":11.0},{"damage_healed":0.0,"max_hp_gain":0.0,"max_hp_loss":0.0,"gold_gain":0.0,"event_name":"Scrap Ooze","player_choice":"Success","floor":4.0,"gold_loss":0.0,"damage_taken":18.0,"relics_obtained":["Anchor"]},{"damage_healed":0.0,"max_hp_gain":0.0,"max_hp_loss":0.0,"gold_gain":0.0,"event_name":"Big Fish","player_choice":"Box","floor":11.0,"gold_loss":0.0,"damage_taken":0.0,"relics_obtained":["Darkstone Periapt"],"cards_obtained":["Regret"]},{"damage_healed":0.0,"max_hp_gain":0.0,"max_hp_loss":0.0,"gold_gain":100.0,"event_name":"Golden Shrine","player_choice":"Pray","floor":20.0,"gold_loss":0.0,"damage_taken":0.0},{"damage_healed":0.0,"max_hp_gain":0.0,"max_hp_loss":0.0,"gold_gain":0.0,"event_name":"The Library","player_choice":"Read","floor":29.0,"gold_loss":0.0,"damage_taken":0.0,"cards_obtained":["Glacier"]},{"damage_healed":0.0,"max_hp_gain":0.0,"max_hp_loss":4.0,"gold_gain":0.0,"event_name":"Winding Halls","player_choice":"Max HP","floor":36.0,"gold_loss":0.0,"damage_taken":0.0},{"damage_healed":0.0,"max_hp_gain":0.0,"max_hp_loss":0.0,"gold_gain":0.0,"event_name":"Tomb of Lord Red Mask","player_choice":"Paid","floor":39.0,"gold_loss":81.0,"damage_taken":0.0,"relics_obtained":["Red Mask"]}],"is_beta":false,"boss_relics":[{"not_picked":["Runic Pyramid","Ectoplasm"],"picked":"Black Star"},{"not_picked":["Velvet Choker","Sozu"],"picked":"Lizard Tail"}],"items_purged_floors":[12,22,30],"is_endless":false,"potions_floor_spawned":[6,13,14,16,21,27,33,35,47,48],"ascension_level":14}