{"path_per_floor":["M","?","$","M","?","E","R","E","T","E","M","?","M","?","R","B",null,"M","?","?","M","$"],"character_chosen":"IRONCLAD","items_purchased":["Gremlin Horn","Power Through"],"gold_per_floor":[361,361,27,46,11,38,38,65,65,99,117,117,127,154,154,256,256,275,275,275,294,125],"floor_reached":23,"campfire_rested":1,"playtime":1390,"current_hp_per_floor":[35,35,35,35,55,55,55,51,51,51,57,57,51,56,84,57,85,71,62,62,48,48],"items_purged":["Regret","Perfected Strike"],"gold":125,"score":290,"play_id":"3ad76d4a-2d12-45e1-a71b-1600447b94cc","local_time":"20180319025134","is_prod":false,"is_daily":false,"is_ascension_mode":true,"campfire_upgraded":1,"timestamp":1521424294,"path_taken":["M","?","?","?","?","E","R","E","T","E","?","?","M","?","R","BOSS","M","?","?","M","$","E"],"build_version":"2018-03-16","purchased_purges":2,"victory":false,"master_deck":["Bash","Uppercut+1","Inflame","Barricade","Evolve","Shrug It Off","Bandage Up","Wild Strike","Cleave","Demon Form","Twin Strike","Armaments","Battle Trance","Pommel Strike","Sentinel","Sword Boomerang","Hemokinesis","True Grit","Whirlwind","Body Slam","Purity","Entrench","Power Through"],"max_hp_per_floor":[80,80,80,80,80,80,80,94,94,94,94,94,94,94,94,94,94,94,94,94,94,94],"relics":["Burning Blood","Orichalcum","Gremlin Horn","Paper Frog","Mango","Prayer Wheel","Omamori","Odd Mushroom","Pandora\u0027s Box"],"card_choices":[{"not_picked":["Burning Pact","Seeing Red"],"picked":"Perfected Strike"},{"not_picked":["Clothesline","Havoc"],"picked":"Uppercut"},{"not_picked":["Headbutt","Spot Weakness"],"picked":"Inflame"},{"not_picked":["Clothesline","Havoc"],"picked":"Barricade"},{"not_picked":["Twin Strike","Clothesline"],"picked":"Evolve"},{"not_picked":["Sentinel","Headbutt"],"picked":"Shrug It Off"},{"not_picked":["Headbutt","Corruption"],"picked":"Wild Strike"},{"not_picked":["Disarm","Warcry"],"picked":"Cleave"},{"not_picked":["Fiend Fire","Bludgeon"],"picked":"Demon Form"},{"not_picked":["Warcry","Heavy Blade"],"picked":"Body Slam"},{"not_picked":["Clothesline","Spot Weakness"],"picked":"Entrench"}],"player_experience":219998,"potions_floor_usage":[6,10,14,23],"damage_taken":[{"damage":7,"enemies":"Small Slimes","floor":1,"turns":4},{"damage":6,"enemies":"Jaw Worm","floor":4,"turns":4},{"damage":6,"enemies":"Gremlin Nob","floor":6,"turns":3},{"damage":24,"enemies":"Lagavulin","floor":8,"turns":5},{"damage":6,"enemies":"Gremlin Nob","floor":10,"turns":3},{"damage":0,"enemies":"Cultist","floor":11,"turns":3},{"damage":16,"enemies":"Exordium Thugs","floor":13,"turns":4},{"damage":5,"enemies":"The Mushroom Lair","floor":14,"turns":3},{"damage":37,"enemies":"The Guardian","floor":16,"turns":12},{"damage":24,"enemies":"Spheric Guardian","floor":18,"turns":4},{"damage":24,"enemies":"Shell Parasite","floor":21,"turns":4},{"damage":53,"enemies":"Slavers","floor":23,"turns":5}],"event_choices":[{"event_name":"Big Fish","player_choice":"Box","floor":2,"damage_taken":0},{"event_name":"The Cleric","player_choice":"Healed","floor":5,"damage_taken":0},{"event_name":"Match and Keep!","player_choice":"1 cards matched","floor":12,"damage_taken":0},{"event_name":"Mushrooms","player_choice":"Fought Mushrooms","floor":14,"damage_taken":0},{"event_name":"Wheel of Change","player_choice":"Damage","floor":19,"damage_taken":0},{"event_name":"Match and Keep!","player_choice":"1 cards matched","floor":20,"damage_taken":0}],"boss_relics":[{"not_picked":["Question Card","Calling Bell"],"picked":"Pandora\u0027s Box"}],"potions_floor_spawned":[1,4,8,11],"seed_played":"8434809136875643248","killed_by":"Slavers","ascension_level":8,"is_trial":false}