{"gold_per_floor":[114,3,17,17,34,34,34,62,86,86,101,8,33,45,45,143,143,162,162,11,44,143,143],"floor_reached":23,"playtime":1080,"items_purged":["Strike_R"],"score":240,"play_id":"af0ccccf-9aea-4ac6-8d3c-0c035350d209","local_time":"20181120102441","is_ascension_mode":true,"campfire_choices":[{"data":"Armaments","floor":6.0,"key":"SMITH"},{"data":"Body Slam","floor":15.0,"key":"SMITH"}],"neow_cost":"NONE","seed_source_timestamp":409581159898188,"circlet_count":0,"master_deck":["Defend_R","Defend_R","Defend_R","Defend_R","Bash","Entrench","Inflame+1","Iron Wave","Armaments+1","Body Slam+1","Battle Trance","Thunderclap","Twin Strike","Flame Barrier","Berserk","Shrug It Off","Armaments","Cleave","Heavy Blade","Bite","Bite","Bite","Bite","Bite","Shrug It Off","Inflame","Pummel","Combust+1"],"special_seed":0,"relics":["Burning Blood","NeowsBlessing","Red Skull","Pen Nib","Odd Mushroom","Orrery","Red Mask"],"potions_floor_usage":[21,21],"damage_taken":[{"damage":0.0,"enemies":"Cultist","floor":1.0,"turns":1.0},{"damage":0.0,"enemies":"Jaw Worm","floor":3.0,"turns":1.0},{"damage":0.0,"enemies":"Small Slimes","floor":5.0,"turns":2.0},{"damage":21.0,"enemies":"Gremlin Nob","floor":8.0,"turns":5.0},{"damage":5.0,"enemies":"3 Louse","floor":11.0,"turns":5.0},{"damage":9.0,"enemies":"The Mushroom Lair","floor":13.0,"turns":4.0},{"damage":3.0,"enemies":"Blue Slaver","floor":14.0,"turns":3.0},{"damage":41.0,"enemies":"Slime Boss","floor":16.0,"turns":10.0},{"damage":21.0,"enemies":"Spheric Guardian","floor":18.0,"turns":5.0},{"damage":19,"enemies":"Masked Bandits","floor":21,"turns":3},{"damage":53,"enemies":"Slavers","floor":23,"turns":4}],"seed_played":"6726224685038811976","potions_obtained":[{"floor":5.0,"key":"Dexterity Potion"},{"floor":8.0,"key":"Swift Potion"},{"floor":14.0,"key":"Ancient Potion"},{"floor":16.0,"key":"EssenceOfSteel"},{"floor":18.0,"key":"Strength Potion"}],"is_trial":false,"path_per_floor":["M","$","M","?","M","R","?","E","T","?","M","$","?","M","R","B",null,"M","?","$","?","?","E"],"character_chosen":"IRONCLAD","items_purchased":["Inflame","Battle Trance","Thunderclap","Shrug It Off","Inflame","Pummel"],"campfire_rested":0,"item_purchase_floors":[2,12,12,20,20,20],"current_hp_per_floor":[80,80,80,80,80,80,80,65,65,65,66,66,63,66,66,31,80,65,56,56,43,43,0],"gold":143,"neow_bonus":"THREE_ENEMY_KILL","is_prod":false,"is_daily":false,"chose_seed":false,"campfire_upgraded":2,"win_rate":0,"timestamp":1542705881,"path_taken":["M","$","?","?","M","R","?","E","T","?","M","?","?","?","R","BOSS","M","?","$","?","?","E"],"build_version":"2018-11-15","purchased_purges":1,"victory":false,"max_hp_per_floor":[80,80,80,80,80,80,80,80,80,80,80,80,80,80,80,80,80,80,56,56,56,56,56],"card_choices":[{"not_picked":["Clothesline","Sever Soul"],"picked":"Entrench","floor":1.0},{"not_picked":["Clothesline","Hemokinesis"],"picked":"Iron Wave","floor":3.0},{"not_picked":["True Grit","Headbutt"],"picked":"Armaments","floor":5.0},{"not_picked":["Infernal Blade","Headbutt"],"picked":"Body Slam","floor":8.0},{"not_picked":["Perfected Strike","Wild Strike","Brutality"],"picked":"SKIP","floor":11.0},{"not_picked":["Pommel Strike","True Grit"],"picked":"Twin Strike","floor":13.0},{"not_picked":["Warcry","True Grit"],"picked":"Flame Barrier","floor":14.0},{"not_picked":["Dark Embrace","Fiend Fire"],"picked":"Berserk","floor":16.0},{"not_picked":["Bloodletting","Clothesline"],"picked":"Shrug It Off","floor":17.0},{"not_picked":["Cleave","Sword Boomerang"],"picked":"Armaments","floor":17.0},{"not_picked":["Clash","Iron Wave"],"picked":"Cleave","floor":17.0},{"not_picked":["Double Tap","Wild Strike"],"picked":"Heavy Blade","floor":17.0},{"not_picked":["Pommel Strike","Perfected Strike","Carnage"],"picked":"SKIP","floor":18.0},{"not_picked":["Dropkick","Feed"],"picked":"Combust+1","floor":21}],"player_experience":241027,"relics_obtained":[{"floor":8.0,"key":"Red Skull"},{"floor":9.0,"key":"Pen Nib"},{"floor":13.0,"key":"Odd Mushroom"},{"floor":21,"key":"Red Mask"}],"event_choices":[{"damage_healed":0.0,"max_hp_gain":0.0,"max_hp_loss":0.0,"gold_gain":0.0,"event_name":"Living Wall","player_choice":"Grow","floor":4.0,"gold_loss":0.0,"damage_taken":0.0,"cards_upgraded":["Inflame"]},{"damage_healed":0.0,"max_hp_gain":0.0,"max_hp_loss":0.0,"gold_gain":0.0,"event_name":"The Cleric","player_choice":"Leave","floor":7.0,"gold_loss":0.0,"damage_taken":0.0},{"damage_healed":0.0,"max_hp_gain":0.0,"max_hp_loss":0.0,"gold_gain":0.0,"event_name":"Liars Game","player_choice":"Ignored","floor":10.0,"gold_loss":0.0,"damage_taken":0.0},{"damage_healed":0.0,"max_hp_gain":0.0,"max_hp_loss":0.0,"gold_gain":0.0,"event_name":"Mushrooms","player_choice":"Fought Mushrooms","floor":13.0,"gold_loss":0.0,"damage_taken":0.0},{"damage_healed":0.0,"max_hp_gain":0.0,"max_hp_loss":24.0,"gold_gain":0.0,"event_name":"Vampires","player_choice":"Became a vampire","floor":19.0,"gold_loss":0.0,"damage_taken":0.0,"cards_obtained":["Bite","Bite","Bite","Bite","Bite"]},{"damage_healed":0,"gold_gain":0,"player_choice":"Fought Bandits","damage_taken":0,"max_hp_gain":0,"max_hp_loss":0,"event_name":"Masked Bandits","floor":21,"gold_loss":0},{"damage_healed":0,"gold_gain":99,"player_choice":"Stole From Cult","damage_taken":0,"max_hp_gain":0,"max_hp_loss":0,"event_name":"Nest","floor":22,"gold_loss":0}],"is_beta":true,"boss_relics":[{"not_picked":["Black Star","Runic Dome"],"picked":"Orrery"}],"items_purged_floors":[2],"is_endless":false,"potions_floor_spawned":[5,8,14,16,18],"killed_by":"Slavers","ascension_level":3}