{"gold_per_floor":[114,130,140,150,162,162,179,196,196,196,35,51,51,66,66,142,142,142],"floor_reached":18,"playtime":718,"items_purged":["Strike_B"],"score":316,"play_id":"e9821d93-d7e8-4339-a230-cfcd2a85e1c9","local_time":"20190430101435","is_ascension_mode":true,"campfire_choices":[{"data":"Genetic Algorithm","floor":6,"key":"SMITH"},{"data":"Defragment","floor":13,"key":"SMITH"},{"data":"Loop","floor":15,"key":"SMITH"}],"neow_cost":"NONE","seed_source_timestamp":729460180313732,"circlet_count":0,"master_deck":["AscendersBane","Strike_B","Strike_B","Strike_B","Defend_B","Defend_B","Defend_B","Defend_B","Zap","Dualcast","Genetic Algorithm+1","Self Repair","BootSequence","Defragment+1","Capacitor","Loop+1","Echo Form"],"relics":["Cracked Core","Pen Nib","Matryoshka","Calling Bell","Boot","Meat on the Bone","Girya"],"potions_floor_usage":[14,16],"damage_taken":[{"damage":1,"enemies":"Cultist","floor":1,"turns":3},{"damage":3,"enemies":"2 Louse","floor":2,"turns":2},{"damage":6,"enemies":"Jaw Worm","floor":3,"turns":3},{"damage":17,"enemies":"2 Fungi Beasts","floor":4,"turns":3},{"damage":5,"enemies":"3 Louse","floor":5,"turns":4},{"damage":7,"enemies":"Looter","floor":7,"turns":4},{"damage":8,"enemies":"Blue Slaver","floor":8,"turns":4},{"damage":18,"enemies":"Exordium Thugs","floor":12,"turns":6},{"damage":8,"enemies":"Large Slime","floor":14,"turns":7},{"damage":36,"enemies":"The Guardian","floor":16,"turns":9},{"damage":6,"enemies":"Shell Parasite","floor":18,"turns":2}],"seed_played":"6366892934339418532","potions_obtained":[{"floor":1,"key":"PowerPotion"},{"floor":2,"key":"Energy Potion"},{"floor":16,"key":"PowerPotion"}],"is_trial":false,"path_per_floor":["M","M","M","M","M","R","M","M","T","?","$","M","R","M","R","B",null,"M"],"character_chosen":"DEFECT","items_purchased":["Capacitor"],"campfire_rested":0,"item_purchase_floors":[11],"current_hp_per_floor":[63,60,54,37,39,39,39,38,38,61,61,50,50,49,49,20,58,52],"gold":142,"neow_bonus":"RANDOM_COMMON_RELIC","is_prod":false,"is_daily":false,"chose_seed":false,"campfire_upgraded":3,"win_rate":0,"timestamp":1556586875,"path_taken":["M","M","M","M","M","R","M","M","T","?","$","M","R","M","R","BOSS","M"],"build_version":"2019-01-23","purchased_purges":1,"victory":false,"max_hp_per_floor":[71,71,71,71,71,71,71,71,71,71,71,71,71,71,71,71,71,71],"card_choices":[{"not_picked":["Double Energy","Turbo","FTL"],"picked":"SKIP","floor":1},{"not_picked":["Ball Lightning","Compile Driver"],"picked":"Genetic Algorithm","floor":2},{"not_picked":["Melter","Sweeping Beam"],"picked":"Self Repair","floor":3},{"not_picked":["Sweeping Beam","Redo"],"picked":"BootSequence","floor":4},{"not_picked":["Gash","Skim","Heatsinks"],"picked":"SKIP","floor":5},{"not_picked":["Auto Shields","Sweeping Beam"],"picked":"Defragment","floor":7},{"not_picked":["Redo","Storm","BootSequence"],"picked":"SKIP","floor":8},{"not_picked":["Beam Cell","Reinforced Body","Steam Power"],"picked":"SKIP","floor":12},{"not_picked":["Go for the Eyes","Genetic Algorithm"],"picked":"Loop","floor":14},{"not_picked":["Multi-Cast","Thunder Strike"],"picked":"Echo Form","floor":16}],"player_experience":314222,"relics_obtained":[{"floor":9,"key":"Matryoshka"},{"floor":17,"key":"Boot"},{"floor":17,"key":"Meat on the Bone"},{"floor":17,"key":"Girya"}],"event_choices":[{"damage_healed":23,"gold_gain":0,"player_choice":"Banana","damage_taken":0,"max_hp_gain":0,"max_hp_loss":0,"event_name":"Big Fish","floor":10,"gold_loss":0}],"is_beta":false,"boss_relics":[{"not_picked":["Lizard Tail","Black Star"],"picked":"Calling Bell"}],"items_purged_floors":[11],"is_endless":false,"potions_floor_spawned":[1,2,12,16],"killed_by":"Shell Parasite","ascension_level":20}