{"gold_per_floor":[113,133,148,223,223,223,242,242,242,297,309,340,54,54,54,173,173,193,236,236,8,27,27,27,27,84,99,99,113,113,132,132,263,263,287,347,29,29],"floor_reached":38,"playtime":1897,"items_purged":["Strike_B+1"],"score":387,"play_id":"0924d56b-daf2-4908-83d4-7e8dfeef3c1e","local_time":"20181127110117","is_ascension_mode":false,"campfire_choices":[{"data":"Tempest","floor":6.0,"key":"SMITH"},{"data":"Multi-Cast","floor":8.0,"key":"SMITH"},{"data":"Blizzard","floor":15.0,"key":"SMITH"},{"floor":23.0,"key":"REST"},{"floor":25.0,"key":"REST"},{"floor":30.0,"key":"REST"},{"floor":32.0,"key":"REST"}],"neow_cost":"NONE","seed_source_timestamp":0,"circlet_count":0,"master_deck":["Strike_B+1","Strike_B+1","Strike_B+1","Defend_B+1","Defend_B+1","Defend_B+1","Defend_B+1","Zap","Dualcast","Cold Snap","Glacier","Tempest+1","Conserve Battery","Flash of Steel","Multi-Cast+1","Amplify","Rip and Tear","Injury","Reprogram","Blizzard+1","Multi-Cast","Auto Shields","Capacitor","Capacitor","White Noise","Rip and Tear","Barrage","Barrage","Loop","Storm","Electrodynamics","Cold Snap+1","Lockon","Apotheosis","Conserve Battery"],"special_seed":0,"relics":["Cracked Core","NeowsBlessing","Symbiotic Virus","MawBank","Golden Idol","Cables","Philosopher\u0027s Stone","Nloth\u0027s Gift","Tiny Chest","Lizard Tail","FossilizedHelix"],"potions_floor_usage":[],"damage_taken":[{"damage":0.0,"enemies":"2 Louse","floor":1.0,"turns":1.0},{"damage":0.0,"enemies":"Cultist","floor":2.0,"turns":1.0},{"damage":0.0,"enemies":"Jaw Worm","floor":3.0,"turns":1.0},{"damage":5.0,"enemies":"Looter","floor":7.0,"turns":3.0},{"damage":6.0,"enemies":"3 Sentries","floor":10.0,"turns":4.0},{"damage":12.0,"enemies":"Blue Slaver","floor":12.0,"turns":2.0},{"damage":41.0,"enemies":"The Guardian","floor":16.0,"turns":16.0},{"damage":24.0,"enemies":"3 Byrds","floor":18.0,"turns":3.0},{"damage":28.0,"enemies":"Masked Bandits","floor":19.0,"turns":6.0},{"damage":6.0,"enemies":"Shell Parasite","floor":22.0,"turns":4.0},{"damage":24.0,"enemies":"Cultist and Chosen","floor":27.0,"turns":4.0},{"damage":4.0,"enemies":"Snecko","floor":29.0,"turns":4.0},{"damage":26.0,"enemies":"Centurion and Healer","floor":31.0,"turns":6.0},{"damage":42.0,"enemies":"Collector","floor":33.0,"turns":6.0},{"damage":16.0,"enemies":"3 Shapes","floor":35.0,"turns":3.0},{"damage":62,"enemies":"2 Orb Walkers","floor":36,"turns":4},{"damage":39,"enemies":"3 Darklings","floor":38,"turns":3}],"seed_played":"-5185283536163101270","potions_obtained":[{"floor":1.0,"key":"FocusPotion"},{"floor":10.0,"key":"FocusPotion"},{"floor":16.0,"key":"SteroidPotion"},{"floor":18.0,"key":"FocusPotion"},{"floor":27.0,"key":"PowerPotion"}],"is_trial":false,"path_per_floor":["M","M","M","?","?","R","M","R","T","?","?","M","$","?","R","B",null,"M","?","?","$","M","R","$","R","T","M","?","M","R","M","R","B",null,"M","M","?","$","M"],"character_chosen":"DEFECT","items_purchased":["Cables","Blizzard","Capacitor","White Noise","Rip and Tear","Apotheosis","Conserve Battery"],"campfire_rested":4,"item_purchase_floors":[13,13,21,21,21,37,37],"current_hp_per_floor":[75,75,75,64,64,64,59,59,59,53,53,41,41,66,66,25,75,51,23,23,23,17,39,39,61,61,37,37,33,55,29,51,9,75,59,37,37,0],"gold":29,"neow_bonus":"THREE_ENEMY_KILL","is_prod":false,"is_daily":false,"chose_seed":false,"campfire_upgraded":3,"win_rate":0,"timestamp":1543334477,"path_taken":["M","M","M","?","?","R","?","R","T","?","?","M","$","?","R","BOSS","M","?","?","$","?","R","?","R","T","M","?","M","R","M","R","BOSS","M","?","$","M"],"build_version":"2018-11-15","purchased_purges":1,"victory":false,"max_hp_per_floor":[75,75,75,75,75,75,75,75,75,75,75,75,75,75,75,75,75,75,75,75,75,75,75,75,75,75,75,75,75,75,75,75,75,75,75,75,75,75],"card_choices":[{"not_picked":["Reinforced Body","Barrage"],"picked":"Cold Snap","floor":1.0},{"not_picked":["Reinforced Body","Sweeping Beam"],"picked":"Glacier","floor":2.0},{"not_picked":["Barrage","Aggregate"],"picked":"Tempest","floor":3.0},{"not_picked":["Barrage","Auto Shields"],"picked":"Amplify","floor":7.0},{"not_picked":["Tempest","Fusion"],"picked":"Rip and Tear","floor":10.0},{"not_picked":["Streamline","Scrape"],"picked":"Reprogram","floor":12.0},{"not_picked":["Creative AI","Biased Cognition"],"picked":"Multi-Cast","floor":16.0},{"not_picked":["Sweeping Beam","Streamline"],"picked":"Auto Shields","floor":18.0},{"not_picked":["Auto Shields","Gash"],"picked":"Capacitor","floor":19.0},{"not_picked":["Tempest","Ball Lightning"],"picked":"Barrage","floor":22.0},{"not_picked":["Machine Learning","Sweeping Beam"],"picked":"Barrage","floor":27.0},{"not_picked":["Hologram","Go for the Eyes+1"],"picked":"Loop","floor":29.0},{"not_picked":["Streamline","Amplify"],"picked":"Storm","floor":31.0},{"not_picked":["Fission","All For One"],"picked":"Electrodynamics","floor":33.0},{"not_picked":["Reinforced Body","Tempest+1"],"picked":"Cold Snap+1","floor":35},{"not_picked":["Blizzard+1","Compile Driver"],"picked":"Lockon","floor":36}],"player_experience":205308,"relics_obtained":[{"floor":9.0,"key":"Symbiotic Virus"},{"floor":10.0,"key":"MawBank"},{"floor":19.0,"key":"Red Mask"},{"floor":26.0,"key":"Tiny Chest"},{"floor":36,"key":"FossilizedHelix"}],"event_choices":[{"damage_healed":0.0,"max_hp_gain":0.0,"max_hp_loss":0.0,"gold_gain":75.0,"event_name":"World of Goop","player_choice":"Gather Gold","floor":4.0,"gold_loss":0.0,"damage_taken":11.0},{"damage_healed":0.0,"max_hp_gain":0.0,"max_hp_loss":0.0,"gold_gain":0.0,"event_name":"Match and Keep!","player_choice":"3 cards matched","floor":5.0,"gold_loss":0.0,"damage_taken":0.0,"cards_obtained":["Conserve Battery","Flash of Steel","Multi-Cast"]},{"damage_healed":0.0,"max_hp_gain":0.0,"max_hp_loss":0.0,"gold_gain":0.0,"event_name":"Dead Adventurer","player_choice":"Searched \u00272\u0027 times","floor":10.0,"gold_loss":0.0,"damage_taken":0.0},{"damage_healed":0.0,"max_hp_gain":0.0,"max_hp_loss":0.0,"gold_gain":0.0,"event_name":"Golden Idol","player_choice":"Take Wound","floor":11.0,"gold_loss":0.0,"damage_taken":0.0,"relics_obtained":["Golden Idol"],"cards_obtained":["Injury"]},{"damage_healed":25.0,"max_hp_gain":0.0,"max_hp_loss":0.0,"gold_gain":0.0,"event_name":"Big Fish","player_choice":"Banana","floor":14.0,"gold_loss":0.0,"damage_taken":0.0},{"damage_healed":0.0,"max_hp_gain":0.0,"max_hp_loss":0.0,"gold_gain":0.0,"event_name":"Masked Bandits","player_choice":"Fought Bandits","floor":19.0,"gold_loss":0.0,"damage_taken":0.0},{"damage_healed":0.0,"max_hp_gain":0.0,"max_hp_loss":0.0,"gold_gain":0.0,"event_name":"N\u0027loth","player_choice":"Traded Relic","floor":20.0,"relics_lost":["Red Mask"],"gold_loss":0.0,"damage_taken":0.0,"relics_obtained":["Nloth\u0027s Gift"]},{"damage_healed":0.0,"max_hp_gain":0.0,"max_hp_loss":0.0,"gold_gain":0.0,"event_name":"Back to Basics","player_choice":"Simplicity","floor":28.0,"gold_loss":0.0,"damage_taken":0.0,"cards_upgraded":["Strike_B","Strike_B","Strike_B","Strike_B","Defend_B","Defend_B","Defend_B","Defend_B"]},{"damage_healed":0,"gold_gain":0,"player_choice":"Fight","damage_taken":0,"max_hp_gain":0,"max_hp_loss":0,"event_name":"Mysterious Sphere","floor":36,"gold_loss":0}],"is_beta":false,"boss_relics":[{"not_picked":["Runic Pyramid","Calling Bell"],"picked":"Philosopher\u0027s Stone"},{"not_picked":["Cursed Key","Black Star"],"picked":"Lizard Tail"}],"items_purged_floors":[37],"is_endless":false,"potions_floor_spawned":[1,10,16,18,27,31],"killed_by":"3 Darklings","ascension_level":0}