{"gold_per_floor":[211,221,221,221,221,221,235,270,270,270,313,332,0,20,20,145,145,170,3,273,293,392,392,392,392,419,419,450,471,471,202,202,322,352,367,367,367,30,95,139,139,139,220,220,220,264,264,277,277,277,277,277,16,57,57],"floor_reached":56,"playtime":2630,"items_purged":["Strike_R","Regret"],"score":1399,"play_id":"225aa59e-da01-43d5-9b7f-380046d013fb","local_time":"20190518161503","is_ascension_mode":true,"campfire_choices":[{"data":"Bash","floor":6,"key":"SMITH"},{"data":"Inflame","floor":10,"key":"SMITH"},{"data":"True Grit","floor":15,"key":"SMITH"},{"floor":23,"key":"REST"},{"floor":25,"key":"DIG"},{"floor":30,"key":"DIG"},{"floor":32,"key":"DIG"},{"floor":41,"key":"DIG"},{"floor":44,"key":"RECALL"},{"floor":45,"key":"DIG"},{"floor":47,"key":"DIG"},{"floor":49,"key":"DIG"},{"floor":52,"key":"DIG"}],"neow_cost":"NONE","seed_source_timestamp":254533844268998,"circlet_count":0,"master_deck":["Strike_R+1","Strike_R+1","Strike_R+1","Defend_R+1","Defend_R+1","Defend_R+1","Defend_R+1","Bash+1","Headbutt","Feel No Pain","Inflame+1","Feel No Pain","Pummel","True Grit+1","Spot Weakness","Sword Boomerang","Fiend Fire","Havoc+1","Shrug It Off","Exhume","Disarm","Apotheosis","Offering","Headbutt+1","Corruption","Exhume","Seeing Red","Jack Of All Trades","Infernal Blade"],"relics":["Burning Blood","Golden Idol","Shovel","Nunchaku","War Paint","Membership Card","Fusion Hammer","Lantern","Omamori","Centennial Puzzle","Incense Burner","Art of War","WingedGreaves","Regal Pillow","Calling Bell","Tiny Chest","Molten Egg 2","Turnip","Red Skull","Oddly Smooth Stone","Lee\u0027s Waffle","StoneCalendar","Happy Flower","Anchor","Dead Branch","PreservedInsect","Blood Vial","Bag of Marbles","Bottled Tornado","OrangePellets","Vajra","Ginger"],"potions_floor_usage":[11,28,54,55,55,55],"damage_taken":[{"damage":3,"enemies":"Small Slimes","floor":1,"turns":4},{"damage":0,"enemies":"2 Louse","floor":2,"turns":3},{"damage":1,"enemies":"Jaw Worm","floor":7,"turns":3},{"damage":25,"enemies":"3 Sentries","floor":8,"turns":14},{"damage":23,"enemies":"Lagavulin","floor":11,"turns":8},{"damage":10,"enemies":"Looter","floor":12,"turns":4},{"damage":3,"enemies":"Red Slaver","floor":14,"turns":4},{"damage":20,"enemies":"Slime Boss","floor":16,"turns":5},{"damage":14,"enemies":"Shell Parasite","floor":18,"turns":4},{"damage":9,"enemies":"2 Thieves","floor":21,"turns":3},{"damage":18,"enemies":"Gremlin Leader","floor":28,"turns":5},{"damage":0,"enemies":"Cultist and Chosen","floor":29,"turns":7},{"damage":53,"enemies":"Automaton","floor":33,"turns":10},{"damage":34,"enemies":"3 Darklings","floor":35,"turns":5},{"damage":6,"enemies":"2 Orb Walkers","floor":39,"turns":6},{"damage":12,"enemies":"Giant Head","floor":40,"turns":6},{"damage":1,"enemies":"Nemesis","floor":46,"turns":5},{"damage":0,"enemies":"Orb Walker","floor":48,"turns":3},{"damage":16,"enemies":"Awakened One","floor":50,"turns":6},{"damage":6,"enemies":"Shield and Spear","floor":54,"turns":2},{"damage":14,"enemies":"The Heart","floor":55,"turns":6}],"seed_played":"1256757060689300659","potions_obtained":[{"floor":7,"key":"Ancient Potion"},{"floor":8,"key":"Block Potion"},{"floor":11,"key":"SpeedPotion"},{"floor":14,"key":"Strength Potion"},{"floor":18,"key":"Block Potion"},{"floor":29,"key":"Dexterity Potion"},{"floor":54,"key":"Block Potion"}],"is_trial":false,"path_per_floor":["M","M","?","?","?","R","M","E","T","R","E","M","$","M","R","B",null,"M","$","?","M","?","R","?","R","T","?","E","M","R","$","R","B",null,"M","?","?","$","?","E","R","?","T","R","R","E","R","M","R","B",null,"R","$","E","B",null],"character_chosen":"IRONCLAD","items_purchased":["Membership Card","True Grit","Spot Weakness","Sword Boomerang","Lantern","Shrug It Off","Exhume","Strength Potion","Apotheosis","SteroidPotion","WingedGreaves","Corruption","Red Skull","Oddly Smooth Stone","Lee\u0027s Waffle","OrangePellets","Vajra","Jack Of All Trades","LiquidBronze"],"campfire_rested":1,"item_purchase_floors":[13,13,13,13,19,19,19,19,31,31,31,38,38,38,38,53,53,53,53],"current_hp_per_floor":[80,80,85,78,78,78,79,60,60,60,43,39,39,42,42,28,79,71,71,43,40,40,63,63,63,63,63,51,57,57,57,57,10,79,51,51,51,82,82,76,76,76,76,76,76,81,81,82,82,72,82,82,82,82,74],"gold":57,"neow_bonus":"HUNDRED_GOLD","is_prod":false,"is_daily":false,"chose_seed":false,"campfire_upgraded":3,"win_rate":0,"timestamp":1558210503,"path_taken":["M","M","?","?","?","R","?","E","T","R","E","M","$","M","R","BOSS","M","$","?","?","?","R","?","R","T","?","E","M","R","$","R","BOSS","M","?","?","$","?","E","R","?","T","R","R","E","R","M","R","BOSS","R","$","E","BOSS"],"build_version":"2019-05-07","purchased_purges":2,"victory":true,"max_hp_per_floor":[80,80,85,85,79,79,79,79,79,79,79,79,79,79,79,79,79,79,79,79,79,79,79,79,79,79,79,79,79,79,79,79,79,79,79,79,75,82,82,82,82,82,82,82,82,82,82,82,82,82,82,82,82,82,82],"card_choices":[{"not_picked":["Sword Boomerang","Searing Blow"],"picked":"Headbutt","floor":1},{"not_picked":["Power Through","Disarm"],"picked":"Feel No Pain","floor":2},{"not_picked":["Searing Blow","Warcry","Body Slam"],"picked":"SKIP","floor":7},{"not_picked":["Uppercut","Fire Breathing"],"picked":"Inflame","floor":8},{"not_picked":["Warcry","Dropkick"],"picked":"Feel No Pain","floor":11},{"not_picked":["Body Slam","Thunderclap"],"picked":"Pummel","floor":12},{"not_picked":["Dropkick","Havoc","Twin Strike"],"picked":"SKIP","floor":14},{"not_picked":["Brutality","Bludgeon"],"picked":"Fiend Fire","floor":16},{"not_picked":["Flex","Pommel Strike+1"],"picked":"Havoc+1","floor":18},{"not_picked":["Heavy Blade","Warcry","Twin Strike"],"picked":"SKIP","floor":21},{"not_picked":["Warcry+1","Heavy Blade"],"picked":"Disarm","floor":28},{"not_picked":["Wild Strike","Havoc","Twin Strike+1"],"picked":"SKIP","floor":29},{"not_picked":["Berserk","Fiend Fire"],"picked":"Offering","floor":33},{"not_picked":["Sword Boomerang+1","Perfected Strike+1"],"picked":"Headbutt+1","floor":35},{"not_picked":["Cleave+1","Clothesline+1"],"picked":"Body Slam+1","floor":39},{"not_picked":["Twin Strike+1","True Grit+1","Iron Wave+1"],"picked":"SKIP","floor":40},{"not_picked":["Spot Weakness","Wild Strike+1"],"picked":"Exhume","floor":46},{"not_picked":["Spot Weakness+1","Havoc+1"],"picked":"Seeing Red","floor":48},{"not_picked":["Feed+1","Clothesline+1"],"picked":"Infernal Blade","floor":54}],"player_experience":1421031,"relics_obtained":[{"floor":8,"key":"Shovel"},{"floor":9,"key":"Nunchaku"},{"floor":11,"key":"War Paint"},{"floor":25,"key":"Omamori"},{"floor":26,"key":"Centennial Puzzle"},{"floor":28,"key":"Incense Burner"},{"floor":30,"key":"Art of War"},{"floor":32,"key":"Regal Pillow"},{"floor":34,"key":"Tiny Chest"},{"floor":34,"key":"Molten Egg 2"},{"floor":34,"key":"Turnip"},{"floor":39,"key":"StoneCalendar"},{"floor":40,"key":"Happy Flower"},{"floor":41,"key":"Anchor"},{"floor":45,"key":"Dead Branch"},{"floor":46,"key":"PreservedInsect"},{"floor":47,"key":"Blood Vial"},{"floor":49,"key":"Bag of Marbles"},{"floor":52,"key":"Bottled Tornado"},{"floor":54,"key":"Ginger"}],"event_choices":[{"damage_healed":0,"gold_gain":0,"player_choice":"Donut","damage_taken":0,"max_hp_gain":5,"max_hp_loss":0,"event_name":"Big Fish","floor":3,"gold_loss":0},{"cards_removed":["Strike_R"],"damage_healed":0,"gold_gain":0,"player_choice":"Card Removal","damage_taken":7,"max_hp_gain":0,"max_hp_loss":0,"event_name":"Golden Wing","floor":4,"gold_loss":0},{"damage_healed":0,"gold_gain":0,"player_choice":"Lose Max HP","damage_taken":0,"relics_obtained":["Golden Idol"],"max_hp_gain":0,"max_hp_loss":6,"event_name":"Golden Idol","floor":5,"gold_loss":0},{"damage_healed":0,"gold_gain":270,"player_choice":"GOLD GOLD GOLD ","damage_taken":28,"max_hp_gain":0,"max_hp_loss":0,"event_name":"Knowing Skull","floor":20,"potions_obtained":[],"gold_loss":0,"cards_obtained":[]},{"damage_healed":0,"gold_gain":99,"player_choice":"Stole From Cult","damage_taken":0,"max_hp_gain":0,"max_hp_loss":0,"event_name":"Nest","floor":22,"gold_loss":0},{"damage_healed":0,"gold_gain":0,"player_choice":"Simplicity","damage_taken":0,"max_hp_gain":0,"max_hp_loss":0,"event_name":"Back to Basics","floor":24,"gold_loss":0,"cards_upgraded":["Strike_R","Strike_R","Strike_R","Defend_R","Defend_R"]},{"damage_healed":0,"gold_gain":0,"player_choice":"Ignored","damage_taken":0,"max_hp_gain":0,"max_hp_loss":0,"event_name":"Ghosts","floor":27,"gold_loss":0},{"damage_healed":0,"gold_gain":0,"player_choice":"Ignored","damage_taken":0,"max_hp_gain":0,"max_hp_loss":0,"event_name":"Tomb of Lord Red Mask","floor":36,"gold_loss":0},{"damage_healed":0,"gold_gain":0,"player_choice":"Max HP","damage_taken":0,"max_hp_gain":0,"max_hp_loss":4,"event_name":"Winding Halls","floor":37,"gold_loss":0},{"damage_healed":0,"gold_gain":0,"player_choice":"Fight","damage_taken":0,"max_hp_gain":0,"max_hp_loss":0,"event_name":"Mysterious Sphere","floor":39,"gold_loss":0},{"cards_removed":["Body Slam"],"damage_healed":0,"gold_gain":0,"player_choice":"Removed Attack","damage_taken":0,"max_hp_gain":0,"max_hp_loss":0,"event_name":"Falling","floor":42,"gold_loss":0}],"is_beta":true,"boss_relics":[{"not_picked":["Lizard Tail","White Beast Statue"],"picked":"Fusion Hammer"},{"not_picked":["Astrolabe","Busted Crown"],"picked":"Calling Bell"}],"items_purged_floors":[13,38],"is_endless":false,"potions_floor_spawned":[7,8,11,14,18,29,35,48,54],"ascension_level":1}