{"gold_per_floor":[115,115,115,128,142,142,142,163,163,187,74,117,137,178,178,298,298,318,333,333,333,372,372,391,416,442,442,456,356,356,390,390,510,510,535,555,555,574,699,699,453,453,503,503,503,503,204,218,218,218,218,218,43,87,87],"floor_reached":55,"playtime":2337,"items_purged":["Injury","Strike_R+1","Strike_R+1"],"score":720,"play_id":"9b318d7a-70fa-45a0-8f31-b1c5a74117fc","local_time":"20190515044551","is_ascension_mode":false,"campfire_choices":[{"data":"Inflame","floor":6.0,"key":"SMITH"},{"floor":15.0,"key":"REST"},{"data":"Demon Form","floor":23.0,"key":"SMITH"},{"data":"Whirlwind","floor":27.0,"key":"SMITH"},{"data":"Berserk","floor":30.0,"key":"SMITH"},{"floor":32.0,"key":"REST"},{"data":"Anger","floor":42.0,"key":"SMITH"},{"floor":46.0,"key":"RECALL"},{"data":"Seeing Red","floor":49.0,"key":"SMITH"},{"data":"Reaper","floor":52.0,"key":"SMITH"}],"neow_cost":"NONE","seed_source_timestamp":0,"circlet_count":0,"master_deck":["Strike_R+1","Strike_R+1","Defend_R+1","Defend_R+1","Defend_R+1","Defend_R+1","Bash","Offering","Cleave","Inflame+1","Anger+1","Armaments","Whirlwind+1","Demon Form+1","Thunderclap","Reaper+1","Berserk+1","Infernal Blade+1","Dark Shackles","Trip","Seeing Red+1","Sword Boomerang+1"],"special_seed":0,"relics":["Burning Blood","Golden Idol","Matryoshka","Centennial Puzzle","Darkstone Periapt","Bag of Preparation","Blood Vial","Busted Crown","MutagenicStrength","Red Mask","Omamori","PreservedInsect","Mark of Pain","Bird Faced Urn","Red Skull","Pen Nib","StoneCalendar","Ornamental Fan"],"potions_floor_usage":[55],"damage_taken":[{"damage":10.0,"enemies":"2 Louse","floor":1.0,"turns":2.0},{"damage":7.0,"enemies":"Cultist","floor":4.0,"turns":4.0},{"damage":9.0,"enemies":"Jaw Worm","floor":5.0,"turns":3.0},{"damage":18.0,"enemies":"Large Slime","floor":8.0,"turns":5.0},{"damage":5.0,"enemies":"Looter","floor":10.0,"turns":2.0},{"damage":11.0,"enemies":"Lagavulin","floor":12.0,"turns":4.0},{"damage":20.0,"enemies":"Exordium Thugs","floor":13.0,"turns":3.0},{"damage":15.0,"enemies":"3 Sentries","floor":14.0,"turns":2.0},{"damage":62.0,"enemies":"The Guardian","floor":16.0,"turns":9.0},{"damage":1.0,"enemies":"3 Byrds","floor":18.0,"turns":3.0},{"damage":42.0,"enemies":"2 Thieves","floor":19.0,"turns":4.0},{"damage":0.0,"enemies":"Masked Bandits","floor":22.0,"turns":2.0},{"damage":24.0,"enemies":"Shelled Parasite and Fungi","floor":24.0,"turns":3.0},{"damage":0.0,"enemies":"3 Cultists","floor":25.0,"turns":2.0},{"damage":22.0,"enemies":"Centurion and Healer","floor":28.0,"turns":4.0},{"damage":39.0,"enemies":"Book of Stabbing","floor":31.0,"turns":5.0},{"damage":51.0,"enemies":"Automaton","floor":33.0,"turns":6.0},{"damage":31.0,"enemies":"3 Shapes","floor":35.0,"turns":4.0},{"damage":0.0,"enemies":"3 Darklings","floor":36.0,"turns":1.0},{"damage":31.0,"enemies":"Sphere and 2 Shapes","floor":38.0,"turns":3.0},{"damage":28.0,"enemies":"Mind Bloom Boss Battle","floor":39.0,"turns":4.0},{"damage":7.0,"enemies":"Jaw Worm Horde","floor":48.0,"turns":2.0},{"damage":103.0,"enemies":"Awakened One","floor":50.0,"turns":7.0},{"damage":6.0,"enemies":"Shield and Spear","floor":54.0,"turns":2.0},{"damage":96,"enemies":"The Heart","floor":55,"turns":5}],"seed_played":"317360995157628338","potions_obtained":[{"floor":4.0,"key":"Swift Potion"},{"floor":8.0,"key":"PowerPotion"},{"floor":10.0,"key":"AttackPotion"},{"floor":12.0,"key":"Regen Potion"},{"floor":18.0,"key":"Weak Potion"},{"floor":22.0,"key":"SpeedPotion"},{"floor":25.0,"key":"Strength Potion"},{"floor":36.0,"key":"Swift Potion"},{"floor":38.0,"key":"SpeedPotion"}],"is_trial":false,"path_per_floor":["M","?","?","M","M","R","?","M","T","M","$","E","M","E","R","B",null,"M","M","?","?","?","R","M","M","T","R","M","$","R","E","R","B",null,"M","M","?","M","?","?","$","R","T","?","?","R","$","M","R","B",null,"R","$","E","B"],"character_chosen":"IRONCLAD","items_purchased":["Whirlwind","Red Skull","Dark Shackles","StoneCalendar","Energy Potion"],"campfire_rested":2,"item_purchase_floors":[11,41,41,47,53],"current_hp_per_floor":[76,76,76,75,72,72,72,60,60,61,61,56,42,33,57,49,80,80,56,56,56,80,80,62,80,80,80,64,64,64,43,67,54,80,55,63,63,59,39,39,39,39,39,39,59,59,59,79,79,14,80,80,80,80,0],"gold":87,"neow_bonus":"ONE_RANDOM_RARE_CARD","is_prod":false,"is_daily":false,"chose_seed":false,"campfire_upgraded":7,"win_rate":0,"timestamp":1557888351,"path_taken":["M","?","?","M","M","R","?","M","T","?","$","E","M","E","R","BOSS","M","M","?","?","?","R","M","M","T","R","?","$","R","E","R","BOSS","M","M","?","?","?","?","$","R","T","?","?","R","?","M","R","BOSS","R","$","E","BOSS"],"build_version":"2019-05-07","purchased_purges":3,"victory":false,"max_hp_per_floor":[80,80,80,80,80,80,80,80,80,80,80,80,80,80,80,80,80,80,80,80,80,80,80,80,80,80,80,80,80,80,80,80,80,80,80,80,80,80,80,80,80,80,80,80,80,80,80,80,80,80,80,80,80,80,80],"card_choices":[{"not_picked":["Metallicize","Heavy Blade"],"picked":"Cleave","floor":1.0},{"not_picked":["Heavy Blade","True Grit","Carnage"],"picked":"SKIP","floor":4.0},{"not_picked":["Heavy Blade","True Grit","Carnage"],"picked":"SKIP","floor":4.0},{"not_picked":["Bloodletting","Wild Strike"],"picked":"Inflame","floor":5.0},{"not_picked":["Havoc","Iron Wave"],"picked":"Anger","floor":8.0},{"not_picked":["Sword Boomerang","Twin Strike"],"picked":"Armaments","floor":10.0},{"not_picked":["Searing Blow","Havoc"],"picked":"Demon Form","floor":12.0},{"not_picked":["Rupture","Headbutt"],"picked":"Thunderclap","floor":13.0},{"not_picked":["Sentinel","Clash"],"picked":"Reaper","floor":14.0},{"not_picked":["Brutality","Juggernaut"],"picked":"Berserk","floor":16.0},{"not_picked":["Iron Wave"],"picked":"SKIP","floor":18.0},{"not_picked":["Hemokinesis"],"picked":"SKIP","floor":19.0},{"not_picked":["Burning Pact+1"],"picked":"SKIP","floor":24.0},{"not_picked":["Havoc"],"picked":"SKIP","floor":25.0},{"not_picked":["Carnage"],"picked":"SKIP","floor":28.0},{"not_picked":["Clash"],"picked":"SKIP","floor":31.0},{"not_picked":[],"picked":"Infernal Blade+1","floor":35.0},{"not_picked":["Armaments"],"picked":"SKIP","floor":36.0},{"not_picked":["Evolve"],"picked":"SKIP","floor":38.0},{"not_picked":[],"picked":"Trip","floor":44.0},{"not_picked":[],"picked":"Seeing Red","floor":48.0},{"not_picked":[],"picked":"Sword Boomerang+1","floor":54.0}],"player_experience":376279,"relics_obtained":[{"floor":9.0,"key":"Centennial Puzzle"},{"floor":9.0,"key":"Darkstone Periapt"},{"floor":12.0,"key":"Bag of Preparation"},{"floor":14.0,"key":"Blood Vial"},{"floor":22.0,"key":"Red Mask"},{"floor":26.0,"key":"Omamori"},{"floor":31.0,"key":"PreservedInsect"},{"floor":39.0,"key":"Bird Faced Urn"},{"floor":43.0,"key":"Pen Nib"},{"floor":54.0,"key":"Ornamental Fan"}],"event_choices":[{"damage_healed":0.0,"max_hp_gain":0.0,"max_hp_loss":0.0,"gold_gain":0.0,"event_name":"Golden Idol","player_choice":"Take Wound","floor":2.0,"gold_loss":0.0,"damage_taken":0.0,"relics_obtained":["Golden Idol"],"cards_obtained":["Injury"]},{"damage_healed":0.0,"max_hp_gain":0.0,"max_hp_loss":0.0,"gold_gain":0.0,"event_name":"Big Fish","player_choice":"Box","floor":3.0,"gold_loss":0.0,"damage_taken":0.0,"relics_obtained":["Matryoshka"],"cards_obtained":["Regret"]},{"cards_removed":["Regret"],"damage_healed":0.0,"max_hp_gain":0.0,"max_hp_loss":0.0,"gold_gain":0.0,"event_name":"Purifier","player_choice":"Purged","floor":7.0,"gold_loss":0.0,"damage_taken":0.0},{"damage_healed":0.0,"max_hp_gain":0.0,"max_hp_loss":0.0,"gold_gain":0.0,"event_name":"Drug Dealer","player_choice":"Inject Mutagens","floor":20.0,"gold_loss":0.0,"damage_taken":0.0,"relics_obtained":["MutagenicStrength"]},{"damage_healed":0.0,"max_hp_gain":0.0,"max_hp_loss":0.0,"gold_gain":0.0,"event_name":"Back to Basics","player_choice":"Simplicity","floor":21.0,"gold_loss":0.0,"damage_taken":0.0,"cards_upgraded":["Strike_R","Strike_R","Strike_R","Strike_R","Strike_R","Defend_R","Defend_R","Defend_R","Defend_R"]},{"damage_healed":0.0,"max_hp_gain":0.0,"max_hp_loss":0.0,"gold_gain":0.0,"event_name":"Masked Bandits","player_choice":"Fought Bandits","floor":22.0,"gold_loss":0.0,"damage_taken":0.0},{"damage_healed":0.0,"max_hp_gain":0.0,"max_hp_loss":0.0,"gold_gain":0.0,"event_name":"SecretPortal","player_choice":"Ignored","floor":37.0,"gold_loss":0.0,"damage_taken":0.0},{"damage_healed":0.0,"max_hp_gain":0.0,"max_hp_loss":0.0,"gold_gain":0.0,"event_name":"MindBloom","player_choice":"Fight","floor":39.0,"gold_loss":0.0,"damage_taken":0.0},{"cards_removed":["Strike_R"],"damage_healed":0.0,"max_hp_gain":0.0,"max_hp_loss":0.0,"gold_gain":0.0,"event_name":"Falling","player_choice":"Removed Attack","floor":40.0,"gold_loss":0.0,"damage_taken":0.0},{"damage_healed":0.0,"max_hp_gain":0.0,"max_hp_loss":0.0,"gold_gain":0.0,"event_name":"SensoryStone","player_choice":"Memory 1","floor":44.0,"gold_loss":0.0,"damage_taken":0.0},{"damage_healed":20.0,"max_hp_gain":0.0,"max_hp_loss":0.0,"gold_gain":0.0,"event_name":"Winding Halls","player_choice":"Writhe","floor":45.0,"gold_loss":0.0,"damage_taken":0.0,"cards_obtained":["Writhe"]}],"is_beta":true,"boss_relics":[{"not_picked":["Black Star","Empty Cage"],"picked":"Busted Crown"},{"not_picked":["Snecko Eye","Astrolabe"],"picked":"Mark of Pain"}],"items_purged_floors":[11,29,53],"is_endless":false,"potions_floor_spawned":[4,8,10,12,18,22,25,28,36,38,48],"killed_by":"The Heart","ascension_level":0}