{"gold_per_floor":[117,117,128,303,303,336,336,356,356,370,14,29,45,14,14,114,164,182,202,202,202,219,219,219],"floor_reached":24,"playtime":1142,"items_purged":["Defend_B"],"score":198,"play_id":"d5d75ac5-a27d-4285-ac44-70edf96e4d9f","local_time":"20190507111148","is_ascension_mode":false,"campfire_choices":[{"floor":7.0,"key":"REST"},{"floor":15.0,"key":"REST"},{"floor":23.0,"key":"REST"}],"neow_cost":"NONE","seed_source_timestamp":0,"circlet_count":0,"master_deck":["Strike_B","Strike_B","Strike_B","Strike_B","Defend_B","Defend_B+1","Defend_B","Zap","Dualcast","Capacitor+1","Hologram","Doubt","Conserve Battery","Coolheaded","Go for the Eyes","Ball Lightning","Conserve Battery","Glacier","Violence","Rebound","Chaos","Chaos","Seek","Sweeping Beam","Chaos+1","Consume","Go for the Eyes+1"],"special_seed":0,"relics":["Cracked Core","Bronze Scales","Strawberry","The Courier","Pen Nib","Nloth\u0027s Gift"],"potions_floor_usage":[],"damage_taken":[{"damage":1.0,"enemies":"Cultist","floor":1.0,"turns":3.0},{"damage":6.0,"enemies":"Jaw Worm","floor":3.0,"turns":4.0},{"damage":50.0,"enemies":"3 Sentries","floor":6.0,"turns":7.0},{"damage":5.0,"enemies":"Small Slimes","floor":8.0,"turns":4.0},{"damage":4.0,"enemies":"3 Louse","floor":10.0,"turns":3.0},{"damage":12.0,"enemies":"Lots of Slimes","floor":12.0,"turns":3.0},{"damage":0.0,"enemies":"Exordium Thugs","floor":13.0,"turns":4.0},{"damage":12.0,"enemies":"Hexaghost","floor":16.0,"turns":11.0},{"damage":12.0,"enemies":"Chosen","floor":18.0,"turns":6.0},{"damage":32.0,"enemies":"2 Thieves","floor":19.0,"turns":5.0},{"damage":35.0,"enemies":"Chosen and Byrds","floor":22.0,"turns":7.0},{"damage":38,"enemies":"Book of Stabbing","floor":24,"turns":6}],"seed_played":"-2458769811782469202","potions_obtained":[{"floor":6.0,"key":"SpeedPotion"},{"floor":8.0,"key":"GamblersBrew"},{"floor":12.0,"key":"Poison Potion"},{"floor":17.0,"key":"SteroidPotion"},{"floor":18.0,"key":"Strength Potion"}],"is_trial":false,"path_per_floor":["M","?","M","?","T","E","R","M","T","M","$","M","M","$","R","B",null,"M","M","?","?","M","R","E"],"character_chosen":"DEFECT","items_purchased":["Ball Lightning","Conserve Battery","Glacier","Violence","Chaos"],"campfire_rested":3,"item_purchase_floors":[11,11,11,11,14],"current_hp_per_floor":[74,74,68,68,75,25,49,44,44,40,40,28,28,28,52,40,87,75,43,43,43,8,34,0],"gold":219,"neow_bonus":"RANDOM_COMMON_RELIC","is_prod":false,"is_daily":false,"chose_seed":false,"campfire_upgraded":0,"win_rate":0,"timestamp":1557241908,"path_taken":["M","?","M","?","?","E","R","M","T","?","?","M","M","$","R","BOSS","M","?","?","?","?","R","E"],"build_version":"2019-01-23","purchased_purges":1,"victory":false,"max_hp_per_floor":[75,75,75,75,82,82,82,82,82,82,82,82,82,82,82,82,87,87,87,87,87,87,87,87],"card_choices":[{"not_picked":["Conserve Battery","Tempest"],"picked":"Capacitor","floor":1.0},{"not_picked":["Stack","Streamline"],"picked":"Hologram","floor":3.0},{"not_picked":["Beam Cell","Compile Driver"],"picked":"Conserve Battery","floor":6.0},{"not_picked":["Steam Power","Conserve Battery"],"picked":"Coolheaded","floor":8.0},{"not_picked":["Beam Cell","Gash"],"picked":"Go for the Eyes","floor":10.0},{"not_picked":["Leap","Sweeping Beam"],"picked":"Rebound","floor":12.0},{"not_picked":["Hologram","Beam Cell"],"picked":"Chaos","floor":13.0},{"not_picked":["Core Surge","All For One"],"picked":"Seek","floor":16.0},{"not_picked":["Beam Cell","Go for the Eyes"],"picked":"Sweeping Beam","floor":17.0},{"not_picked":["Melter","BootSequence"],"picked":"Chaos+1","floor":18.0},{"not_picked":["Conserve Battery","Genetic Algorithm"],"picked":"Consume","floor":19.0},{"not_picked":["Reboot","Beam Cell+1"],"picked":"Go for the Eyes+1","floor":22.0}],"player_experience":271765,"relics_obtained":[{"floor":5.0,"key":"Strawberry"},{"floor":6.0,"key":"The Courier"},{"floor":9.0,"key":"Pen Nib"}],"event_choices":[{"damage_healed":0.0,"max_hp_gain":0.0,"max_hp_loss":0.0,"gold_gain":0.0,"event_name":"Living Wall","player_choice":"Grow","floor":2.0,"gold_loss":0.0,"damage_taken":0.0,"cards_upgraded":["Capacitor"]},{"damage_healed":0.0,"max_hp_gain":0.0,"max_hp_loss":0.0,"gold_gain":175.0,"event_name":"Liars Game","player_choice":"AGREE","floor":4.0,"gold_loss":0.0,"damage_taken":0.0,"cards_obtained":["Doubt"]},{"damage_healed":0.0,"max_hp_gain":0.0,"max_hp_loss":0.0,"gold_gain":0.0,"event_name":"Ghosts","player_choice":"Ignored","floor":20.0,"gold_loss":0.0,"damage_taken":0.0},{"damage_healed":0.0,"max_hp_gain":0.0,"max_hp_loss":0.0,"gold_gain":0.0,"event_name":"N\u0027loth","player_choice":"Traded Relic","floor":21.0,"relics_lost":["Tiny House"],"gold_loss":0.0,"damage_taken":0.0,"relics_obtained":["Nloth\u0027s Gift"]}],"is_beta":false,"boss_relics":[{"not_picked":["Busted Crown","Sozu"],"picked":"Tiny House"}],"items_purged_floors":[11],"is_endless":false,"potions_floor_spawned":[6,8,12,13,18,19],"killed_by":"Book of Stabbing","ascension_level":0}