{"gold_per_floor":[114,134,150,33,108,108,118,134,434,434,510,526,526,536,536,639,639,658,646,646,660,349,381,381,381,434,452,477,495,495],"floor_reached":30,"playtime":1959,"items_purged":[],"score":269,"play_id":"70a5b751-05f7-4e1f-a896-882a5ead52e7","local_time":"20181007220434","is_ascension_mode":false,"campfire_choices":[{"data":"Consume","floor":6.0,"key":"SMITH"},{"floor":10.0,"key":"REST"},{"floor":13.0,"key":"REST"},{"floor":15.0,"key":"REST"},{"floor":24.0,"key":"REST"}],"neow_cost":"NONE","seed_source_timestamp":0,"circlet_count":0,"master_deck":["Strike_B","Strike_B","Strike_B","Strike_B","Defend_B","Defend_B","Defend_B","Defend_B","Zap","Dualcast","Cold Snap","Consume+1","Streamline","Echo Form","Redo","White Noise","Ball Lightning","Fusion","Fusion","Seek","Auto Shields","FTL","Self Repair+1","Static Discharge","Magnetism","Force Field","Capacitor","Glacier","Loop+1","Conserve Battery"],"special_seed":0,"relics":["Cracked Core","Old Coin","Pear","Lizard Tail","Bottled Tornado","Incense Burner","Smiling Mask","Red Mask"],"potions_floor_usage":[],"damage_taken":[{"damage":5.0,"enemies":"Jaw Worm","floor":1.0,"turns":4.0},{"damage":4.0,"enemies":"2 Louse","floor":2.0,"turns":2.0},{"damage":0.0,"enemies":"Cultist","floor":3.0,"turns":4.0},{"damage":23.0,"enemies":"Exordium Wildlife","floor":7.0,"turns":4.0},{"damage":18.0,"enemies":"Exordium Thugs","floor":8.0,"turns":7.0},{"damage":11.0,"enemies":"Red Slaver","floor":12.0,"turns":3.0},{"damage":14.0,"enemies":"2 Fungi Beasts","floor":14.0,"turns":3.0},{"damage":54.0,"enemies":"The Guardian","floor":16.0,"turns":10.0},{"damage":21.0,"enemies":"Spheric Guardian","floor":18.0,"turns":4.0},{"damage":20.0,"enemies":"2 Thieves","floor":19.0,"turns":4.0},{"damage":8.0,"enemies":"Snecko","floor":21.0,"turns":4.0},{"damage":39.0,"enemies":"Book of Stabbing","floor":23.0,"turns":6.0},{"damage":29.0,"enemies":"Sentry and Sphere","floor":27.0,"turns":5.0},{"damage":33.0,"enemies":"Masked Bandits","floor":28.0,"turns":6.0},{"damage":27.0,"enemies":"Cultist and Chosen","floor":29.0,"turns":7.0},{"damage":27,"enemies":"Snake Plant","floor":30,"turns":3}],"seed_played":"6437116413054455166","potions_obtained":[{"floor":3.0,"key":"Poison Potion"},{"floor":14.0,"key":"SpeedPotion"},{"floor":18.0,"key":"Explosive Potion"},{"floor":21.0,"key":"Poison Potion"},{"floor":23.0,"key":"AttackPotion"}],"is_trial":false,"path_per_floor":["M","M","M","$","?","R","M","M","T","R","T","M","R","M","R","B",null,"M","M","?","M","$","E","R","?","T","M","?","M"],"character_chosen":"DEFECT","items_purchased":["Echo Form","Redo","Static Discharge","Magnetism","Force Field"],"campfire_rested":4,"item_purchase_floors":[4,4,22,22,22],"current_hp_per_floor":[77,73,73,73,62,62,39,21,21,45,55,44,71,57,84,30,92,71,51,33,25,25,54,83,83,83,64,51,24,0],"gold":495,"neow_bonus":"TEN_PERCENT_HP_BONUS","is_prod":false,"is_daily":false,"chose_seed":false,"campfire_upgraded":1,"win_rate":0,"timestamp":1538964274,"path_taken":["M","M","M","$","?","R","M","M","T","R","?","?","R","?","R","BOSS","M","M","?","M","$","E","R","?","T","M","?","M","M"],"build_version":"2018-10-04v2","purchased_purges":0,"victory":false,"max_hp_per_floor":[82,82,82,82,82,82,82,82,82,82,92,92,92,92,92,92,92,92,92,97,97,97,97,97,97,97,97,97,97,97],"card_choices":[{"not_picked":["Turbo","Lockon"],"picked":"Cold Snap","floor":1.0},{"not_picked":["Go for the Eyes","Stack"],"picked":"Consume","floor":2.0},{"not_picked":["Coolheaded","Fission"],"picked":"Streamline","floor":3.0},{"not_picked":["Sunder","Sweeping Beam"],"picked":"White Noise","floor":7.0},{"not_picked":["Stack","Recycle"],"picked":"Ball Lightning","floor":8.0},{"not_picked":["Turbo","Reprogram"],"picked":"Fusion","floor":12.0},{"not_picked":["Streamline","Sweeping Beam"],"picked":"Fusion","floor":14.0},{"not_picked":["Reboot","Thunder Strike"],"picked":"Seek","floor":16.0},{"not_picked":["Coolheaded+1","Ball Lightning+1"],"picked":"Auto Shields","floor":18.0},{"not_picked":["Streamline+1","Compile Driver+1"],"picked":"FTL","floor":19.0},{"not_picked":["Genetic Algorithm","Beam Cell"],"picked":"Self Repair+1","floor":21.0},{"not_picked":["Undo+1","Electrodynamics"],"picked":"Capacitor","floor":23.0},{"not_picked":["Consume+1","Stack"],"picked":"Glacier","floor":27.0},{"not_picked":["Darkness","Beam Cell"],"picked":"Loop+1","floor":28.0},{"not_picked":["Steam","Cold Snap"],"picked":"Conserve Battery","floor":29}],"player_experience":127236,"relics_obtained":[{"floor":9.0,"key":"Old Coin"},{"floor":11.0,"key":"Pear"},{"floor":23.0,"key":"Bottled Tornado"},{"floor":26.0,"key":"Smiling Mask"},{"floor":28.0,"key":"Red Mask"}],"event_choices":[{"event_name":"World of Goop","player_choice":"Gather Gold","floor":5.0,"damage_taken":0.0},{"event_name":"Forgotten Altar","player_choice":"Shed Blood","floor":20.0,"damage_taken":0.0},{"event_name":"The Mausoleum","player_choice":"Yes","floor":25.0,"damage_taken":0.0},{"event_name":"Masked Bandits","player_choice":"Fought Bandits","floor":28.0,"damage_taken":0.0}],"is_beta":false,"boss_relics":[{"not_picked":["Black Star","Pandora\u0027s Box"],"picked":"Lizard Tail"}],"items_purged_floors":[],"is_endless":false,"potions_floor_spawned":[3,14,18,19,21,23],"killed_by":"Snake Plant","ascension_level":0}