{"path_per_floor":["M","M","?","?","M","R","M","M","T","E","M","$","M","$","R","B",null,"M","M","$","?","T","R","E","R","T","M","?","M","R","M","R"],"character_chosen":"DEFECT","items_purchased":["All For One","Gash","Apotheosis"],"gold_per_floor":[115,135,85,260,270,270,283,303,326,387,397,148,164,64,64,167,167,186,205,29,29,76,76,104,104,104,122,122,142,142,162,162,162],"floor_reached":33,"campfire_rested":4,"playtime":2818,"current_hp_per_floor":[75,70,70,70,69,69,65,60,60,26,19,19,13,13,35,5,75,43,39,39,64,64,64,26,48,48,21,21,1,23,23,45,0],"items_purged":["Doubt","Strike_B"],"gold":162,"score":269,"play_id":"d6daa535-7e0b-4ac0-84fd-3bffba0a677b","local_time":"20180428140307","is_prod":false,"is_daily":false,"chose_seed":false,"is_ascension_mode":false,"campfire_upgraded":2,"timestamp":1524916987,"path_taken":["M","?","?","?","M","R","M","M","T","E","?","$","M","$","R","BOSS","M","?","$","?","?","R","E","R","T","M","?","M","R","M","R","BOSS"],"build_version":"2018-04-27v3","seed_source_timestamp":1365027856887683,"purchased_purges":2,"victory":false,"master_deck":["Strike_B","Strike_B","Defend_B","Defend_B","Defend_B","Defend_B","Zap","Dualcast","Sweeping Beam","Rebound","Doom and Gloom+1","Skim","Static Discharge","Beam Cell","All For One","Gash","Fission","Biased Cognition","Skim+1","Axe Kick","Apotheosis+1","Injury","Beam Cell+1","Regret","Streamline","Barrage+1"],"max_hp_per_floor":[75,75,75,75,75,75,75,75,75,75,75,75,75,75,75,75,75,75,75,75,75,75,75,75,75,75,75,75,75,75,75,75,75],"relics":["Cracked Core","Oddly Smooth Stone","Bag of Preparation","Tiny Chest","Cursed Key","Bronze Scales","Bag of Marbles","Shovel"],"card_choices":[{"not_picked":["Stack","Conserve Battery"],"picked":"Sweeping Beam","floor":1},{"not_picked":["Stack","Cold Snap"],"picked":"Rebound","floor":2},{"not_picked":["Coolheaded","Sweeping Beam"],"picked":"Doom and Gloom","floor":5},{"not_picked":["Chaos","Loop"],"picked":"Skim","floor":7},{"not_picked":["Hello World","Storm"],"picked":"Static Discharge","floor":10},{"not_picked":["Barrage","Self Repair"],"picked":"Beam Cell","floor":11},{"not_picked":["Axe Kick","Aggregate"],"picked":"Fission","floor":13},{"not_picked":["Prime","Rainbow"],"picked":"Biased Cognition","floor":16},{"not_picked":["Go for the Eyes","Hologram"],"picked":"Skim","floor":18},{"not_picked":["Go for the Eyes","Ball Lightning"],"picked":"Axe Kick","floor":19},{"not_picked":["Reinforced Body","Skim"],"picked":"Beam Cell","floor":24},{"not_picked":["Rainbow","Doom and Gloom"],"picked":"Streamline","floor":27},{"not_picked":["Glacier","Beam Cell"],"picked":"Barrage","floor":29}],"player_experience":250757,"potions_floor_usage":[16,16,29,33,33],"damage_taken":[{"damage":0,"enemies":"Cultist","floor":1,"turns":3},{"damage":5,"enemies":"2 Louse","floor":2,"turns":3},{"damage":1,"enemies":"Small Slimes","floor":5,"turns":2},{"damage":4,"enemies":"Looter","floor":7,"turns":3},{"damage":5,"enemies":"3 Louse","floor":8,"turns":2},{"damage":34,"enemies":"Gremlin Nob","floor":10,"turns":5},{"damage":7,"enemies":"Red Slaver","floor":11,"turns":3},{"damage":6,"enemies":"Lots of Slimes","floor":13,"turns":2},{"damage":30,"enemies":"Hexaghost","floor":16,"turns":8},{"damage":32,"enemies":"Shell Parasite","floor":18,"turns":4},{"damage":4,"enemies":"Spheric Guardian","floor":19,"turns":3},{"damage":38,"enemies":"Gremlin Leader","floor":24,"turns":5},{"damage":27,"enemies":"Snake Plant","floor":27,"turns":3},{"damage":20,"enemies":"Centurion and Healer","floor":29,"turns":3},{"damage":0,"enemies":"Cultist and Chosen","floor":31,"turns":4},{"damage":45,"enemies":"Collector","floor":33,"turns":6}],"event_choices":[{"event_name":"The Cleric","player_choice":"Card Removal","floor":3,"damage_taken":0},{"event_name":"Liars Game","player_choice":"agreed","floor":4,"damage_taken":0},{"event_name":"The Library","player_choice":"Heal","floor":21,"damage_taken":0},{"event_name":"The Lab","player_choice":"Got Potions","floor":28,"damage_taken":0}],"boss_relics":[{"not_picked":["Black Star","Ectoplasm"],"picked":"Cursed Key"}],"potions_floor_spawned":[2,8,10,24,27],"seed_played":"-533148537840262889","killed_by":"Collector","ascension_level":0,"is_trial":false}