{"gold_per_floor":[117,117,192,202,202,232,18,49,126,126,26,53,53,72,72,170,170,184,284,38,52,63,63,93,119,119,119,139,151,169,169,169,270,270,282,282,382,407,421,421,421,421,498,304,304,281,281,34,34,34],"floor_reached":51,"playtime":1974,"items_purged":["Strike_B","Strike_B"],"score":1045,"play_id":"408aabf7-cdc4-43e7-a54e-4c2c4d8173f5","local_time":"20190419134353","is_ascension_mode":true,"campfire_choices":[{"data":"Streamline","floor":10.0,"key":"SMITH"},{"data":"Hologram","floor":13.0,"key":"SMITH"},{"floor":15.0,"key":"REST"},{"floor":23.0,"key":"REST"},{"floor":32.0,"key":"REST"},{"data":"Machine Learning","floor":40.0,"key":"SMITH"},{"floor":47.0,"key":"REST"},{"data":"Leap","floor":49.0,"key":"SMITH"}],"neow_cost":"NONE","seed_source_timestamp":1791732201893376,"circlet_count":0,"master_deck":["Defend_B","Defend_B","Defend_B","Zap","Gash","Gash","Streamline+1","Hologram+1","Flash of Steel","Leap+1","Gash+1","Gash+1","Machine Learning+1","Glacier+1","Go for the Eyes+1","Conserve Battery+1","Steam+1","Beam Cell+1","Gash+1","Skim+1","All For One+1","Hologram+1","Leap+1","Turbo+1","Conserve Battery+1","All For One+1","Gash+1","Go for the Eyes+1","Conserve Battery+1"],"special_seed":0,"relics":["Cracked Core","NeowsBlessing","Ancient Tea Set","Happy Flower","Molten Egg 2","Toxic Egg 2","Vajra","Empty Cage","Thread and Needle","Kunai","Regal Pillow","Anchor","MutagenicStrength","Orrery","Unceasing Top","Pen Nib","Mercury Hourglass","DollysMirror","Bronze Scales"],"potions_floor_usage":[50,50],"damage_taken":[{"damage":0.0,"enemies":"2 Louse","floor":1.0,"turns":1.0},{"damage":0.0,"enemies":"Small Slimes","floor":4.0,"turns":1.0},{"damage":0.0,"enemies":"Gremlin Nob","floor":6.0,"turns":1.0},{"damage":17.0,"enemies":"Lagavulin","floor":8.0,"turns":5.0},{"damage":17.0,"enemies":"3 Sentries","floor":12.0,"turns":7.0},{"damage":0.0,"enemies":"Cultist","floor":14.0,"turns":1.0},{"damage":26.0,"enemies":"Slime Boss","floor":16.0,"turns":7.0},{"damage":1.0,"enemies":"Spheric Guardian","floor":18.0,"turns":3.0},{"damage":25.0,"enemies":"Colosseum Slavers","floor":19.0,"turns":4.0},{"damage":17.0,"enemies":"Colosseum Nobs","floor":19.0,"turns":4.0},{"damage":0.0,"enemies":"2 Thieves","floor":21.0,"turns":4.0},{"damage":0.0,"enemies":"Centurion and Healer","floor":22.0,"turns":6.0},{"damage":20.0,"enemies":"Slavers","floor":24.0,"turns":6.0},{"damage":0.0,"enemies":"Cultist and Chosen","floor":28.0,"turns":5.0},{"damage":0.0,"enemies":"3 Cultists","floor":29.0,"turns":5.0},{"damage":7.0,"enemies":"Sentry and Sphere","floor":30.0,"turns":5.0},{"damage":3.0,"enemies":"Champ","floor":33.0,"turns":7.0},{"damage":0.0,"enemies":"3 Shapes","floor":35.0,"turns":5.0},{"damage":7.0,"enemies":"Mind Bloom Boss Battle","floor":37.0,"turns":5.0},{"damage":0.0,"enemies":"3 Darklings","floor":39.0,"turns":3.0},{"damage":3,"enemies":"Time Eater","floor":50,"turns":5}],"seed_played":"-7206715108985939009","potions_obtained":[{"floor":4.0,"key":"Regen Potion"},{"floor":12.0,"key":"Poison Potion"},{"floor":14.0,"key":"Energy Potion"},{"floor":22.0,"key":"FairyPotion"},{"floor":24.0,"key":"SmokeBomb"},{"floor":28.0,"key":"SteroidPotion"},{"floor":35.0,"key":"Dexterity Potion"},{"floor":39.0,"key":"FocusPotion"}],"is_trial":false,"path_per_floor":["M","?","?","M","?","E","$","E","T","R","$","E","R","M","R","B",null,"M","?","$","M","M","R","E","T","T","?","M","M","M","?","R","B",null,"M","?","?","T","M","R","?","?","T","$","?","$","R","$","R","B",null],"character_chosen":"DEFECT","items_purchased":["Hologram","Flash of Steel","Go for the Eyes+1","Regal Pillow","Swift Potion","DollysMirror","Go for the Eyes+1","Strength Potion","Conserve Battery+1","Bronze Scales"],"campfire_rested":4,"item_purchase_floors":[7,7,20,20,20,44,46,48,48,48],"current_hp_per_floor":[68,61,50,50,50,50,50,47,47,47,47,30,30,30,52,26,63,62,20,20,20,20,57,37,37,37,37,37,37,30,30,67,64,72,72,72,65,65,65,65,65,65,65,65,65,65,71,71,71,68],"gold":34,"neow_bonus":"THREE_ENEMY_KILL","is_prod":false,"is_daily":false,"chose_seed":false,"campfire_upgraded":4,"win_rate":0,"timestamp":1555649033,"path_taken":["M","?","?","M","?","E","$","E","T","R","$","E","R","?","R","BOSS","M","?","$","M","M","R","E","?","T","?","M","M","M","?","R","BOSS","M","?","?","?","M","R","?","?","T","$","?","?","R","$","R","BOSS"],"build_version":"2019-01-23","purchased_purges":2,"victory":true,"max_hp_per_floor":[75,75,75,75,75,75,75,75,75,75,75,75,75,75,75,75,75,75,75,75,75,75,75,75,75,75,75,75,75,75,75,75,75,75,75,75,75,75,75,75,75,75,75,75,71,71,71,71,71,71],"card_choices":[{"not_picked":["Cold Snap","Hologram"],"picked":"Gash","floor":1.0},{"not_picked":["Ball Lightning","Turbo"],"picked":"Gash","floor":4.0},{"not_picked":["Melter","Fusion"],"picked":"Streamline","floor":6.0},{"not_picked":["Ball Lightning","Sweeping Beam"],"picked":"Leap","floor":8.0},{"not_picked":["Fission+1","Hologram+1"],"picked":"Gash+1","floor":12.0},{"not_picked":["Leap+1","Rebound+1"],"picked":"Gash+1","floor":14.0},{"not_picked":["Meteor Strike+1","Seek+1"],"picked":"Machine Learning","floor":16.0},{"not_picked":["Tempest+1","Barrage+1","Sweeping Beam+1"],"picked":"SKIP","floor":18.0},{"not_picked":["Sweeping Beam+1","Consume+1"],"picked":"Glacier+1","floor":19.0},{"not_picked":["Chaos+1","Compile Driver+1","Aggregate+1"],"picked":"SKIP","floor":21.0},{"not_picked":["Compile Driver+1","BootSequence+1"],"picked":"Conserve Battery+1","floor":22.0},{"not_picked":["Reinforced Body+1","Scrape+1"],"picked":"Steam+1","floor":24.0},{"not_picked":["Ball Lightning+1","Conserve Battery+1"],"picked":"Beam Cell+1","floor":28.0},{"not_picked":["Skim+1","Beam Cell+1"],"picked":"Gash+1","floor":29.0},{"not_picked":["Rebound+1","Chill+1"],"picked":"Skim+1","floor":30.0},{"not_picked":["Rainbow+1","Fission+1"],"picked":"All For One+1","floor":33.0},{"not_picked":["Sunder+1","Go for the Eyes+1"],"picked":"Hologram+1","floor":34.0},{"not_picked":["Reprogram+1","Genetic Algorithm+1"],"picked":"Leap+1","floor":34.0},{"not_picked":["Go for the Eyes+1","Sunder+1"],"picked":"Turbo+1","floor":34.0},{"not_picked":["Aggregate+1","Coolheaded+1"],"picked":"Conserve Battery+1","floor":34.0},{"not_picked":["Steam+1","Darkness+1"],"picked":"All For One+1","floor":35.0},{"not_picked":["Turbo+1","Streamline+1","Cold Snap+1"],"picked":"SKIP","floor":39.0}],"player_experience":247296,"relics_obtained":[{"floor":6.0,"key":"Happy Flower"},{"floor":8.0,"key":"Molten Egg 2"},{"floor":9.0,"key":"Toxic Egg 2"},{"floor":12.0,"key":"Vajra"},{"floor":19.0,"key":"Thread and Needle"},{"floor":19.0,"key":"Kunai"},{"floor":25.0,"key":"Anchor"},{"floor":37.0,"key":"Unceasing Top"},{"floor":38.0,"key":"Pen Nib"},{"floor":43.0,"key":"Mercury Hourglass"}],"event_choices":[{"damage_healed":0.0,"max_hp_gain":0.0,"max_hp_loss":0.0,"gold_gain":0.0,"event_name":"Scrap Ooze","player_choice":"Success","floor":2.0,"gold_loss":0.0,"damage_taken":7.0,"relics_obtained":["Ancient Tea Set"]},{"damage_healed":0.0,"max_hp_gain":0.0,"max_hp_loss":0.0,"gold_gain":75.0,"event_name":"World of Goop","player_choice":"Gather Gold","floor":3.0,"gold_loss":0.0,"damage_taken":11.0},{"cards_removed":["Strike_B"],"damage_healed":0.0,"max_hp_gain":0.0,"max_hp_loss":0.0,"gold_gain":0.0,"event_name":"Purifier","player_choice":"Purged","floor":5.0,"gold_loss":0.0,"damage_taken":0.0},{"damage_healed":0.0,"max_hp_gain":0.0,"max_hp_loss":0.0,"gold_gain":0.0,"event_name":"Colosseum","player_choice":"Fight","floor":19.0,"gold_loss":0.0,"damage_taken":0.0},{"damage_healed":0.0,"max_hp_gain":0.0,"max_hp_loss":0.0,"gold_gain":0.0,"event_name":"Colosseum","player_choice":"Fought Nobs","floor":19.0,"gold_loss":0.0,"damage_taken":0.0},{"damage_healed":0.0,"max_hp_gain":0.0,"max_hp_loss":0.0,"gold_gain":0.0,"event_name":"Vampires","player_choice":"Ignored","floor":27.0,"gold_loss":0.0,"damage_taken":0.0},{"damage_healed":0.0,"max_hp_gain":0.0,"max_hp_loss":0.0,"gold_gain":0.0,"event_name":"Drug Dealer","player_choice":"Inject Mutagens","floor":31.0,"gold_loss":0.0,"damage_taken":0.0,"relics_obtained":["MutagenicStrength"]},{"damage_healed":0.0,"max_hp_gain":0.0,"max_hp_loss":0.0,"gold_gain":0.0,"event_name":"Mysterious Sphere","player_choice":"Ignored","floor":36.0,"gold_loss":0.0,"damage_taken":0.0},{"damage_healed":0.0,"max_hp_gain":0.0,"max_hp_loss":0.0,"gold_gain":0.0,"event_name":"MindBloom","player_choice":"Fight","floor":37.0,"gold_loss":0.0,"damage_taken":0.0},{"cards_removed":["Defend_B"],"damage_healed":0.0,"max_hp_gain":0.0,"max_hp_loss":0.0,"gold_gain":0.0,"event_name":"Falling","player_choice":"Removed Skill","floor":41.0,"gold_loss":0.0,"damage_taken":0.0},{"damage_healed":0.0,"max_hp_gain":0.0,"max_hp_loss":0.0,"gold_gain":0.0,"event_name":"Tomb of Lord Red Mask","player_choice":"Ignored","floor":42.0,"gold_loss":0.0,"damage_taken":0.0},{"damage_healed":0.0,"max_hp_gain":0.0,"max_hp_loss":4.0,"gold_gain":0.0,"event_name":"Winding Halls","player_choice":"Max HP","floor":45.0,"gold_loss":0.0,"damage_taken":0.0}],"is_beta":false,"boss_relics":[{"not_picked":["Pandora\u0027s Box","Eternal Feather"],"picked":"Empty Cage"},{"not_picked":["Nuclear Battery","Tiny House"],"picked":"Orrery"}],"items_purged_floors":[7,11],"is_endless":false,"potions_floor_spawned":[4,12,14,22,24,28,30,35,39],"ascension_level":9}