{"gold_per_floor":[113,124,124,124,144,179,179,179,203,213,34,34,46,75,75,178,178,161,173,173],"floor_reached":20,"playtime":980,"items_purged":[],"score":193,"play_id":"41740875-aaa2-471f-9012-4cc8ea238a4e","local_time":"20181026150159","is_ascension_mode":true,"campfire_choices":[{"data":"Lockon","floor":8.0,"key":"SMITH"},{"floor":15.0,"key":"REST"}],"neow_cost":"NONE","seed_source_timestamp":850498307773836,"circlet_count":0,"master_deck":["Strike_B","Strike_B","Strike_B","Strike_B","Defend_B","Defend_B","Defend_B","Defend_B","Zap+1","Dualcast","Conserve Battery","Hologram+1","Tempest","Lockon+1","Tempest","Lockon+1","Capacitor","Darkness","Core Surge","Coolheaded","Capacitor"],"special_seed":0,"relics":["Cracked Core","Bag of Preparation","Happy Flower","Strawberry","Boot","White Beast Statue"],"potions_floor_usage":[16,16,16],"damage_taken":[{"damage":6.0,"enemies":"Jaw Worm","floor":1.0,"turns":2.0},{"damage":0.0,"enemies":"Cultist","floor":2.0,"turns":3.0},{"damage":0.0,"enemies":"2 Louse","floor":5.0,"turns":2.0},{"damage":16.0,"enemies":"Gremlin Nob","floor":6.0,"turns":4.0},{"damage":5.0,"enemies":"Looter","floor":10.0,"turns":3.0},{"damage":12.0,"enemies":"2 Fungi Beasts","floor":13.0,"turns":3.0},{"damage":23.0,"enemies":"3 Sentries","floor":14.0,"turns":6.0},{"damage":31,"enemies":"The Guardian","floor":16,"turns":6},{"damage":25,"enemies":"2 Thieves","floor":18,"turns":4},{"damage":12,"enemies":"Spheric Guardian","floor":19,"turns":4},{"damage":57,"enemies":"Masked Bandits","floor":20,"turns":3}],"seed_played":"-4196794098285794924","potions_obtained":[{"floor":2.0,"key":"LiquidBronze"},{"floor":6.0,"key":"PowerPotion"},{"floor":14.0,"key":"LiquidBronze"},{"floor":18,"key":"SpeedPotion"},{"floor":19,"key":"SteroidPotion"}],"is_trial":false,"path_per_floor":["M","M","?","?","M","E","?","R","T","M","$","?","M","E","R","B",null,"M","M"],"character_chosen":"DEFECT","items_purchased":["Strawberry","Lockon"],"campfire_rested":1,"item_purchase_floors":[11,11],"current_hp_per_floor":[69,69,69,69,69,53,46,46,46,41,48,48,36,13,37,6,82,57,45,0],"gold":173,"neow_bonus":"UPGRADE_CARD","is_prod":false,"is_daily":false,"chose_seed":false,"campfire_upgraded":1,"win_rate":0,"timestamp":1540580519,"path_taken":["M","M","?","?","M","E","?","R","T","M","$","?","M","E","R","BOSS","M","M","?"],"build_version":"2018-10-25v2","purchased_purges":0,"victory":false,"max_hp_per_floor":[75,75,75,75,75,75,75,75,75,75,82,82,82,82,82,82,82,82,82,82],"card_choices":[{"not_picked":["Rebound","Hologram"],"picked":"Conserve Battery","floor":1.0},{"not_picked":["Compile Driver","Stack"],"picked":"Hologram","floor":2.0},{"not_picked":["Beam Cell","Conserve Battery"],"picked":"Tempest","floor":5.0},{"not_picked":["Core Surge","Storm"],"picked":"Lockon","floor":6.0},{"not_picked":["Beam Cell","Sunder"],"picked":"Tempest","floor":10.0},{"not_picked":["Coolheaded","Barrage"],"picked":"Capacitor","floor":13.0},{"not_picked":["Chill","Stack"],"picked":"Darkness","floor":14.0},{"not_picked":["Hyperbeam","Amplify"],"picked":"Core Surge","floor":16},{"not_picked":["Rebound+1","Gash"],"picked":"Coolheaded","floor":18},{"not_picked":["Redo","Hyperbeam"],"picked":"Capacitor","floor":19}],"player_experience":177588,"relics_obtained":[{"floor":6.0,"key":"Bag of Preparation"},{"floor":9.0,"key":"Happy Flower"},{"floor":14.0,"key":"Boot"}],"event_choices":[{"damage_healed":0.0,"max_hp_gain":0.0,"max_hp_loss":0.0,"gold_gain":0.0,"event_name":"Upgrade Shrine","player_choice":"Upgraded","floor":3.0,"gold_loss":0.0,"damage_taken":0.0,"cards_upgraded":["Hologram"]},{"damage_healed":0.0,"max_hp_gain":0.0,"max_hp_loss":0.0,"gold_gain":0.0,"event_name":"Golden Wing","player_choice":"Ignored","floor":4.0,"gold_loss":0.0,"damage_taken":0.0},{"damage_healed":0.0,"max_hp_gain":0.0,"max_hp_loss":0.0,"gold_gain":0.0,"event_name":"Wheel of Change","player_choice":"Damaged","floor":7.0,"gold_loss":0.0,"damage_taken":7.0},{"damage_healed":0.0,"max_hp_gain":0.0,"max_hp_loss":0.0,"gold_gain":0.0,"event_name":"Living Wall","player_choice":"Grow","floor":12.0,"gold_loss":0.0,"damage_taken":0.0,"cards_upgraded":["Lockon"]},{"damage_healed":0,"gold_gain":0,"player_choice":"Fought Bandits","damage_taken":0,"max_hp_gain":0,"max_hp_loss":0,"event_name":"Masked Bandits","floor":20,"gold_loss":0}],"is_beta":false,"boss_relics":[{"not_picked":["Busted Crown","Empty Cage"],"picked":"White Beast Statue"}],"items_purged_floors":[],"is_endless":false,"potions_floor_spawned":[2,6,14,18,19],"killed_by":"Masked Bandits","ascension_level":1}