{"gold_per_floor":[110,122,133,233,252,287,287,314,314,314,334,334,349,349,349,475,475,489,153,184,208,208],"floor_reached":22,"playtime":1039,"items_purged":["Defend_B"],"score":216,"play_id":"0e51b9f5-b46e-46e2-8a9c-1f5f67bab30b","local_time":"20190522080004","is_ascension_mode":true,"campfire_choices":[{"floor":7,"key":"REST"},{"data":"Zap","floor":10,"key":"SMITH"},{"data":"Dualcast","floor":12,"key":"SMITH"},{"data":"Redo","floor":15,"key":"SMITH"}],"neow_cost":"NONE","seed_source_timestamp":396422905648088,"circlet_count":0,"master_deck":["Strike_B","Strike_B","Strike_B","Defend_B","Defend_B","Defend_B","Zap+1","Dualcast+1","Coolheaded","Redo+1","FTL","Turbo","Darkness","Steam","Loop","Static Discharge","Electrodynamics","Hologram","Apotheosis","Defragment","Stack","Hologram"],"relics":["Cracked Core","Orichalcum","PreservedInsect","Bottled Lightning","Golden Idol","Empty Cage","Red Mask"],"potions_floor_usage":[6,6,16],"damage_taken":[{"damage":0,"enemies":"Cultist","floor":1,"turns":3},{"damage":5,"enemies":"Jaw Worm","floor":2,"turns":4},{"damage":13,"enemies":"Small Slimes","floor":3,"turns":4},{"damage":11,"enemies":"2 Fungi Beasts","floor":5,"turns":4},{"damage":12,"enemies":"Lagavulin","floor":6,"turns":7},{"damage":14,"enemies":"3 Sentries","floor":8,"turns":7},{"damage":7,"enemies":"Looter","floor":11,"turns":3},{"damage":4,"enemies":"Exordium Thugs","floor":13,"turns":4},{"damage":4,"enemies":"Slime Boss","floor":16,"turns":7},{"damage":20,"enemies":"Chosen","floor":18,"turns":6},{"damage":57,"enemies":"Masked Bandits","floor":20,"turns":4},{"damage":3,"enemies":"Spheric Guardian","floor":21,"turns":3},{"damage":3,"enemies":"Cultist and Chosen","floor":22,"turns":1}],"seed_played":"-6031126444780111333","potions_obtained":[{"floor":2,"key":"Weak Potion"},{"floor":5,"key":"Poison Potion"},{"floor":13,"key":"Fire Potion"},{"floor":16,"key":"FearPotion"},{"floor":18,"key":"Dexterity Potion"},{"floor":21,"key":"Strength Potion"}],"is_trial":false,"path_per_floor":["M","M","M","?","M","E","R","E","T","R","M","R","M","?","R","B",null,"M","$","?","M","M"],"character_chosen":"DEFECT","items_purchased":["Apotheosis","Defragment"],"campfire_rested":1,"item_purchase_floors":[19,19],"current_hp_per_floor":[82,77,64,64,53,41,65,51,51,51,44,44,40,40,40,36,82,62,62,5,2,0],"gold":208,"neow_bonus":"TEN_PERCENT_HP_BONUS","is_prod":false,"is_daily":false,"chose_seed":false,"campfire_upgraded":3,"win_rate":0,"timestamp":1558526404,"path_taken":["M","?","M","?","?","E","R","E","T","R","?","R","M","?","R","BOSS","M","$","?","M","M"],"build_version":"2019-01-23","purchased_purges":1,"victory":false,"max_hp_per_floor":[82,82,82,82,82,82,82,82,82,82,82,82,82,82,82,82,82,82,82,82,82,82],"card_choices":[{"not_picked":["Beam Cell","Steam"],"picked":"Coolheaded","floor":1},{"not_picked":["Streamline","Turbo"],"picked":"Redo","floor":2},{"not_picked":["Compile Driver","Conserve Battery"],"picked":"FTL","floor":3},{"not_picked":["Rebound","Reinforced Body"],"picked":"Turbo","floor":5},{"not_picked":["Blizzard","Turbo"],"picked":"Darkness","floor":6},{"not_picked":["Streamline","Coolheaded"],"picked":"Steam","floor":8},{"not_picked":["Stack","Blizzard"],"picked":"Loop","floor":11},{"not_picked":["Lockon","Compile Driver"],"picked":"Static Discharge","floor":13},{"not_picked":["Fission","Thunder Strike"],"picked":"Electrodynamics","floor":16},{"not_picked":["Skim+1","Compile Driver"],"picked":"Hologram","floor":18},{"not_picked":["Melter","Chill"],"picked":"Stack","floor":20},{"not_picked":["Stack","Go for the Eyes"],"picked":"Hologram","floor":21}],"player_experience":315415,"relics_obtained":[{"floor":6,"key":"Orichalcum"},{"floor":8,"key":"PreservedInsect"},{"floor":9,"key":"Bottled Lightning"},{"floor":20,"key":"Red Mask"}],"event_choices":[{"damage_healed":0,"gold_gain":100,"player_choice":"Gold","damage_taken":0,"max_hp_gain":0,"max_hp_loss":0,"event_name":"Wheel of Change","floor":4,"gold_loss":0},{"damage_healed":0,"gold_gain":0,"player_choice":"Take Wound","damage_taken":0,"relics_obtained":["Golden Idol"],"max_hp_gain":0,"max_hp_loss":0,"event_name":"Golden Idol","floor":14,"gold_loss":0,"cards_obtained":["Injury"]},{"damage_healed":0,"gold_gain":0,"player_choice":"Fought Bandits","damage_taken":0,"max_hp_gain":0,"max_hp_loss":0,"event_name":"Masked Bandits","floor":20,"gold_loss":0}],"is_beta":false,"boss_relics":[{"not_picked":["Philosopher\u0027s Stone","Busted Crown"],"picked":"Empty Cage"}],"items_purged_floors":[19],"is_endless":false,"potions_floor_spawned":[2,5,13,16,18,21],"killed_by":"Cultist and Chosen","ascension_level":2}