{"gold_per_floor":[111,28,28,28,28,72,72,111,138,138,153,168,206,231,231,324,324,339,41,65,86,86,121,46,57,57,57,89,99,99,130,130,201,201,219,219,229,241,254,280,280,310,336,348,407,435,447,89,89,89,89,89,89,27,27],"floor_reached":55,"playtime":3424,"items_purged":["Strike_B","Strike_B"],"score":2056,"play_id":"87ffacd8-9dee-46f4-b565-fa93513153b2","local_time":"20190426224041","is_ascension_mode":true,"campfire_choices":[{"data":"Defragment","floor":7.0,"key":"SMITH"},{"data":"Zap","floor":10.0,"key":"SMITH"},{"data":"Streamline","floor":15.0,"key":"SMITH"},{"floor":27.0,"key":"REST"},{"floor":32.0,"key":"REST"},{"floor":41.0,"key":"REST"},{"floor":44.0,"key":"RECALL"},{"floor":47,"key":"REST"},{"floor":49,"key":"REST"},{"data":"Strike_B","floor":53,"key":"PURGE"}],"neow_cost":"NONE","seed_source_timestamp":425783786855790,"circlet_count":0,"master_deck":["AscendersBane","Defend_B","Defend_B","Defend_B","Defend_B","Zap+1","Dualcast","Glacier","Defragment+1","Redo","Glacier","Tempest","Coolheaded","Streamline+1","Electrodynamics","Turbo","Loop","Heatsinks","Defragment","Loop","Consume","Coolheaded","Coolheaded+1","BootSequence","Capacitor","Apotheosis","Darkness"],"special_seed":0,"relics":["Cracked Core","NeowsBlessing","Bloody Idol","Cables","Bag of Marbles","Boot","StoneCalendar","Fusion Hammer","Runic Capacitor","DataDisk","Singing Bowl","Ornamental Fan","Inserter","Sundial","The Courier","MawBank","Peace Pipe","Regal Pillow"],"potions_floor_usage":[55,55],"damage_taken":[{"damage":0.0,"enemies":"Small Slimes","floor":1.0,"turns":1.0},{"damage":0.0,"enemies":"3 Sentries","floor":6.0,"turns":2.0},{"damage":0.0,"enemies":"Gremlin Nob","floor":8.0,"turns":1.0},{"damage":0.0,"enemies":"2 Louse","floor":11.0,"turns":3.0},{"damage":0.0,"enemies":"Cultist","floor":12.0,"turns":2.0},{"damage":7.0,"enemies":"3 Sentries","floor":13.0,"turns":16.0},{"damage":10.0,"enemies":"Lots of Slimes","floor":14.0,"turns":5.0},{"damage":12.0,"enemies":"Slime Boss","floor":16.0,"turns":7.0},{"damage":5.0,"enemies":"Spheric Guardian","floor":18.0,"turns":4.0},{"damage":0.0,"enemies":"Chosen","floor":20.0,"turns":3.0},{"damage":8.0,"enemies":"Centurion and Healer","floor":21.0,"turns":6.0},{"damage":12.0,"enemies":"Slavers","floor":23.0,"turns":5.0},{"damage":13.0,"enemies":"Snake Plant","floor":25.0,"turns":4.0},{"damage":1.0,"enemies":"Book of Stabbing","floor":28.0,"turns":6.0},{"damage":9.0,"enemies":"Shelled Parasite and Fungi","floor":29.0,"turns":6.0},{"damage":16.0,"enemies":"Gremlin Leader","floor":31.0,"turns":6.0},{"damage":13.0,"enemies":"Automaton","floor":33.0,"turns":9.0},{"damage":0.0,"enemies":"Orb Walker","floor":35.0,"turns":4.0},{"damage":17.0,"enemies":"3 Shapes","floor":37.0,"turns":4.0},{"damage":15.0,"enemies":"Maw","floor":38.0,"turns":7.0},{"damage":11.0,"enemies":"Writhing Mass","floor":39.0,"turns":7.0},{"damage":32.0,"enemies":"Nemesis","floor":40.0,"turns":7.0},{"damage":0.0,"enemies":"Reptomancer","floor":42.0,"turns":7.0},{"damage":53.0,"enemies":"2 Orb Walkers","floor":45.0,"turns":5.0},{"damage":23,"enemies":"Transient","floor":46,"turns":6},{"damage":21,"enemies":"Donu and Deca","floor":50,"turns":8},{"damage":7,"enemies":"Time Eater","floor":51,"turns":16},{"damage":81,"enemies":"Shield and Spear","floor":55,"turns":3}],"seed_played":"2533642652643370844","potions_obtained":[{"floor":6.0,"key":"GamblersBrew"},{"floor":14.0,"key":"SmokeBomb"},{"floor":20.0,"key":"SkillPotion"},{"floor":23.0,"key":"Weak Potion"},{"floor":29.0,"key":"FocusPotion"},{"floor":46,"key":"Energy Potion"}],"is_trial":false,"path_per_floor":["M","$","?","?","?","E","R","E","T","R","M","M","E","M","R","B",null,"M","$","M","M","?","E","$","M","T","R","E","M","?","E","R","B",null,"M","?","M","M","M","E","R","E","T","R","?","M","R","$","R","B","B",null,"R","$","E"],"character_chosen":"DEFECT","items_purchased":["Defragment","Loop","Runic Capacitor","Apotheosis","Regal Pillow","Darkness"],"campfire_rested":5,"item_purchase_floors":[2,19,19,48,48,54],"current_hp_per_floor":[64,64,40,33,56,56,56,56,56,56,56,56,49,39,39,27,60,55,55,55,47,47,40,40,32,32,53,57,55,55,44,65,59,71,77,77,67,57,53,26,50,57,62,67,24,11,40,45,83,62,55,76,76,76,0],"gold":27,"neow_bonus":"THREE_ENEMY_KILL","is_prod":false,"is_daily":false,"chose_seed":false,"campfire_upgraded":3,"win_rate":0,"timestamp":1556286041,"path_taken":["M","$","?","?","?","E","R","E","T","R","M","M","E","M","R","BOSS","M","$","M","M","?","E","$","M","T","R","E","M","?","E","R","BOSS","BOSS","M","?","?","M","?","E","R","E","T","R","?","M","R","$","R","BOSS","BOSS","R","$","E"],"build_version":"2019-01-23","purchased_purges":2,"victory":false,"max_hp_per_floor":[71,71,71,71,71,71,71,71,71,71,71,71,71,71,71,71,71,71,71,71,71,71,71,71,71,71,71,71,73,73,73,73,75,75,77,77,79,79,81,81,81,83,83,83,83,83,83,83,83,83,83,83,83,83,83],"card_choices":[{"not_picked":["Steam","Gash"],"picked":"Glacier","floor":1.0},{"not_picked":["Barrage","Compile Driver"],"picked":"Redo","floor":6.0},{"not_picked":["Creative AI","Rebound"],"picked":"Glacier","floor":8.0},{"not_picked":["Compile Driver","Static Discharge"],"picked":"Tempest","floor":11.0},{"not_picked":["Turbo","White Noise"],"picked":"Coolheaded","floor":12.0},{"not_picked":["Redo","Melter"],"picked":"Streamline","floor":13.0},{"not_picked":["Beam Cell","Meteor Strike","Fusion"],"picked":"SKIP","floor":14.0},{"not_picked":["Amplify","Buffer"],"picked":"Electrodynamics","floor":16.0},{"not_picked":["Rip and Tear","Gash"],"picked":"Turbo","floor":18.0},{"not_picked":["Compile Driver","Steam Power+1","Conserve Battery"],"picked":"SKIP","floor":20.0},{"not_picked":["Skim","Melter"],"picked":"Heatsinks","floor":21.0},{"not_picked":["Reinforced Body","Steam","Sweeping Beam"],"picked":"SKIP","floor":23.0},{"not_picked":["Loop","Tempest+1"],"picked":"Defragment","floor":25.0},{"not_picked":["Amplify","FTL"],"picked":"Loop","floor":28.0},{"not_picked":["Cold Snap","Sweeping Beam","Steam+1"],"picked":"Singing Bowl","floor":29.0},{"not_picked":["Sunder","Capacitor"],"picked":"Consume","floor":31.0},{"not_picked":["Fission","Meteor Strike","Electrodynamics"],"picked":"Singing Bowl","floor":33.0},{"not_picked":["Lockon","FTL","Scrape"],"picked":"Singing Bowl","floor":35.0},{"not_picked":["Ball Lightning","Compile Driver","Skim"],"picked":"Singing Bowl","floor":37.0},{"not_picked":["Gash","Conserve Battery"],"picked":"Coolheaded","floor":38.0},{"not_picked":["Conserve Battery","Steam","Go for the Eyes+1"],"picked":"Singing Bowl","floor":39.0},{"not_picked":["Cold Snap","Barrage"],"picked":"Coolheaded+1","floor":40.0},{"not_picked":["Rebound","Gash","Leap"],"picked":"Singing Bowl","floor":42.0},{"not_picked":["Reboot","Rebound+1"],"picked":"BootSequence","floor":45.0},{"not_picked":["Leap","Go for the Eyes+1"],"picked":"Capacitor","floor":46}],"player_experience":294665,"relics_obtained":[{"floor":6.0,"key":"Cables"},{"floor":8.0,"key":"Bag of Marbles"},{"floor":9.0,"key":"Boot"},{"floor":13.0,"key":"StoneCalendar"},{"floor":23.0,"key":"DataDisk"},{"floor":28.0,"key":"Singing Bowl"},{"floor":31.0,"key":"Ornamental Fan"},{"floor":40.0,"key":"Sundial"},{"floor":42.0,"key":"The Courier"},{"floor":43.0,"key":"MawBank"},{"floor":45.0,"key":"Peace Pipe"}],"event_choices":[{"damage_healed":0.0,"max_hp_gain":0.0,"max_hp_loss":0.0,"gold_gain":0.0,"event_name":"Golden Idol","player_choice":"Take Damage","floor":3.0,"gold_loss":0.0,"damage_taken":24.0,"relics_obtained":["Golden Idol"]},{"cards_removed":["Strike_B"],"damage_healed":0.0,"max_hp_gain":0.0,"max_hp_loss":0.0,"gold_gain":0.0,"event_name":"Golden Wing","player_choice":"Card Removal","floor":4.0,"gold_loss":0.0,"damage_taken":7.0},{"damage_healed":23.0,"max_hp_gain":0.0,"max_hp_loss":0.0,"gold_gain":0.0,"event_name":"Big Fish","player_choice":"Banana","floor":5.0,"gold_loss":0.0,"damage_taken":0.0},{"damage_healed":0.0,"max_hp_gain":0.0,"max_hp_loss":0.0,"gold_gain":0.0,"event_name":"Forgotten Altar","player_choice":"Gave Idol","floor":22.0,"relics_lost":["Golden Idol"],"gold_loss":0.0,"damage_taken":0.0,"relics_obtained":["Bloody Idol"]},{"damage_healed":0.0,"max_hp_gain":0.0,"max_hp_loss":0.0,"gold_gain":0.0,"event_name":"The Mausoleum","player_choice":"Ignored","floor":30.0,"gold_loss":0.0,"damage_taken":0.0},{"damage_healed":0.0,"max_hp_gain":0.0,"max_hp_loss":0.0,"gold_gain":0.0,"event_name":"Lab","player_choice":"Got Potions","floor":36.0,"gold_loss":0.0,"damage_taken":0.0},{"damage_healed":0.0,"max_hp_gain":0.0,"max_hp_loss":0.0,"gold_gain":0.0,"event_name":"Mysterious Sphere","player_choice":"Fight","floor":45.0,"gold_loss":0.0,"damage_taken":0.0}],"is_beta":false,"boss_relics":[{"not_picked":["Runic Pyramid","Sozu"],"picked":"Fusion Hammer"},{"not_picked":["Lizard Tail","Calling Bell"],"picked":"Inserter"}],"items_purged_floors":[24,48],"is_endless":false,"potions_floor_spawned":[6,14,20,23,29,33,35,37,46],"killed_by":"Shield and Spear","ascension_level":20}