{"gold_per_floor":[110,127,127,64,64,75,175,236,259,259,286,299,299],"floor_reached":13,"playtime":692,"items_purged":["Defend_R"],"score":153,"play_id":"7b7fc1a9-17b7-4675-8059-5ad7869e5d5b","local_time":"20190521173812","is_ascension_mode":true,"campfire_choices":[{"data":"Perfected Strike","floor":10,"key":"SMITH"}],"neow_cost":"NONE","seed_source_timestamp":566997872880534,"circlet_count":0,"master_deck":["AscendersBane","Strike_R","Strike_R","Strike_R","Strike_R","Strike_R","Defend_R","Bash","Inflame","Perfected Strike+1","Intimidate","Shockwave"],"relics":["Burning Blood","MawBank","Tiny Chest","Oddly Smooth Stone","Smiling Mask"],"potions_floor_usage":[8,11],"damage_taken":[{"damage":7,"enemies":"2 Louse","floor":1,"turns":3},{"damage":9,"enemies":"Small Slimes","floor":2,"turns":3},{"damage":12,"enemies":"Jaw Worm","floor":6,"turns":2},{"damage":15,"enemies":"Gremlin Nob","floor":8,"turns":4},{"damage":28,"enemies":"3 Sentries","floor":11,"turns":6},{"damage":14,"enemies":"Exordium Wildlife","floor":12,"turns":4},{"damage":13,"enemies":"Gremlin Nob","floor":13,"turns":2}],"seed_played":"-7873115389980272232","potions_obtained":[{"floor":2,"key":"Block Potion"},{"floor":6,"key":"FearPotion"},{"floor":8,"key":"FearPotion"}],"is_trial":false,"path_per_floor":["M","M","?","$","?","M","?","E","T","R","E","M","E"],"character_chosen":"IRONCLAD","items_purchased":[],"campfire_rested":0,"item_purchase_floors":[],"current_hp_per_floor":[71,68,65,65,58,52,52,43,43,43,21,13,0],"gold":299,"neow_bonus":"REMOVE_CARD","is_prod":false,"is_daily":false,"chose_seed":false,"campfire_upgraded":1,"win_rate":0,"timestamp":1558453092,"path_taken":["M","M","?","$","?","?","?","E","T","R","E","M","E"],"build_version":"2019-05-07","purchased_purges":1,"victory":false,"max_hp_per_floor":[80,80,80,80,80,80,80,80,80,80,80,80,80],"card_choices":[{"not_picked":["Body Slam","Flex"],"picked":"Inflame","floor":1},{"not_picked":["Wild Strike","Evolve","Warcry"],"picked":"SKIP","floor":2},{"not_picked":["Bloodletting","Warcry","Twin Strike"],"picked":"SKIP","floor":6},{"not_picked":["Flex","Searing Blow"],"picked":"Perfected Strike","floor":8},{"not_picked":["Clash","Perfected Strike"],"picked":"Intimidate","floor":11},{"not_picked":["Combust","Sever Soul"],"picked":"Shockwave","floor":12}],"player_experience":412178,"relics_obtained":[{"floor":8,"key":"Tiny Chest"},{"floor":9,"key":"Oddly Smooth Stone"},{"floor":11,"key":"Smiling Mask"}],"event_choices":[{"damage_healed":0,"gold_gain":0,"player_choice":"Success","damage_taken":3,"relics_obtained":["MawBank"],"max_hp_gain":0,"max_hp_loss":0,"event_name":"Scrap Ooze","floor":3,"gold_loss":0},{"cards_removed":["Defend_R"],"damage_healed":0,"gold_gain":0,"player_choice":"Card Removal","damage_taken":7,"max_hp_gain":0,"max_hp_loss":0,"event_name":"Golden Wing","floor":5,"gold_loss":0},{"damage_healed":0,"gold_gain":100,"player_choice":"Pray","damage_taken":0,"max_hp_gain":0,"max_hp_loss":0,"event_name":"Golden Shrine","floor":7,"gold_loss":0}],"is_beta":true,"boss_relics":[],"items_purged_floors":[4],"is_endless":false,"potions_floor_spawned":[2,6,8],"killed_by":"Gremlin Nob","ascension_level":13}