{"gold_per_floor":[110,110,128,148,162,187,187,19,19,19,49,49,83,83,83,204,204,228,228],"floor_reached":19,"playtime":972,"items_purged":[],"score":185,"play_id":"52ff4b40-88ae-4b17-ae30-71348b1320e5","local_time":"20181122140621","is_ascension_mode":false,"campfire_choices":[{"data":"Fission","floor":7.0,"key":"SMITH"},{"floor":12.0,"key":"REST"},{"data":"Go for the Eyes","floor":15.0,"key":"SMITH"}],"neow_cost":"CURSE","seed_source_timestamp":72807791824228,"circlet_count":0,"master_deck":["Strike_B","Strike_B","Strike_B","Strike_B","Defend_B","Defend_B","Defend_B","Defend_B","Zap+1","Dualcast","Injury","Rip and Tear","Cold Snap","Conserve Battery","Cold Snap","Fission+1","Conserve Battery","Go for the Eyes+1","Reprogram","Creative AI","Static Discharge+1"],"special_seed":0,"relics":["Cracked Core","Calipers","Strawberry","Oddly Smooth Stone","Juzu Bracelet","Matryoshka","Regal Pillow","Golden Idol","Fusion Hammer"],"potions_floor_usage":[],"damage_taken":[{"damage":0.0,"enemies":"Small Slimes","floor":1.0,"turns":3.0},{"damage":0.0,"enemies":"Cultist","floor":3.0,"turns":3.0},{"damage":6.0,"enemies":"2 Louse","floor":4.0,"turns":2.0},{"damage":7.0,"enemies":"Large Slime","floor":5.0,"turns":5.0},{"damage":24.0,"enemies":"Lagavulin","floor":6.0,"turns":7.0},{"damage":7.0,"enemies":"3 Sentries","floor":11.0,"turns":8.0},{"damage":7.0,"enemies":"Lagavulin","floor":13.0,"turns":6.0},{"damage":31.0,"enemies":"Hexaghost","floor":16.0,"turns":16.0},{"damage":10.0,"enemies":"Chosen","floor":18.0,"turns":8.0},{"damage":0,"enemies":"Colosseum Slavers","floor":19,"turns":1}],"seed_played":"3527824044641492747","potions_obtained":[{"floor":3.0,"key":"GamblersBrew"},{"floor":4.0,"key":"GamblersBrew"},{"floor":11.0,"key":"Regen Potion"},{"floor":13.0,"key":"SteroidPotion"}],"is_trial":false,"path_per_floor":["M","?","M","M","M","E","R","$","T","?","E","R","E","?","R","B",null,"M","?"],"character_chosen":"DEFECT","items_purchased":["Conserve Battery","Oddly Smooth Stone"],"campfire_rested":1,"item_purchase_floors":[8,8],"current_hp_per_floor":[75,75,75,69,62,45,45,45,45,45,38,62,55,55,55,24,76,66,66],"gold":228,"neow_bonus":"ONE_RARE_RELIC","is_prod":false,"is_daily":false,"chose_seed":false,"campfire_upgraded":2,"win_rate":0,"timestamp":1542913581,"path_taken":["M","?","M","?","?","E","R","$","T","?","E","R","E","?","R","BOSS","M","?"],"build_version":"2018-11-15","purchased_purges":0,"victory":false,"max_hp_per_floor":[75,75,75,75,75,82,82,82,82,82,82,82,82,76,76,76,76,76,76],"card_choices":[{"not_picked":["BootSequence","Loop"],"picked":"Rip and Tear","floor":1.0},{"not_picked":["Redo","Compile Driver"],"picked":"Cold Snap","floor":3.0},{"not_picked":["Hologram","Rebound"],"picked":"Conserve Battery","floor":4.0},{"not_picked":["Lockon","Doom and Gloom"],"picked":"Cold Snap","floor":5.0},{"not_picked":["Ball Lightning","Rebound"],"picked":"Fission","floor":6.0},{"not_picked":["Steam","Aggregate"],"picked":"Go for the Eyes","floor":11.0},{"not_picked":["Hyperbeam","Heatsinks"],"picked":"Reprogram","floor":13.0},{"not_picked":["Buffer","Reboot"],"picked":"Creative AI","floor":16.0},{"not_picked":["Reprogram","Loop"],"picked":"Static Discharge+1","floor":18.0}],"player_experience":194996,"relics_obtained":[{"floor":6.0,"key":"Strawberry"},{"floor":9.0,"key":"Juzu Bracelet"},{"floor":11.0,"key":"Matryoshka"},{"floor":13.0,"key":"Regal Pillow"}],"event_choices":[{"damage_healed":0.0,"max_hp_gain":0.0,"max_hp_loss":0.0,"gold_gain":0.0,"event_name":"Upgrade Shrine","player_choice":"Upgraded","floor":2.0,"gold_loss":0.0,"damage_taken":0.0,"cards_upgraded":["Zap"]},{"damage_healed":0.0,"max_hp_gain":0.0,"max_hp_loss":0.0,"gold_gain":0.0,"event_name":"Golden Wing","player_choice":"Ignored","floor":10.0,"gold_loss":0.0,"damage_taken":0.0},{"damage_healed":0.0,"max_hp_gain":0.0,"max_hp_loss":6.0,"gold_gain":0.0,"event_name":"Golden Idol","player_choice":"Lose Max HP","floor":14.0,"gold_loss":0.0,"damage_taken":0.0,"relics_obtained":["Golden Idol"]},{"damage_healed":0,"gold_gain":0,"player_choice":"Fight","damage_taken":0,"max_hp_gain":0,"max_hp_loss":0,"event_name":"Colosseum","floor":19,"gold_loss":0}],"is_beta":false,"boss_relics":[{"not_picked":["Snecko Eye","Runic Pyramid"],"picked":"Fusion Hammer"}],"items_purged_floors":[],"is_endless":false,"potions_floor_spawned":[3,4,11,13],"killed_by":"Colosseum Slavers","ascension_level":0}