{"path_per_floor":["M","$","?","?","?","M","M","?","T","M","M","?","$","M","R","B",null,"M","$","?","?","M","R","M","M","T","$","?","?","M","?","R","B",null,"M","?","?","M","M","R","E","M","T","?","M","M","R","M","R","B"],"character_chosen":"THE_SILENT","items_purchased":["Infinite Blades","Accuracy","Infinite Blades"],"gold_per_floor":[111,1,1,1,1,12,22,97,124,143,159,109,42,55,55,151,151,164,64,0,0,15,15,30,49,76,2,2,2,19,19,19,116,116,135,135,135,147,163,163,190,200,200,200,215,235,235,251,251,251],"floor_reached":51,"campfire_rested":5,"playtime":3806,"current_hp_per_floor":[63,63,56,56,56,56,49,38,38,27,25,25,25,18,51,48,63,33,33,33,33,30,63,57,49,49,49,49,63,63,63,63,44,63,37,37,37,20,8,41,38,18,18,18,6,8,41,33,63,31],"items_purged":["Strike_G","Strike_G"],"gold":251,"score":496,"play_id":"3698eb18-24e1-4d75-aae8-5f830b917c72","is_prod":false,"is_daily":false,"is_ascension_mode":false,"campfire_upgraded":1,"path_taken":["M","$","?","?","?","?","M","?","T","M","?","?","$","M","R","BOSS","M","$","?","?","?","R","M","M","T","?","?","?","M","?","R","BOSS","M","?","?","M","M","R","E","M","T","?","?","M","R","?","R","BOSS"],"build_version":"2018-02-19-BETA1","purchased_purges":2,"victory":true,"master_deck":["Defend_G","Defend_G","Survivor","Neutralize","Terror+1","Infinite Blades","Tools of the Trade","Escape Plan","Blade Dance","Backstab","Flying Knee","Accuracy+1","Die Die Die","Cloak And Dagger","Cloak And Dagger","Cloak And Dagger","Infinite Blades","Infinite Blades+1","Adrenaline","Flechettes","Sucker Punch+1","Prepared+1","Doubt"],"max_hp_per_floor":[63,63,63,63,63,63,63,63,63,63,63,63,63,63,63,63,63,63,63,63,63,63,63,63,63,63,63,63,63,63,63,63,63,63,63,63,63,63,63,63,63,63,63,63,63,63,63,63,63,63],"relics":["Ring of the Snake","Matryoshka","Bag of Marbles","Regal Pillow","Lizard Tail","Art of War","Ancient Tea Set","Cursed Key","Mummified Hand","Dead Branch"],"card_choices":[{"not_picked":["Catalyst","Well Laid Plans"],"picked":"Terror"},{"not_picked":["Choke","Dash"],"picked":"Escape Plan"},{"not_picked":["PiercingWail","Backflip"],"picked":"Blade Dance"},{"not_picked":["Dagger Throw","Poisoned Stab"],"picked":"Backstab"},{"not_picked":["Prepared","Deflect"],"picked":"Flying Knee"},{"not_picked":["Glass Knife","Tactician"],"picked":"Die Die Die"},{"not_picked":["Acrobatics","Noxious Fumes"],"picked":"Cloak And Dagger"},{"not_picked":["Reflex","Riddle With Holes"],"picked":"Cloak And Dagger"},{"not_picked":["Sucker Punch","Underhanded Strike"],"picked":"Cloak And Dagger"},{"not_picked":["Bane","Prepared"],"picked":"Infinite Blades"},{"not_picked":["Bullet Time","Corpse Explosion"],"picked":"Adrenaline"},{"not_picked":["Deflect","Flechettes"],"picked":"Sucker Punch"},{"not_picked":["Riddle With Holes","Slice"],"picked":"Prepared"}],"player_experience":87528,"potions_floor_usage":[16,16,33,33,41,41,46,50,50,50],"damage_taken":[{"damage":0,"enemies":"Jaw Worm","floor":1,"turns":5},{"damage":0,"enemies":"2 Louse","floor":6,"turns":3},{"damage":7,"enemies":"Small Slimes","floor":7,"turns":4},{"damage":11,"enemies":"Exordium Thugs","floor":10,"turns":5},{"damage":2,"enemies":"Lots of Slimes","floor":11,"turns":3},{"damage":7,"enemies":"Large Slime","floor":14,"turns":4},{"damage":18,"enemies":"Hexaghost","floor":16,"turns":7},{"damage":30,"enemies":"2 Thieves","floor":18,"turns":4},{"damage":3,"enemies":"Shell Parasite","floor":22,"turns":4},{"damage":6,"enemies":"Chosen and Byrds","floor":24,"turns":6},{"damage":8,"enemies":"Centurion and Healer","floor":25,"turns":5},{"damage":0,"enemies":"3 Cultists","floor":30,"turns":4},{"damage":34,"enemies":"Champ","floor":33,"turns":7},{"damage":26,"enemies":"Flame Bruiser 1 Orb","floor":35,"turns":4},{"damage":17,"enemies":"3 Darklings","floor":38,"turns":4},{"damage":12,"enemies":"Maw","floor":39,"turns":7},{"damage":3,"enemies":"Giant Head","floor":41,"turns":5},{"damage":20,"enemies":"4 Shapes","floor":42,"turns":4},{"damage":12,"enemies":"Spire Growth","floor":45,"turns":3},{"damage":1,"enemies":"3 Darklings","floor":46,"turns":2},{"damage":8,"enemies":"Sphere and 2 Shapes","floor":48,"turns":2},{"damage":74,"enemies":"Time Eater","floor":50,"turns":9}],"event_choices":[{"event_name":"Scrap Ooze","player_choice":"success","floor":3,"damage_taken":7},{"event_name":"Transmorgrifier","player_choice":"Transform","floor":4,"damage_taken":0},{"event_name":"Purifier","player_choice":"One Purge","floor":5,"damage_taken":0},{"event_name":"World of Goop","player_choice":"Gather Gold","floor":8,"damage_taken":0},{"event_name":"The Cleric","player_choice":"Card Removal","floor":12,"damage_taken":0},{"event_name":"Masked Bandits","player_choice":"Paid Bandits 64 gold","floor":20,"damage_taken":0},{"event_name":"Accursed Blacksmith","player_choice":"Forge","floor":21,"damage_taken":0},{"event_name":"Vampires","player_choice":"Ignored","floor":28,"damage_taken":0},{"event_name":"The Library","player_choice":"Heal","floor":29,"damage_taken":0},{"event_name":"Addict","player_choice":"Ignored","floor":31,"damage_taken":0},{"event_name":"Mysterious Sphere","player_choice":"Ignore","floor":36,"damage_taken":0},{"event_name":"Transmorgrifier","player_choice":"Transform","floor":37,"damage_taken":0},{"event_name":"The Lab","player_choice":"Got Potions","floor":44,"damage_taken":0}],"boss_relics":[{"not_picked":["Philosopher\u0027s Stone","Orrery"],"picked":"Lizard Tail"},{"not_picked":["Runic Dome","The Specimen"],"picked":"Cursed Key"}],"potions_floor_spawned":[1,10,11,24,25,30,35,42,45,46],"seed_played":"-8504869718286873130","ascension_level":0,"is_trial":false}