{"gold_per_floor":[144,199,244,24,36,138,150,207,269,281,338,525,582,639,651,963,975,1032,1089,1146,1203,1260,1272,1284],"floor_reached":24,"playtime":1362,"items_purged":[],"score":227,"play_id":"b25c2c09-3be9-4827-903b-29014e403a23","local_time":"20181204234206","daily_mods":["Draft","Uncertain Future","Midas"],"is_ascension_mode":false,"campfire_choices":[{"floor":7,"key":"REST"},{"floor":10,"key":"REST"},{"floor":15,"key":"REST"}],"neow_cost":"","seed_source_timestamp":0,"circlet_count":0,"master_deck":["White Noise","Conserve Battery","Scrape","Genetic Algorithm+1","Gash","Beam Cell","Leap","Turbo","Go for the Eyes","Gash","Sweeping Beam","White Noise","Gash","Rebound","Fusion","Melter","Beam Cell","Static Discharge","Machine Learning","Doubt","Hologram","Amplify","Auto Shields+1","Self Repair+1","Coolheaded"],"special_seed":17869,"relics":["MawBank","Blood Vial","Oddly Smooth Stone","Black Star","Nloth\u0027s Gift"],"potions_floor_usage":[16,16,19,20,21],"damage_taken":[{"damage":10,"enemies":"Jaw Worm","floor":1,"turns":2},{"damage":0,"enemies":"2 Louse","floor":3,"turns":2},{"damage":28,"enemies":"Gremlin Nob","floor":6,"turns":4},{"damage":3,"enemies":"Small Slimes","floor":8,"turns":2},{"damage":16,"enemies":"Exordium Thugs","floor":11,"turns":4},{"damage":4,"enemies":"Blue Slaver","floor":13,"turns":4},{"damage":13,"enemies":"Lots of Slimes","floor":14,"turns":2},{"damage":19,"enemies":"The Guardian","floor":16,"turns":10},{"damage":30,"enemies":"Spheric Guardian","floor":18,"turns":4},{"damage":10,"enemies":"3 Byrds","floor":19,"turns":5},{"damage":23,"enemies":"Snecko","floor":20,"turns":6},{"damage":18,"enemies":"3 Cultists","floor":21,"turns":5},{"damage":23,"enemies":"Snake Plant","floor":22,"turns":5},{"damage":14,"enemies":"Centurion and Healer","floor":24,"turns":2}],"seed_played":"4835321096654724248","potions_obtained":[{"floor":3,"key":"SpeedPotion"},{"floor":6,"key":"Block Potion"},{"floor":11,"key":"PowerPotion"},{"floor":16,"key":"FocusPotion"},{"floor":18,"key":"Regen Potion"}],"is_trial":false,"path_per_floor":["M","?","M","$","?","E","R","M","T","R","M","?","M","M","R","B",null,"M","M","M","M","M","?","M"],"character_chosen":"DEFECT","items_purchased":["Static Discharge","MawBank"],"campfire_rested":3,"item_purchase_floors":[4,4],"current_hp_per_floor":[65,65,65,65,65,37,59,58,58,75,59,59,57,46,68,51,75,45,49,28,22,11,11,0],"gold":1284,"neow_bonus":"","is_prod":false,"is_daily":true,"chose_seed":false,"campfire_upgraded":0,"win_rate":0,"timestamp":1543963326,"path_taken":["M","?","M","$","?","E","R","M","T","R","M","?","M","M","R","BOSS","M","M","M","M","M","?","M"],"build_version":"2018-12-4","purchased_purges":0,"victory":false,"max_hp_per_floor":[75,75,75,75,75,75,75,75,75,75,75,75,75,75,75,75,75,75,75,75,75,75,75,75],"card_choices":[{"not_picked":["Streamline","Storm"],"picked":"White Noise","floor":0},{"not_picked":["Recycle","Doom and Gloom"],"picked":"Conserve Battery","floor":0},{"not_picked":["Turbo","Stack"],"picked":"Scrape","floor":0},{"not_picked":["Double Energy","Turbo"],"picked":"Genetic Algorithm","floor":0},{"not_picked":["Conserve Battery","Cold Snap"],"picked":"Gash","floor":0},{"not_picked":["BootSequence","Coolheaded"],"picked":"Beam Cell","floor":0},{"not_picked":["Rip and Tear","Streamline"],"picked":"Leap","floor":0},{"not_picked":["Streamline","Hologram"],"picked":"Turbo","floor":0},{"not_picked":["Reinforced Body","Barrage"],"picked":"Go for the Eyes","floor":0},{"not_picked":["Stack","Compile Driver"],"picked":"Gash","floor":0},{"not_picked":["Defragment","Streamline"],"picked":"Sweeping Beam","floor":0},{"not_picked":["Compile Driver","Heatsinks"],"picked":"White Noise","floor":0},{"not_picked":["Static Discharge","Chaos"],"picked":"Gash","floor":0},{"not_picked":["Barrage","Double Energy"],"picked":"Rebound","floor":0},{"not_picked":["Rebound","Reprogram"],"picked":"Fusion","floor":0},{"not_picked":["Redo","Hologram"],"picked":"Melter","floor":1},{"not_picked":["Capacitor","Coolheaded"],"picked":"Beam Cell","floor":3},{"not_picked":["Meteor Strike","White Noise","Sweeping Beam"],"picked":"SKIP","floor":6},{"not_picked":["Leap","Doom and Gloom","Coolheaded"],"picked":"SKIP","floor":8},{"not_picked":["Redo","Barrage"],"picked":"Machine Learning","floor":11},{"not_picked":["Barrage","Rebound"],"picked":"Hologram","floor":13},{"not_picked":["Tempest","Undo","Go for the Eyes"],"picked":"SKIP","floor":14},{"not_picked":["Meteor Strike","Electrodynamics"],"picked":"Amplify","floor":16},{"not_picked":["Tempest","Doom and Gloom","Redo"],"picked":"SKIP","floor":18},{"not_picked":["White Noise","Rebound"],"picked":"Auto Shields+1","floor":19},{"not_picked":["Go for the Eyes","Cold Snap+1"],"picked":"Self Repair+1","floor":20},{"not_picked":["Sweeping Beam","Reprogram","Conserve Battery"],"picked":"SKIP","floor":21},{"not_picked":["Force Field","Biased Cognition"],"picked":"Coolheaded","floor":22}],"player_experience":269736,"relics_obtained":[{"floor":6,"key":"Blood Vial"},{"floor":9,"key":"Oddly Smooth Stone"}],"event_choices":[{"damage_healed":0,"gold_gain":55,"player_choice":"Gained Gold","damage_taken":0,"max_hp_gain":0,"max_hp_loss":0,"event_name":"Golden Wing","floor":2,"gold_loss":0},{"damage_healed":0,"gold_gain":0,"player_choice":"Grow","damage_taken":0,"max_hp_gain":0,"max_hp_loss":0,"event_name":"Living Wall","floor":5,"gold_loss":0,"cards_upgraded":["Genetic Algorithm"]},{"damage_healed":0,"gold_gain":175,"player_choice":"AGREE","damage_taken":0,"max_hp_gain":0,"max_hp_loss":0,"event_name":"Liars Game","floor":12,"gold_loss":0,"cards_obtained":["Doubt"]},{"damage_healed":0,"gold_gain":0,"player_choice":"Traded Relic","damage_taken":0,"relics_obtained":["Nloth\u0027s Gift"],"max_hp_gain":0,"max_hp_loss":0,"event_name":"N\u0027loth","floor":23,"relics_lost":["Cracked Core"],"gold_loss":0}],"is_beta":true,"boss_relics":[{"not_picked":["Astrolabe","Sozu"],"picked":"Black Star"}],"items_purged_floors":[],"is_endless":false,"potions_floor_spawned":[3,6,11,16,18],"killed_by":"Centurion and Healer","ascension_level":0}