{"gold_per_floor":[112,112,287,287,299,299,317,335,335,365,385,385,60,77,77],"floor_reached":15,"playtime":446,"items_purged":["Regret"],"score":97,"play_id":"39f4772f-992c-486b-83ae-aec86e9d3896","local_time":"20190508174749","is_ascension_mode":false,"campfire_choices":[{"data":"Corruption","floor":6.0,"key":"SMITH"},{"floor":15,"key":"REST"}],"neow_cost":"NONE","seed_source_timestamp":0,"circlet_count":0,"master_deck":["Strike_R","Strike_R","Strike_R","Strike_R","Strike_R","Defend_R","Defend_R","Defend_R","Defend_R","Bash","Clothesline","Corruption+1","Flex","Shrug It Off","Rage+1","Dropkick+1","Flex"],"special_seed":0,"relics":["Burning Blood","Torii","WingedGreaves","Darkstone Periapt","Shuriken"],"potions_floor_usage":[],"damage_taken":[{"damage":7.0,"enemies":"Small Slimes","floor":1.0,"turns":4.0},{"damage":10.0,"enemies":"Jaw Worm","floor":5.0,"turns":4.0},{"damage":3.0,"enemies":"2 Louse","floor":7.0,"turns":3.0},{"damage":13.0,"enemies":"Blue Slaver","floor":8.0,"turns":5.0},{"damage":27.0,"enemies":"Lagavulin","floor":10.0,"turns":8.0},{"damage":5.0,"enemies":"3 Louse","floor":11.0,"turns":4.0},{"damage":28,"enemies":"Large Slime","floor":14,"turns":8}],"seed_played":"-8604964176392358456","potions_obtained":[{"floor":5.0,"key":"Strength Potion"},{"floor":10.0,"key":"Weak Potion"},{"floor":11.0,"key":"Weak Potion"}],"is_trial":false,"path_per_floor":["M","?","?","?","M","R","M","M","T","E","M","?","$","M","R"],"character_chosen":"IRONCLAD","items_purchased":["Shuriken"],"campfire_rested":1,"item_purchase_floors":[13],"current_hp_per_floor":[87,87,87,87,83,83,86,79,79,58,59,41,41,19,45],"gold":77,"neow_bonus":"TEN_PERCENT_HP_BONUS","is_prod":false,"is_daily":false,"chose_seed":false,"campfire_upgraded":1,"win_rate":0,"timestamp":1557355669,"path_taken":["M","?","?","?","M","R","M","?","T","E","M","?","$","M","R"],"build_version":"2019-01-23","purchased_purges":1,"victory":false,"max_hp_per_floor":[88,88,88,88,88,88,88,88,88,88,88,88,88,88,88],"card_choices":[{"not_picked":["Wild Strike","Body Slam"],"picked":"Clothesline","floor":1.0},{"not_picked":["Perfected Strike","Seeing Red"],"picked":"Corruption","floor":5.0},{"not_picked":["Shrug It Off","Ghostly Armor"],"picked":"Flex","floor":7.0},{"not_picked":["Metallicize","Sword Boomerang"],"picked":"Shrug It Off","floor":8.0},{"not_picked":["Limit Break","Sword Boomerang"],"picked":"Rage","floor":10.0},{"not_picked":["Flex","Rage"],"picked":"Dropkick","floor":11.0},{"not_picked":["Pummel","Iron Wave"],"picked":"Flex","floor":14}],"player_experience":16525,"relics_obtained":[{"floor":9.0,"key":"WingedGreaves"},{"floor":10.0,"key":"Darkstone Periapt"}],"event_choices":[{"damage_healed":0.0,"max_hp_gain":0.0,"max_hp_loss":0.0,"gold_gain":0.0,"event_name":"Big Fish","player_choice":"Box","floor":2.0,"gold_loss":0.0,"damage_taken":0.0,"relics_obtained":["Torii"],"cards_obtained":["Regret"]},{"damage_healed":0.0,"max_hp_gain":0.0,"max_hp_loss":0.0,"gold_gain":175.0,"event_name":"Liars Game","player_choice":"AGREE","floor":3.0,"gold_loss":0.0,"damage_taken":0.0,"cards_obtained":["Doubt"]},{"cards_removed":["Doubt"],"damage_healed":0.0,"max_hp_gain":0.0,"max_hp_loss":0.0,"gold_gain":0.0,"event_name":"Living Wall","player_choice":"Forget","floor":4.0,"gold_loss":0.0,"damage_taken":0.0},{"damage_healed":0.0,"max_hp_gain":0.0,"max_hp_loss":0.0,"gold_gain":0.0,"event_name":"Shining Light","player_choice":"Entered Light","floor":12.0,"gold_loss":0.0,"damage_taken":18.0,"cards_upgraded":["Dropkick","Rage"]}],"is_beta":false,"boss_relics":[],"items_purged_floors":[13],"is_endless":false,"potions_floor_spawned":[5,10,11,14],"ascension_level":0}