{"gold_per_floor":[114,124,0,14,14,14,49,49,49,74,85,114,114,129,129,234,234,244,258,258,277,295,295],"floor_reached":23,"playtime":1139,"items_purged":[],"score":224,"play_id":"7ef751cb-a846-425c-9f53-65461fafca63","local_time":"20190512140412","is_ascension_mode":true,"campfire_choices":[{"data":"Doom and Gloom","floor":6,"key":"SMITH"},{"data":"Coolheaded","floor":8,"key":"SMITH"},{"floor":13,"key":"REST"},{"floor":15,"key":"REST"}],"neow_cost":"NONE","seed_source_timestamp":173647166863510,"circlet_count":0,"master_deck":["Strike_B","Strike_B","Strike_B","Strike_B","Defend_B","Defend_B","Defend_B","Defend_B","Zap+1","Dualcast","Chill","Compile Driver","Doom and Gloom+1","Coolheaded+1","Coolheaded","Pain","Defragment+1","Echo Form+1","Glacier"],"relics":["Cracked Core","WarpedTongs","Gremlin Horn","Ancient Tea Set","Frozen Egg 2","Vajra","Inserter"],"potions_floor_usage":[23],"damage_taken":[{"damage":0,"enemies":"Small Slimes","floor":1,"turns":2},{"damage":0,"enemies":"Cultist","floor":2,"turns":3},{"damage":7,"enemies":"Jaw Worm","floor":4,"turns":3},{"damage":23,"enemies":"Gremlin Nob","floor":7,"turns":4},{"damage":2,"enemies":"3 Sentries","floor":10,"turns":3},{"damage":19,"enemies":"Exordium Thugs","floor":11,"turns":3},{"damage":17,"enemies":"Lagavulin","floor":12,"turns":8},{"damage":2,"enemies":"Gremlin Gang","floor":14,"turns":2},{"damage":8,"enemies":"The Guardian","floor":16,"turns":12},{"damage":4,"enemies":"3 Byrds","floor":18,"turns":5},{"damage":4,"enemies":"Spheric Guardian","floor":19,"turns":5},{"damage":4,"enemies":"Centurion and Healer","floor":21,"turns":11},{"damage":25,"enemies":"Chosen and Byrds","floor":22,"turns":7},{"damage":40,"enemies":"Slavers","floor":23,"turns":2}],"seed_played":"6029465651091680307","potions_obtained":[{"floor":4,"key":"Swift Potion"},{"floor":10,"key":"GamblersBrew"},{"floor":16,"key":"LiquidBronze"}],"is_trial":false,"path_per_floor":["M","M","$","M","?","R","E","R","T","E","M","E","R","M","R","B",null,"M","M","?","M","M","E"],"character_chosen":"DEFECT","items_purchased":["Doom and Gloom","Coolheaded"],"campfire_rested":2,"item_purchase_floors":[3,3],"current_hp_per_floor":[75,75,75,68,68,68,45,45,45,43,24,7,29,27,49,41,75,71,67,67,63,38,0],"gold":295,"neow_bonus":"UPGRADE_CARD","is_prod":false,"is_daily":false,"chose_seed":false,"campfire_upgraded":2,"win_rate":0,"timestamp":1557684252,"path_taken":["M","M","$","M","?","R","E","R","T","E","M","E","R","?","R","BOSS","M","?","?","?","?","E"],"build_version":"2019-05-07","purchased_purges":0,"victory":false,"max_hp_per_floor":[75,75,75,75,75,75,75,75,75,75,75,75,75,75,75,75,75,75,75,75,75,75,75],"card_choices":[{"not_picked":["Rebound","Lockon"],"picked":"Chill","floor":1},{"not_picked":["Steam","Skim"],"picked":"Compile Driver","floor":2},{"not_picked":["Barrage","Leap"],"picked":"Coolheaded","floor":4},{"not_picked":["Sweeping Beam","Compile Driver","Static Discharge"],"picked":"SKIP","floor":7},{"not_picked":["Sweeping Beam","Streamline","Steam Power"],"picked":"SKIP","floor":10},{"not_picked":["Barrage","Go for the Eyes","Fission"],"picked":"SKIP","floor":11},{"not_picked":["Meteor Strike","Streamline","Hello World+1"],"picked":"SKIP","floor":12},{"not_picked":["Hello World+1","Compile Driver"],"picked":"Defragment+1","floor":14},{"not_picked":["Hyperbeam","Multi-Cast"],"picked":"Echo Form+1","floor":16},{"not_picked":["Self Repair+1","Barrage+1"],"picked":"Glacier","floor":18},{"not_picked":["Leap","Darkness","Redo"],"picked":"SKIP","floor":19},{"not_picked":["Coolheaded","Cold Snap+1","Stack+1"],"picked":"SKIP","floor":21},{"not_picked":["Barrage","Steam","Leap"],"picked":"SKIP","floor":22}],"player_experience":1409966,"relics_obtained":[{"floor":7,"key":"Gremlin Horn"},{"floor":9,"key":"Ancient Tea Set"},{"floor":10,"key":"Frozen Egg 2"},{"floor":12,"key":"Vajra"}],"event_choices":[{"damage_healed":0,"gold_gain":0,"player_choice":"Rummage","damage_taken":0,"relics_obtained":["WarpedTongs"],"max_hp_gain":0,"max_hp_loss":0,"event_name":"Accursed Blacksmith","floor":5,"gold_loss":0,"cards_obtained":["Pain"]},{"damage_healed":0,"gold_gain":0,"player_choice":"Ignored","damage_taken":0,"max_hp_gain":0,"max_hp_loss":0,"event_name":"NoteForYourself","floor":20,"gold_loss":0}],"is_beta":true,"boss_relics":[{"not_picked":["Black Star","White Beast Statue"],"picked":"Inserter"}],"items_purged_floors":[],"is_endless":false,"potions_floor_spawned":[4,10,16],"killed_by":"Slavers","ascension_level":1}