{"gold_per_floor":[114,129,54,54,69,69,84,114,139,214,229,29,29,29,29,129,129,144,144,244,259,259,289,289,304,304,304,178,178,193,208,208,308,308,323,323,338,138,153,153,168,168,218,230,342,354,366,393,405,417],"floor_reached":51,"playtime":2180,"items_purged":["Riddle With Holes"],"score":690,"play_id":"5d4a868c-d1db-418a-be7d-95dd75003299","local_time":"20190421230415","daily_mods":["Draft","Green Cards","DeadlyEvents"],"is_ascension_mode":false,"campfire_choices":[{"data":"Bouncing Flask","floor":6.0,"key":"SMITH"},{"data":"Whirlwind","floor":13,"key":"SMITH"},{"data":"Bane","floor":15,"key":"SMITH"},{"data":"Envenom","floor":24,"key":"SMITH"},{"data":"Deadly Poison","floor":27,"key":"SMITH"},{"floor":29,"key":"REST"},{"data":"Noxious Fumes","floor":32,"key":"SMITH"},{"data":"Entrench","floor":40,"key":"SMITH"},{"data":"Deadly Poison","floor":42,"key":"SMITH"},{"data":"Disarm","floor":44,"key":"SMITH"},{"data":"Crippling Poison","floor":47,"key":"SMITH"},{"data":"Power Through","floor":49,"key":"SMITH"}],"neow_cost":"","seed_source_timestamp":1990019834005182,"circlet_count":0,"master_deck":["Bouncing Flask+1","Escape Plan","Deadly Poison+1","Dodge and Roll","Bane+1","Deflect","Poisoned Stab","Calculated Gamble","Battle Trance","Power Through+1","Prepared","Backstab","Backflip","Crippling Poison+1","Deadly Poison+1","Disarm+1","Envenom+1","Catalyst+1","Warcry+1","Noxious Fumes+1","Ghostly Armor","Entrench+1","Catalyst+1"],"special_seed":18007,"relics":["Burning Blood","Bag of Marbles","Bronze Scales","Medical Kit","Ice Cream","Letter Opener","MutagenicStrength","Blue Candle","Matryoshka","Calling Bell","Blood Vial","Question Card","Ginger","DollysMirror","MawBank","Lantern","Gambling Chip"],"potions_floor_usage":[16,20,23,45],"damage_taken":[{"damage":2.0,"enemies":"Cultist","floor":1.0,"turns":3.0},{"damage":0.0,"enemies":"2 Louse","floor":2.0,"turns":2.0},{"damage":0.0,"enemies":"Small Slimes","floor":5.0,"turns":3.0},{"damage":5.0,"enemies":"Exordium Thugs","floor":7.0,"turns":3.0},{"damage":8,"enemies":"Lagavulin","floor":8,"turns":6},{"damage":0,"enemies":"2 Fungi Beasts","floor":11,"turns":2},{"damage":7,"enemies":"Slime Boss","floor":16,"turns":5},{"damage":0,"enemies":"Spheric Guardian","floor":18,"turns":3},{"damage":8,"enemies":"Colosseum Slavers","floor":20,"turns":2},{"damage":4,"enemies":"Colosseum Nobs","floor":20,"turns":4},{"damage":14,"enemies":"Shell Parasite","floor":21,"turns":3},{"damage":28,"enemies":"Slavers","floor":23,"turns":4},{"damage":12,"enemies":"Shelled Parasite and Fungi","floor":25,"turns":3},{"damage":0,"enemies":"Snake Plant","floor":30,"turns":2},{"damage":0,"enemies":"Snecko","floor":31,"turns":3},{"damage":14,"enemies":"Collector","floor":33,"turns":6},{"damage":11,"enemies":"3 Shapes","floor":35,"turns":4},{"damage":21,"enemies":"Orb Walker","floor":37,"turns":3},{"damage":0,"enemies":"Sphere and 2 Shapes","floor":39,"turns":2},{"damage":0,"enemies":"4 Shapes","floor":41,"turns":4},{"damage":5,"enemies":"Mind Bloom Boss Battle","floor":45,"turns":3},{"damage":12,"enemies":"Jaw Worm Horde","floor":48,"turns":4},{"damage":43,"enemies":"Time Eater","floor":50,"turns":7}],"seed_played":"5562409950653752880","potions_obtained":[{"floor":1.0,"key":"Explosive Potion"},{"floor":2.0,"key":"PowerPotion"},{"floor":4.0,"key":"GamblersBrew"},{"floor":18,"key":"GamblersBrew"},{"floor":20,"key":"Poison Potion"},{"floor":48,"key":"LiquidBronze"}],"is_trial":false,"path_per_floor":["M","M","$","?","M","R","M","E","T","?","M","$","R","$","R","B",null,"M","$","?","M","?","E","R","M","T","R","$","R","M","M","R","B",null,"M","$","M","$","M","R","M","R","T","R","?","?","R","M","R","B",null],"character_chosen":"IRONCLAD","items_purchased":["Medical Kit","Noxious Fumes","Swift Potion","DollysMirror"],"campfire_rested":1,"item_purchase_floors":[12,28,28,38],"current_hp_per_floor":[80,80,80,80,80,80,80,78,78,67,73,73,73,73,73,72,80,80,80,80,72,72,50,50,44,44,44,44,68,74,80,80,72,80,75,75,62,62,70,70,78,78,78,78,80,80,80,74,74,39],"gold":429,"neow_bonus":"","is_prod":false,"is_daily":true,"chose_seed":false,"campfire_upgraded":11,"win_rate":0,"timestamp":1555855455,"path_taken":["M","M","?","?","M","R","M","?","T","?","M","$","R","$","R","BOSS","M","$","?","M","?","E","R","M","T","R","?","R","M","M","R","BOSS","M","$","?","$","M","R","M","R","T","R","?","?","R","M","R","BOSS"],"build_version":"2019-01-23","purchased_purges":1,"victory":true,"max_hp_per_floor":[80,80,80,80,80,80,80,80,80,80,80,80,80,80,80,80,80,80,80,80,80,80,80,80,80,80,80,80,80,80,80,80,80,80,80,80,80,80,80,80,80,80,80,80,80,80,80,80,80,80],"card_choices":[{"not_picked":["Escape Plan","Havoc"],"picked":"Bouncing Flask","floor":0.0},{"not_picked":["Deflect","Clash"],"picked":"Escape Plan","floor":0.0},{"not_picked":["Terror","Blade Dance"],"picked":"Deadly Poison","floor":0.0},{"not_picked":["Quick Slash","Intimidate"],"picked":"Dodge and Roll","floor":0.0},{"not_picked":["Eviscerate","Outmaneuver"],"picked":"Bane","floor":0.0},{"not_picked":["Outmaneuver","Cleave"],"picked":"Deflect","floor":0.0},{"not_picked":["Clash","Dagger Spray"],"picked":"Whirlwind","floor":0.0},{"not_picked":["Sword Boomerang","Combust"],"picked":"Poisoned Stab","floor":0.0},{"not_picked":["Choke","Deadly Poison"],"picked":"Calculated Gamble","floor":0.0},{"not_picked":["Iron Wave","Warcry"],"picked":"Battle Trance","floor":0.0},{"not_picked":["Spot Weakness","Flex"],"picked":"Power Through","floor":0.0},{"not_picked":["Flying Knee","Slice"],"picked":"Prepared","floor":0.0},{"not_picked":["Finisher","Twin Strike"],"picked":"Riddle With Holes","floor":0.0},{"not_picked":["Burning Pact","Poisoned Stab"],"picked":"Backstab","floor":0.0},{"not_picked":["Dodge and Roll","Dagger Spray"],"picked":"Backflip","floor":0.0},{"not_picked":["Finisher","Entrench"],"picked":"Crippling Poison","floor":1.0},{"not_picked":["Rage","Rampage"],"picked":"Deadly Poison","floor":2.0},{"not_picked":["Crippling Poison","Cloak And Dagger","Dropkick"],"picked":"SKIP","floor":5.0},{"not_picked":["Feel No Pain","Sucker Punch"],"picked":"Disarm","floor":7},{"not_picked":["Envenom","Havoc","Accuracy"],"picked":"SKIP","floor":8},{"not_picked":["Whirlwind","Underhanded Strike","Cleave"],"picked":"SKIP","floor":11},{"not_picked":["Double Tap","Brutality"],"picked":"Envenom","floor":16},{"not_picked":["Slice+1","Sucker Punch","Dagger Spray"],"picked":"SKIP","floor":18},{"not_picked":["Backflip","Uppercut+1"],"picked":"Catalyst+1","floor":21},{"not_picked":["Crippling Poison","Dodge and Roll"],"picked":"Warcry+1","floor":23},{"not_picked":["Distraction","Blade Dance","Deadly Poison+1"],"picked":"SKIP","floor":25},{"not_picked":["True Grit+1","Immolate","Dagger Throw"],"picked":"SKIP","floor":30},{"not_picked":["Havoc","Hemokinesis"],"picked":"Ghostly Armor","floor":31},{"not_picked":["Quick Slash","Hemokinesis","Armaments"],"picked":"Entrench","floor":35},{"not_picked":["Setup+1","Bane","Iron Wave","Heavy Blade"],"picked":"SKIP","floor":37},{"not_picked":["Heavy Blade","Terror","Rampage+1","Dagger Throw"],"picked":"SKIP","floor":39},{"not_picked":["Wild Strike+1","Terror","Acrobatics+1","Dagger Spray"],"picked":"SKIP","floor":41},{"not_picked":["Cloak And Dagger","Dagger Throw","Concentrate+1","Carnage+1"],"picked":"SKIP","floor":48}],"player_experience":265119,"relics_obtained":[{"floor":8,"key":"Bag of Marbles"},{"floor":9,"key":"Bronze Scales"},{"floor":20,"key":"Ice Cream"},{"floor":20,"key":"Letter Opener"},{"floor":23,"key":"Blue Candle"},{"floor":26,"key":"Matryoshka"},{"floor":34,"key":"Blood Vial"},{"floor":34,"key":"Question Card"},{"floor":34,"key":"Ginger"},{"floor":43,"key":"MawBank"},{"floor":43,"key":"Lantern"},{"floor":45,"key":"Gambling Chip"}],"event_choices":[{"damage_healed":0.0,"max_hp_gain":0.0,"max_hp_loss":0.0,"gold_gain":0.0,"event_name":"Lab","player_choice":"Got Potions","floor":4.0,"gold_loss":0.0,"damage_taken":0.0},{"damage_healed":0,"gold_gain":75,"player_choice":"Gather Gold","damage_taken":11,"max_hp_gain":0,"max_hp_loss":0,"event_name":"World of Goop","floor":10,"gold_loss":0},{"damage_healed":0,"gold_gain":0,"player_choice":"Fight","damage_taken":0,"max_hp_gain":0,"max_hp_loss":0,"event_name":"Colosseum","floor":20,"gold_loss":0},{"damage_healed":0,"gold_gain":0,"player_choice":"Fought Nobs","damage_taken":0,"max_hp_gain":0,"max_hp_loss":0,"event_name":"Colosseum","floor":20,"gold_loss":0},{"damage_healed":0,"gold_gain":0,"player_choice":"Inject Mutagens","damage_taken":0,"relics_obtained":["MutagenicStrength"],"max_hp_gain":0,"max_hp_loss":0,"event_name":"Drug Dealer","floor":22,"gold_loss":0},{"damage_healed":0,"gold_gain":0,"player_choice":"Fight","damage_taken":0,"max_hp_gain":0,"max_hp_loss":0,"event_name":"MindBloom","floor":45,"gold_loss":0},{"cards_removed":["Whirlwind"],"damage_healed":0,"gold_gain":0,"player_choice":"Removed Attack","damage_taken":0,"max_hp_gain":0,"max_hp_loss":0,"event_name":"Falling","floor":46,"gold_loss":0}],"is_beta":false,"boss_relics":[{"not_picked":["Runic Dome","Astrolabe","Snecko Eye"]},{"not_picked":["Black Star","Lizard Tail"],"picked":"Calling Bell"}],"items_purged_floors":[3],"is_endless":false,"potions_floor_spawned":[1,2,5,8,11,18,20,20,33,35,39,48],"ascension_level":0}