{"path_per_floor":["M","$","?","?","?","E","M","E","T","T","E","R","M","M","R","B",null,"M","?","?","$","?","R","E","M","T","M","E","T","R","E","R","B",null,"M","?","M","$","M","R","$","M","T","M","?","?","$","M","R","B"],"character_chosen":"IRONCLAD","items_purchased":["Offering","Ginger","Self Forming Clay"],"gold_per_floor":[114,39,39,39,214,239,256,286,368,392,427,427,446,462,462,566,566,578,578,613,128,128,128,153,163,163,182,210,237,237,264,264,359,359,375,375,393,25,43,43,43,57,57,68,68,68,68,78,78,78],"floor_reached":51,"campfire_rested":5,"playtime":2873,"current_hp_per_floor":[80,80,73,73,73,79,83,57,57,57,32,56,62,68,68,23,83,66,66,65,65,49,75,37,36,36,36,37,37,63,67,88,38,88,79,68,50,50,28,54,54,39,49,41,86,86,86,78,78,18],"items_purged":["Defend_R","Strike_R","Regret"],"gold":78,"score":651,"play_id":"6d1081dc-29c5-470c-90f1-78ca93e456de","is_prod":false,"is_daily":false,"is_ascension_mode":true,"campfire_upgraded":2,"path_taken":["M","$","?","?","?","E","M","E","T","?","E","R","M","M","R","BOSS","M","?","?","?","?","R","E","M","T","?","E","?","R","E","R","BOSS","M","?","?","$","M","R","?","?","T","M","?","?","$","M","R","BOSS"],"build_version":"2018-02-23-BETA1","purchased_purges":3,"victory":true,"master_deck":["Strike_R","Strike_R","Strike_R","Strike_R","Defend_R+1","Defend_R","Defend_R+1","Bash","Infernal Blade+1","Doubt","Spot Weakness","Anger+1","Battle Trance","Battle Trance","Double Tap","Flex+1","Shrug It Off","Offering+1","Limit Break","Armaments+1","Thunderclap+1","Sword Boomerang+1","Limit Break","Madness","Madness","Power Through+1","Power Through+1","Impervious","Shockwave"],"max_hp_per_floor":[80,80,80,80,80,80,83,83,83,83,83,83,83,83,83,83,83,83,83,83,83,88,88,88,88,88,88,88,88,88,88,88,88,88,88,88,88,88,88,88,88,88,98,98,86,86,86,86,86,86],"relics":["Burning Blood","NeowsBlessing","Molten Egg 2","Vajra","War Paint","Mercury Hourglass","Mummified Hand","Pen Nib","Happy Flower","Runic Dome","Red Mask","Ginger","Ancient Tea Set","Peace Pipe","Bronze Scales","Lantern","Frozen Eye","Lizard Tail","Self Forming Clay","Pear"],"card_choices":[{"not_picked":["Clash","Pommel Strike"],"picked":"Infernal Blade"},{"not_picked":["Ghostly Armor","Fire Breathing"],"picked":"Spot Weakness"},{"not_picked":["Wild Strike","Sentinel"],"picked":"Anger"},{"not_picked":["Clothesline","Twin Strike"],"picked":"Battle Trance"},{"not_picked":["True Grit","Twin Strike"],"picked":"Battle Trance"},{"not_picked":["Barricade","Limit Break"],"picked":"Double Tap"},{"not_picked":["Ghostly Armor","Pommel Strike"],"picked":"Flex"},{"not_picked":["Body Slam","Headbutt"],"picked":"Shrug It Off"},{"not_picked":["Wild Strike","Iron Wave"],"picked":"Limit Break"},{"not_picked":["Sentinel","Shockwave"],"picked":"Armaments"},{"not_picked":["Sentinel","Clash"],"picked":"Thunderclap"},{"not_picked":["Reckless Charge","Body Slam"],"picked":"Sword Boomerang"},{"not_picked":["Immolate","Feed"],"picked":"Limit Break"},{"not_picked":["Dropkick","Shrug It Off"],"picked":"Power Through"},{"not_picked":["Perfected Strike","Battle Trance"],"picked":"Power Through"},{"not_picked":["True Grit","Havoc"],"picked":"Impervious"},{"not_picked":["Perfected Strike","Infernal Blade"],"picked":"Shockwave"}],"player_experience":120918,"potions_floor_usage":[20,20,25,27,28,31,50,50],"damage_taken":[{"damage":0,"enemies":"2 Louse","floor":1,"turns":1},{"damage":0,"enemies":"Gremlin Nob","floor":6,"turns":1},{"damage":0,"enemies":"Small Slimes","floor":7,"turns":1},{"damage":32,"enemies":"3 Sentries","floor":8,"turns":9},{"damage":31,"enemies":"Gremlin Nob","floor":11,"turns":4},{"damage":0,"enemies":"Jaw Worm","floor":13,"turns":2},{"damage":0,"enemies":"Exordium Wildlife","floor":14,"turns":2},{"damage":51,"enemies":"Slime Boss","floor":16,"turns":6},{"damage":23,"enemies":"3 Byrds","floor":18,"turns":5},{"damage":7,"enemies":"Masked Bandits","floor":20,"turns":3},{"damage":44,"enemies":"Gremlin Leader","floor":24,"turns":6},{"damage":7,"enemies":"Chosen","floor":25,"turns":2},{"damage":6,"enemies":"Centurion and Healer","floor":27,"turns":3},{"damage":5,"enemies":"Slavers","floor":28,"turns":3},{"damage":2,"enemies":"Gremlin Leader","floor":31,"turns":3},{"damage":56,"enemies":"Champ","floor":33,"turns":6},{"damage":15,"enemies":"Orb Walker","floor":35,"turns":3},{"damage":68,"enemies":"Flame Bruiser 1 Orb","floor":37,"turns":5},{"damage":28,"enemies":"Maw","floor":39,"turns":5},{"damage":21,"enemies":"Spire Growth","floor":42,"turns":4},{"damage":14,"enemies":"4 Shapes","floor":44,"turns":4},{"damage":14,"enemies":"Sphere and 2 Shapes","floor":48,"turns":4},{"damage":66,"enemies":"Time Eater","floor":50,"turns":9}],"event_choices":[{"event_name":"Scrap Ooze","player_choice":"success","floor":3,"damage_taken":7},{"event_name":"Big Fish","player_choice":"Box","floor":4,"damage_taken":0},{"event_name":"Liars Game","player_choice":"agreed","floor":5,"damage_taken":0},{"event_name":"Vampires","player_choice":"Ignored","floor":19,"damage_taken":0},{"event_name":"Masked Bandits","player_choice":"Fought over 578 gold","floor":20,"damage_taken":0},{"event_name":"Forgotten Altar","player_choice":"Shed Blood","floor":22,"damage_taken":0},{"event_name":"Winding Halls","player_choice":"Embrace Madness","floor":36,"damage_taken":0},{"event_name":"The Moai Head","player_choice":"Heal","floor":45,"damage_taken":0},{"event_name":"Accursed Blacksmith","player_choice":"Forge","floor":46,"damage_taken":0}],"boss_relics":[{"not_picked":["Question Card","Runic Pyramid"],"picked":"Runic Dome"},{"not_picked":["Calling Bell","Orrery"],"picked":"Lizard Tail"}],"potions_floor_spawned":[8,13,14,18,20,24,28,39,48],"seed_played":"4379128352942926154","ascension_level":2,"is_trial":false}