{"gold_per_floor":[117,127,127,144,144,144,162,162,162,174,174,174,174,79,79,177,177,189,173,98,78,94,94,107,107,154,171,196,196,296,296,296,401,401,419,344,363,363,382,382],"floor_reached":40,"playtime":5204,"items_purged":["Strike_R"],"score":691,"play_id":"805ed2f8-d97c-4690-8ab5-c5add17c6a1a","local_time":"20190408230035","is_ascension_mode":true,"campfire_choices":[{"data":"Barricade","floor":6.0,"key":"SMITH"},{"data":"Armaments","floor":13.0,"key":"SMITH"},{"data":"Shockwave","floor":15.0,"key":"SMITH"},{"data":"Impervious","floor":23,"key":"SMITH"},{"data":"PanicButton","floor":25,"key":"SMITH"},{"data":"Ghostly Armor","floor":29,"key":"SMITH"},{"data":"Battle Trance","floor":32,"key":"SMITH"}],"neow_cost":"PERCENT_DAMAGE","seed_source_timestamp":299930629561000,"circlet_count":0,"master_deck":["AscendersBane","Strike_R","Strike_R","Defend_R","Defend_R","Defend_R","Defend_R","Bash","Barricade+1","Rage","Body Slam","Ghostly Armor+1","Armaments+1","Shockwave+1","PanicButton+1","Impervious+1","Battle Trance+1","Double Tap","Carnage+1","Violence","Body Slam"],"special_seed":0,"relics":["Burning Blood","Lantern","Pantograph","Busted Crown","Champion Belt","Ornamental Fan","White Beast Statue"],"potions_floor_usage":[19,30,33,40],"damage_taken":[{"damage":10.0,"enemies":"Cultist","floor":1.0,"turns":5.0},{"damage":8.0,"enemies":"Small Slimes","floor":2.0,"turns":5.0},{"damage":5.0,"enemies":"2 Louse","floor":4.0,"turns":4.0},{"damage":8.0,"enemies":"Lots of Slimes","floor":7.0,"turns":5.0},{"damage":3.0,"enemies":"3 Louse","floor":10.0,"turns":6.0},{"damage":5.0,"enemies":"Slime Boss","floor":16.0,"turns":13.0},{"damage":0.0,"enemies":"Chosen","floor":18.0,"turns":8.0},{"damage":1,"enemies":"2 Thieves","floor":19,"turns":4},{"damage":0,"enemies":"Cultist and Chosen","floor":22,"turns":9},{"damage":0,"enemies":"Centurion and Healer","floor":24,"turns":10},{"damage":26,"enemies":"Snake Plant","floor":27,"turns":8},{"damage":0,"enemies":"Slavers","floor":28,"turns":7},{"damage":0,"enemies":"Colosseum Slavers","floor":30,"turns":5},{"damage":46,"enemies":"Colosseum Nobs","floor":30,"turns":12},{"damage":9,"enemies":"Collector","floor":33,"turns":9},{"damage":6,"enemies":"Orb Walker","floor":35,"turns":4},{"damage":15,"enemies":"3 Darklings","floor":37,"turns":8},{"damage":20,"enemies":"Writhing Mass","floor":39,"turns":6},{"damage":46,"enemies":"Reptomancer","floor":40,"turns":4}],"seed_played":"-4960727606100034548","potions_obtained":[{"floor":1.0,"key":"SkillPotion"},{"floor":4.0,"key":"LiquidBronze"},{"floor":7.0,"key":"SteroidPotion"},{"floor":21,"key":"Energy Potion"},{"floor":22,"key":"FearPotion"},{"floor":27,"key":"Fire Potion"},{"floor":35,"key":"Strength Potion"},{"floor":37,"key":"Weak Potion"}],"is_trial":false,"path_per_floor":["M","M","?","M","?","R","M","?","T","M","?","T","R","$","R","B",null,"M","M","?","?","M","R","M","R","T","M","E","R","?","?","R","B",null,"M","$","M","?","M","E"],"character_chosen":"IRONCLAD","items_purchased":["PanicButton"],"campfire_rested":0,"item_purchase_floors":[14],"current_hp_per_floor":[47,45,45,46,46,46,44,44,44,47,40,40,40,40,40,66,77,80,80,80,80,80,80,80,80,80,60,66,66,32,32,32,54,74,74,74,65,55,41,0],"gold":382,"neow_bonus":"THREE_RARE_CARDS","is_prod":false,"is_daily":false,"chose_seed":false,"campfire_upgraded":7,"win_rate":0,"timestamp":1554786035,"path_taken":["M","M","?","M","?","R","?","?","T","?","?","?","R","$","R","BOSS","M","M","?","?","?","R","M","R","T","M","E","R","?","?","R","BOSS","M","$","M","?","M","E"],"build_version":"2019-01-23","purchased_purges":1,"victory":false,"max_hp_per_floor":[80,80,80,80,80,80,80,80,80,80,80,80,80,80,80,80,80,80,80,80,80,80,80,80,80,80,80,80,80,80,80,80,80,80,80,80,80,80,80,80],"card_choices":[{"not_picked":["Limit Break","Impervious"],"picked":"Barricade","floor":0.0},{"not_picked":["Cleave","Whirlwind"],"picked":"Rage","floor":1.0},{"not_picked":["Pummel","Rampage"],"picked":"Body Slam","floor":2.0},{"not_picked":["Fire Breathing","Iron Wave"],"picked":"Ghostly Armor","floor":4.0},{"not_picked":["Sentinel","Clothesline"],"picked":"Armaments","floor":7.0},{"not_picked":["Heavy Blade","Rampage"],"picked":"Shockwave","floor":10.0},{"not_picked":["Reaper","Bludgeon"],"picked":"Impervious","floor":16.0},{"not_picked":["Heavy Blade+1"],"picked":"SKIP","floor":18.0},{"not_picked":["Rampage"],"picked":"SKIP","floor":19},{"not_picked":["Twin Strike"],"picked":"SKIP","floor":22},{"not_picked":["Havoc"],"picked":"SKIP","floor":24},{"not_picked":["Iron Wave"],"picked":"SKIP","floor":27},{"not_picked":["Dropkick"],"picked":"SKIP","floor":28},{"not_picked":[],"picked":"Double Tap","floor":33},{"not_picked":["Anger+1"],"picked":"SKIP","floor":35},{"not_picked":[],"picked":"Carnage+1","floor":37},{"not_picked":[],"picked":"Violence","floor":38},{"not_picked":[],"picked":"Body Slam","floor":39}],"player_experience":565066,"relics_obtained":[{"floor":9.0,"key":"Lantern"},{"floor":12.0,"key":"Pantograph"},{"floor":30,"key":"Champion Belt"},{"floor":30,"key":"Ornamental Fan"}],"event_choices":[{"damage_healed":0.0,"max_hp_gain":0.0,"max_hp_loss":0.0,"gold_gain":0.0,"event_name":"Liars Game","player_choice":"Ignored","floor":3.0,"gold_loss":0.0,"damage_taken":0.0},{"damage_healed":0.0,"max_hp_gain":0.0,"max_hp_loss":0.0,"gold_gain":0.0,"event_name":"Wheel of Change","player_choice":"Cursed","floor":5.0,"gold_loss":0.0,"damage_taken":0.0,"cards_obtained":["Decay"]},{"cards_removed":["Decay"],"damage_healed":0.0,"max_hp_gain":0.0,"max_hp_loss":0.0,"gold_gain":0.0,"event_name":"Fountain of Cleansing","player_choice":"Removed Curses","floor":8.0,"gold_loss":0.0,"damage_taken":0.0},{"cards_removed":["Strike_R"],"damage_healed":0.0,"max_hp_gain":0.0,"max_hp_loss":0.0,"gold_gain":0.0,"event_name":"Golden Wing","player_choice":"Card Removal","floor":11.0,"gold_loss":0.0,"damage_taken":7.0},{"cards_removed":["Strike_R"],"damage_healed":0,"gold_gain":0,"player_choice":"Gave Gold","damage_taken":0,"max_hp_gain":0,"max_hp_loss":0,"event_name":"Beggar","floor":20,"gold_loss":75},{"damage_healed":0,"gold_gain":0,"player_choice":"Bought 1 Potion","damage_taken":0,"max_hp_gain":0,"max_hp_loss":0,"event_name":"The Woman in Blue","floor":21,"gold_loss":0},{"damage_healed":0,"gold_gain":0,"player_choice":"Fight","damage_taken":0,"max_hp_gain":0,"max_hp_loss":0,"event_name":"Colosseum","floor":30,"gold_loss":0},{"damage_healed":0,"gold_gain":0,"player_choice":"Fought Nobs","damage_taken":0,"max_hp_gain":0,"max_hp_loss":0,"event_name":"Colosseum","floor":30,"gold_loss":0},{"damage_healed":0,"gold_gain":0,"player_choice":"Read","damage_taken":0,"max_hp_gain":0,"max_hp_loss":0,"event_name":"The Library","floor":31,"gold_loss":0,"cards_obtained":["Battle Trance"]},{"damage_healed":0,"gold_gain":0,"player_choice":"Memory 3","damage_taken":10,"max_hp_gain":0,"max_hp_loss":0,"event_name":"SensoryStone","floor":38,"gold_loss":0}],"is_beta":false,"boss_relics":[{"not_picked":["Tiny House","Empty Cage"],"picked":"Busted Crown"},{"not_picked":["Runic Cube","Calling Bell"],"picked":"White Beast Statue"}],"items_purged_floors":[36],"is_endless":false,"potions_floor_spawned":[1,4,7,22,27,30,35,37,39],"killed_by":"Reptomancer","ascension_level":11}