{"gold_per_floor":[111,111,61,61,61,99,99,138,138,176,135,153,153,169,169,169],"floor_reached":16,"playtime":1314,"items_purged":[],"score":186,"play_id":"0b194bb0-61f6-4520-8a6a-2bfc9cd90b60","local_time":"20190419140729","is_ascension_mode":true,"campfire_choices":[{"floor":7,"key":"REST"},{"data":"Armaments","floor":15,"key":"SMITH"}],"neow_cost":"CURSE","seed_source_timestamp":177149809972300,"circlet_count":0,"master_deck":["AscendersBane","Strike_R","Strike_R","Strike_R","Strike_R+1","Strike_R+1","Defend_R+1","Defend_R","Defend_R","Defend_R","Bash","Fiend Fire+1","Armaments+1","Injury","Havoc","Clash+1","Intimidate","Second Wind","Warcry","Feel No Pain+1"],"special_seed":0,"relics":["Burning Blood","Golden Idol","Incense Burner","Frozen Egg 2","Dodecahedron","Whetstone","Happy Flower"],"potions_floor_usage":[10],"damage_taken":[{"damage":12.0,"enemies":"Jaw Worm","floor":1.0,"turns":2.0},{"damage":46.0,"enemies":"Lagavulin","floor":6.0,"turns":9.0},{"damage":26,"enemies":"3 Sentries","floor":8,"turns":11},{"damage":3,"enemies":"Lagavulin","floor":10,"turns":6},{"damage":0,"enemies":"Small Slimes","floor":12,"turns":2},{"damage":0,"enemies":"2 Louse","floor":14,"turns":2},{"damage":40,"enemies":"The Guardian","floor":16,"turns":7}],"seed_played":"-4393709240772576697","potions_obtained":[{"floor":1.0,"key":"Dexterity Potion"},{"floor":12,"key":"AttackPotion"}],"is_trial":false,"path_per_floor":["M","?","?","?","?","E","R","E","T","E","$","M","?","M","R","B"],"character_chosen":"IRONCLAD","items_purchased":["Second Wind"],"campfire_rested":1,"item_purchase_floors":[11],"current_hp_per_floor":[66,50,50,50,50,10,34,14,14,17,17,23,23,29,29,0],"gold":169,"neow_bonus":"THREE_RARE_CARDS","is_prod":false,"is_daily":false,"chose_seed":false,"campfire_upgraded":1,"win_rate":0,"timestamp":1555704449,"path_taken":["M","?","?","?","?","E","R","E","T","E","?","M","?","M","R","BOSS"],"build_version":"2019-01-23","purchased_purges":0,"victory":false,"max_hp_per_floor":[80,80,80,80,80,80,80,80,80,80,80,80,80,80,80,80],"card_choices":[{"not_picked":["Reaper","Brutality"],"picked":"Fiend Fire","floor":0.0},{"not_picked":["Searing Blow","Body Slam"],"picked":"Armaments","floor":1.0},{"not_picked":["Clothesline","Sentinel"],"picked":"Havoc","floor":6.0},{"not_picked":["Shrug It Off","Warcry"],"picked":"Clash","floor":8},{"not_picked":["Burning Pact","Barricade+1"],"picked":"Intimidate","floor":10},{"not_picked":["Headbutt","Anger"],"picked":"Warcry","floor":12},{"not_picked":["Combust+1","Anger"],"picked":"Feel No Pain+1","floor":14}],"player_experience":593163,"relics_obtained":[{"floor":6.0,"key":"Incense Burner"},{"floor":8,"key":"Frozen Egg 2"},{"floor":9,"key":"Dodecahedron"},{"floor":10,"key":"Whetstone"}],"event_choices":[{"damage_healed":0.0,"max_hp_gain":0.0,"max_hp_loss":0.0,"gold_gain":0.0,"event_name":"Shining Light","player_choice":"Entered Light","floor":2.0,"gold_loss":0.0,"damage_taken":16.0,"cards_upgraded":["Strike_R","Defend_R"]},{"cards_removed":["Doubt"],"damage_healed":0.0,"max_hp_gain":0.0,"max_hp_loss":0.0,"gold_gain":0.0,"event_name":"The Cleric","player_choice":"Card Removal","floor":3.0,"gold_loss":50.0,"damage_taken":0.0},{"damage_healed":0.0,"max_hp_gain":0.0,"max_hp_loss":0.0,"gold_gain":0.0,"event_name":"Living Wall","player_choice":"Grow","floor":4.0,"gold_loss":0.0,"damage_taken":0.0,"cards_upgraded":["Fiend Fire"]},{"damage_healed":0.0,"max_hp_gain":0.0,"max_hp_loss":0.0,"gold_gain":0.0,"event_name":"Golden Idol","player_choice":"Take Wound","floor":5.0,"gold_loss":0.0,"damage_taken":0.0,"relics_obtained":["Golden Idol"],"cards_obtained":["Injury"]},{"damage_healed":0,"gold_gain":0,"player_choice":"Gave Potion","damage_taken":0,"relics_obtained":["Happy Flower"],"max_hp_gain":0,"max_hp_loss":0,"event_name":"WeMeetAgain","floor":13,"gold_loss":0}],"is_beta":false,"boss_relics":[],"items_purged_floors":[],"is_endless":false,"potions_floor_spawned":[1,12],"killed_by":"The Guardian","ascension_level":12}