{"path_per_floor":["M","M","?","$","M","R","$","T","T","M","R","M","R","M","R","B",null,"M","?","M","?","?","R","?","?","T","?","R","E","M","$","R","B",null,"M","$","M","?","?","R","?","R","T","T","?","M","M","?","R"],"character_chosen":"DEFECT","items_purchased":["Static Discharge","Ball Lightning","Molten Egg 2","Reboot","Static Discharge"],"gold_per_floor":[113,123,123,43,56,56,9,33,33,47,47,66,66,81,81,176,176,195,195,211,211,211,211,211,461,488,488,488,517,533,76,76,181,181,193,13,28,28,28,28,28,28,28,54,54,68,85,0,0,0],"floor_reached":50,"campfire_rested":2,"playtime":2750,"item_purchase_floors":[4,7,31,31,36],"current_hp_per_floor":[74,73,73,73,68,68,68,68,68,59,59,59,59,54,54,12,75,61,61,55,55,55,55,55,55,55,75,75,49,26,26,48,13,75,46,46,45,45,45,45,45,45,52,52,52,26,3,3,27,0],"items_purged":["Regret","Strike_B"],"gold":0,"score":471,"play_id":"864def80-b8c5-477e-9362-c6b535cd6b04","local_time":"20180520052221","is_prod":false,"is_daily":false,"chose_seed":false,"is_ascension_mode":false,"campfire_upgraded":8,"timestamp":1526786541,"campfire_choices":[{"data":"Go for the Eyes","floor":6,"key":"SMITH"},{"data":"Static Discharge","floor":11,"key":"SMITH"},{"data":"Recycle","floor":13,"key":"SMITH"},{"data":"Streamline","floor":15,"key":"SMITH"},{"data":"Machine Learning","floor":23,"key":"SMITH"},{"data":"Seek","floor":28,"key":"SMITH"},{"floor":32,"key":"REST"},{"data":"Static Discharge","floor":40,"key":"SMITH"},{"data":"Echo Form","floor":42,"key":"SMITH"},{"floor":49,"key":"REST"}],"path_taken":["M","?","?","$","M","R","?","?","T","M","R","M","R","M","R","BOSS","M","?","M","?","?","R","?","?","T","?","R","E","M","$","R","BOSS","M","$","M","?","?","R","?","R","T","?","?","M","M","?","R","BOSS"],"build_version":"2018-05-18","seed_source_timestamp":1607360761977,"purchased_purges":2,"victory":false,"master_deck":["Strike_B","Strike_B","Strike_B","Defend_B","Defend_B","Defend_B","Defend_B","Zap","Dualcast","Conserve Battery","Static Discharge+1","Go for the Eyes+1","Ball Lightning","Capacitor","Streamline+1","Seek+1","Capacitor","Machine Learning+1","Skim","Static Discharge+1","Tempest+1","Go for the Eyes","Reboot","Echo Form+1","Seek","Beam Cell+1","Static Discharge+1","Steam+1","Mind Blast+1","Defragment+1","Leap+1"],"max_hp_per_floor":[75,75,75,75,75,75,75,75,75,75,75,75,75,75,75,75,75,75,75,75,75,75,75,75,75,75,75,75,75,75,75,75,75,75,75,75,75,75,75,75,75,75,82,82,82,82,82,82,82,82],"relics":["Cracked Core","Dead Branch","Juzu Bracelet","Potion Belt","Nuclear Battery","Bronze Scales","Dream Catcher","Molten Egg 2","Lizard Tail","Strawberry","Omamori","Red Mask"],"card_choices":[{"not_picked":["Axe Kick","Fusion","Reinforced Body"],"picked":"SKIP","floor":1},{"not_picked":["Rebound","Cold Snap"],"picked":"Conserve Battery","floor":2},{"not_picked":["Barrage","Aggregate"],"picked":"Go for the Eyes","floor":5},{"not_picked":["Reprogram","Leap"],"picked":"Capacitor","floor":10},{"not_picked":["Barrage","Nova"],"picked":"Recycle","floor":12},{"not_picked":["Rebound","Capacitor"],"picked":"Streamline","floor":14},{"not_picked":["Fission","Rainbow"],"picked":"Seek","floor":16},{"not_picked":["Coolheaded","Axe Kick"],"picked":"Capacitor","floor":18},{"not_picked":["Streamline","Ball Lightning"],"picked":"Skim","floor":20},{"not_picked":["Darkness","Sunder"],"picked":"Tempest","floor":29},{"not_picked":["Capacitor+1","Redo"],"picked":"Go for the Eyes","floor":30},{"not_picked":["Rebound+1","Leap"],"picked":"Echo Form","floor":32},{"not_picked":["Fission","Meteor Strike+1"],"picked":"Seek","floor":33},{"not_picked":["Undo","Leap"],"picked":"Beam Cell+1","floor":35},{"not_picked":["Stack+1","Capacitor+1"],"picked":"Steam+1","floor":37},{"not_picked":["Dramatic Entrance","Good Instincts"],"picked":"Mind Blast","floor":41},{"not_picked":["Streamline+1","Self Repair","Cold Snap+1"],"picked":"SKIP","floor":46},{"not_picked":["Hologram","Turbo+1"],"picked":"Defragment+1","floor":47},{"not_picked":["Loop+1","Ball Lightning+1"],"picked":"Leap+1","floor":49}],"player_experience":293384,"potions_floor_usage":[30,33,33,33,50,50],"damage_taken":[{"damage":1,"enemies":"Cultist","floor":1,"turns":3},{"damage":1,"enemies":"2 Louse","floor":2,"turns":2},{"damage":5,"enemies":"Small Slimes","floor":5,"turns":4},{"damage":9,"enemies":"Exordium Wildlife","floor":10,"turns":3},{"damage":0,"enemies":"Blue Slaver","floor":12,"turns":3},{"damage":5,"enemies":"2 Fungi Beasts","floor":14,"turns":3},{"damage":42,"enemies":"Hexaghost","floor":16,"turns":8},{"damage":14,"enemies":"2 Thieves","floor":18,"turns":3},{"damage":6,"enemies":"Chosen","floor":20,"turns":5},{"damage":26,"enemies":"Book of Stabbing","floor":29,"turns":2},{"damage":23,"enemies":"Sentry and Sphere","floor":30,"turns":4},{"damage":42,"enemies":"Champ","floor":33,"turns":9},{"damage":29,"enemies":"Flame Bruiser 1 Orb","floor":35,"turns":3},{"damage":1,"enemies":"Orb Walker","floor":37,"turns":2},{"damage":26,"enemies":"Spire Growth","floor":46,"turns":4},{"damage":23,"enemies":"Maw","floor":47,"turns":6},{"damage":79,"enemies":"Donu and Deca","floor":50,"turns":6}],"relics_obtained":[{"floor":8,"key":"Juzu Bracelet"},{"floor":9,"key":"Potion Belt"},{"floor":26,"key":"Bronze Scales"},{"floor":29,"key":"Dream Catcher"},{"floor":43,"key":"Strawberry"},{"floor":44,"key":"Omamori"}],"event_choices":[{"event_name":"Wheel of Change","player_choice":"Relic","floor":3,"damage_taken":0},{"event_name":"Match and Keep!","player_choice":"1 cards matched","floor":19,"damage_taken":0},{"event_name":"Duplicator","player_choice":"One dupe","floor":21,"damage_taken":0},{"event_name":"Ghosts","player_choice":"Ignored","floor":22,"damage_taken":0},{"event_name":"Vampires","player_choice":"Ignored","floor":24,"damage_taken":0},{"event_name":"Golden Shrine","player_choice":"Desecrate","floor":25,"damage_taken":0},{"event_name":"The Library","player_choice":"Heal","floor":27,"damage_taken":0},{"event_name":"SecretPortal","player_choice":"Rejected Portal.","floor":38,"damage_taken":0},{"event_name":"Upgrade Shrine","player_choice":"Upgraded","floor":39,"damage_taken":0},{"event_name":"SensoryStone","player_choice":"Memory 1","floor":41,"damage_taken":0},{"event_name":"Tomb of Lord Red Mask","player_choice":"Paid","floor":48,"damage_taken":0}],"boss_relics":[{"not_picked":["Calling Bell","Black Star"],"picked":"Nuclear Battery"},{"not_picked":["Orrery","Sozu"],"picked":"Lizard Tail"}],"items_purged_floors":[31,36],"potions_floor_spawned":[5,12,14,30,33,37,47],"seed_played":"-2140340764554962154","killed_by":"Donu and Deca","ascension_level":0,"potions_obtained":[{"floor":5,"key":"Explosive Potion"},{"floor":12,"key":"SteroidPotion"},{"floor":14,"key":"Dexterity Potion"},{"floor":30,"key":"PowerPotion"},{"floor":33,"key":"FearPotion"},{"floor":37,"key":"EssenceOfSteel"},{"floor":47,"key":"SkillPotion"}],"is_trial":false}