{"gold_per_floor":[115,115,115,135,3,3,23,23,75,87,122,144,331,357,369,480,492,485,497,519,531],"floor_reached":21,"playtime":1103,"items_purged":[],"score":169,"play_id":"eb255ec9-c459-47e2-b4fe-150720839d31","local_time":"20181016202506","is_ascension_mode":false,"campfire_choices":[{"data":"Barrage","floor":6.0,"key":"SMITH"},{"floor":8.0,"key":"REST"},{"data":"Loop","floor":10.0,"key":"SMITH"},{"floor":15,"key":"REST"}],"neow_cost":"NONE","seed_source_timestamp":0,"circlet_count":0,"master_deck":["Strike_B","Strike_B","Strike_B","Strike_B","Defend_B","Defend_B","Defend_B","Defend_B","Zap+1","Dualcast","Leap","Loop+1","Hello World","Barrage+1","Capacitor","Scrape","Conserve Battery","Doubt","Conserve Battery","Buffer","Coolheaded+1","Cold Snap+1"],"special_seed":0,"relics":["Cracked Core","Blood Vial","Odd Mushroom","MawBank","Inserter"],"potions_floor_usage":[16],"damage_taken":[{"damage":11.0,"enemies":"Jaw Worm","floor":1.0,"turns":2.0},{"damage":5.0,"enemies":"Small Slimes","floor":4.0,"turns":3.0},{"damage":26.0,"enemies":"The Mushroom Lair","floor":7.0,"turns":4.0},{"damage":10.0,"enemies":"Cultist","floor":11.0,"turns":4.0},{"damage":7,"enemies":"Large Slime","floor":12,"turns":4},{"damage":25,"enemies":"Lots of Slimes","floor":14,"turns":5},{"damage":45,"enemies":"Slime Boss","floor":16,"turns":12},{"damage":28,"enemies":"2 Thieves","floor":18,"turns":5},{"damage":15,"enemies":"Shell Parasite","floor":20,"turns":6},{"damage":21,"enemies":"Colosseum Slavers","floor":21,"turns":6},{"damage":21,"enemies":"Colosseum Nobs","floor":21,"turns":2}],"seed_played":"2617399480015415830","potions_obtained":[{"floor":4.0,"key":"GamblersBrew"},{"floor":7.0,"key":"LiquidBronze"},{"floor":18,"key":"Block Potion"}],"is_trial":false,"path_per_floor":["M","?","?","M","$","R","?","R","T","R","M","M","?","M","R","B",null,"M","$","M"],"character_chosen":"DEFECT","items_purchased":["Hello World","Barrage"],"campfire_rested":2,"item_purchase_floors":[5,5],"current_hp_per_floor":[64,64,64,61,61,61,37,59,59,59,51,46,46,23,45,2,75,47,47,34,0],"gold":531,"neow_bonus":"RANDOM_COMMON_RELIC","is_prod":false,"is_daily":false,"chose_seed":false,"campfire_upgraded":2,"win_rate":0,"timestamp":1539735906,"path_taken":["M","?","?","?","$","R","?","R","T","R","M","M","?","M","R","BOSS","M","$","M","?"],"build_version":"2018-10-11","purchased_purges":0,"victory":false,"max_hp_per_floor":[75,75,75,75,75,75,75,75,75,75,75,75,75,75,75,75,75,75,75,75,75],"card_choices":[{"not_picked":["Steam","Undo"],"picked":"Leap","floor":1.0},{"not_picked":["Stack","Streamline"],"picked":"Loop","floor":4.0},{"not_picked":["Beam Cell","Streamline"],"picked":"Capacitor","floor":7.0},{"not_picked":["Compile Driver","Go for the Eyes"],"picked":"Scrape","floor":11},{"not_picked":["Turbo","Ball Lightning"],"picked":"Conserve Battery","floor":12},{"not_picked":["Barrage","Streamline"],"picked":"Conserve Battery","floor":14},{"not_picked":["Creative AI","Machine Learning"],"picked":"Buffer","floor":16},{"not_picked":["Redo","Sweeping Beam+1"],"picked":"Coolheaded+1","floor":18},{"not_picked":["Fission","Coolheaded+1"],"picked":"Cold Snap+1","floor":20}],"player_experience":145372,"relics_obtained":[{"floor":7.0,"key":"Odd Mushroom"},{"floor":9.0,"key":"MawBank"}],"event_choices":[{"event_name":"Living Wall","player_choice":"Grow","floor":2.0,"damage_taken":0.0},{"event_name":"Golden Wing","player_choice":"Ignored","floor":3.0,"damage_taken":0.0},{"event_name":"Mushrooms","player_choice":"Fought Mushrooms","floor":7.0,"damage_taken":0.0},{"event_name":"Liars Game","player_choice":"agreed","floor":13,"damage_taken":0},{"event_name":"Colosseum","player_choice":"Fight","floor":21,"damage_taken":0},{"event_name":"Colosseum","player_choice":"Fought Nobs","floor":21,"damage_taken":0}],"is_beta":false,"boss_relics":[{"not_picked":["Cursed Key","Nuclear Battery"],"picked":"Inserter"}],"items_purged_floors":[],"is_endless":false,"potions_floor_spawned":[4,7,18,21],"killed_by":"Colosseum Nobs","ascension_level":0}