{"path_per_floor":["M","T","M","?","M","R","M","M","T","M","E","M","M","M","R","B",null,"M","?","?","$","M","R","?","M","T","R","M","R","?","M","R","B",null,"M","?","M","?"],"character_chosen":"IRONCLAD","items_purchased":["Paper Frog","Twin Strike"],"gold_per_floor":[111,111,129,129,140,140,156,173,196,207,242,254,271,281,281,379,379,390,390,390,33,50,50,50,63,63,63,80,80,5,21,21,126,126,140,488,506,506],"floor_reached":39,"campfire_rested":2,"playtime":1468,"current_hp_per_floor":[74,74,64,80,80,80,69,69,69,68,60,54,46,45,69,48,80,75,75,75,75,67,67,67,51,51,51,41,41,41,39,63,8,80,68,31,16,16],"items_purged":["Defend_R"],"gold":506,"score":363,"play_id":"bcc1ff61-0a52-4226-83b7-5b7b50efc8f6","is_prod":false,"is_daily":false,"is_ascension_mode":false,"campfire_upgraded":4,"path_taken":["M","?","M","?","M","R","M","M","T","M","E","?","M","M","R","BOSS","M","?","?","$","M","R","?","M","T","R","M","R","?","?","R","BOSS","M","?","M","?","M"],"build_version":"2018-02-22-PROD2","purchased_purges":2,"victory":false,"master_deck":["Strike_R","Strike_R","Strike_R","Strike_R","Strike_R","Defend_R","Defend_R","Bash","Pummel+1","Thunderclap","Inflame+1","Clash","Intimidate","Headbutt","Clash","Disarm","Iron Wave","Double Tap+1","Clash","Pummel+1","Twin Strike","Infernal Blade+1","Disarm+1","Battle Trance+1","Clash","Offering","Sword Boomerang","Pommel Strike+1","Pommel Strike+1"],"max_hp_per_floor":[80,80,80,80,80,80,80,80,80,80,80,80,80,80,80,80,80,80,80,80,80,80,80,80,80,80,80,80,80,80,80,80,80,80,80,80,80,80],"relics":["Champion Belt","Orichalcum","Red Skull","Cursed Key","Nloth\u0027s Gift","Paper Frog","Bird Faced Urn","Black Star","Old Coin"],"card_choices":[{"not_picked":["Metallicize","Sever Soul"],"picked":"Pummel"},{"not_picked":["Cleave","True Grit"],"picked":"Thunderclap"},{"not_picked":["Disarm","Blood for Blood"],"picked":"Inflame"},{"not_picked":["True Grit","Carnage"],"picked":"Clash"},{"not_picked":["Flex","Body Slam"],"picked":"Intimidate"},{"not_picked":["Barricade","Iron Wave"],"picked":"Headbutt"},{"not_picked":["Warcry","Pommel Strike"],"picked":"Clash"},{"not_picked":["Sever Soul","Twin Strike"],"picked":"Disarm"},{"not_picked":["Metallicize","True Grit"],"picked":"Iron Wave"},{"not_picked":["Dark Embrace","Feed"],"picked":"Double Tap"},{"not_picked":["Carnage","Dropkick"],"picked":"Clash"},{"not_picked":["Thunderclap","Dark Embrace"],"picked":"Infernal Blade"},{"not_picked":["Blood for Blood","Sword Boomerang"],"picked":"Disarm"},{"not_picked":["Sword Boomerang","Armaments"],"picked":"Battle Trance"},{"not_picked":["True Grit","Pummel"],"picked":"Clash"},{"not_picked":["Juggernaut","Impervious"],"picked":"Offering"},{"not_picked":["True Grit","Anger"],"picked":"Sword Boomerang"},{"not_picked":["Searing Blow","Hemokinesis"],"picked":"Pommel Strike"},{"not_picked":["Clash","Cleave"],"picked":"Pommel Strike"}],"player_experience":869,"potions_floor_usage":[],"damage_taken":[{"damage":6,"enemies":"Cultist","floor":1,"turns":3},{"damage":10,"enemies":"Jaw Worm","floor":3,"turns":3},{"damage":0,"enemies":"2 Louse","floor":5,"turns":4},{"damage":11,"enemies":"Large Slime","floor":7,"turns":4},{"damage":0,"enemies":"2 Fungi Beasts","floor":8,"turns":3},{"damage":1,"enemies":"Looter","floor":10,"turns":3},{"damage":8,"enemies":"Gremlin Nob","floor":11,"turns":5},{"damage":6,"enemies":"3 Louse","floor":12,"turns":3},{"damage":8,"enemies":"2 Fungi Beasts","floor":13,"turns":3},{"damage":1,"enemies":"Looter","floor":14,"turns":3},{"damage":21,"enemies":"Hexaghost","floor":16,"turns":8},{"damage":5,"enemies":"Spheric Guardian","floor":18,"turns":3},{"damage":8,"enemies":"3 Byrds","floor":22,"turns":4},{"damage":16,"enemies":"Snecko","floor":25,"turns":5},{"damage":12,"enemies":"Snake Plant","floor":28,"turns":4},{"damage":4,"enemies":"Cultist and Chosen","floor":31,"turns":5},{"damage":57,"enemies":"Champ","floor":33,"turns":9},{"damage":14,"enemies":"3 Darklings","floor":35,"turns":4},{"damage":37,"enemies":"Mysterious Sphere","floor":36,"turns":3},{"damage":15,"enemies":"3 Shapes","floor":37,"turns":2},{"damage":18,"enemies":"Maw","floor":39,"turns":2}],"event_choices":[{"event_name":"Wheel of Change","player_choice":"Full Heal","floor":4,"damage_taken":0},{"event_name":"N\u0027loth","player_choice":"Traded a Lizard Tail","floor":19,"damage_taken":0},{"event_name":"The Library","player_choice":"Read","floor":20,"damage_taken":0},{"event_name":"Drug Dealer","player_choice":"Ignored","floor":24,"damage_taken":0},{"event_name":"Beggar","player_choice":"Gave Gold","floor":30,"damage_taken":0},{"event_name":"Mysterious Sphere","player_choice":"Fight","floor":36,"damage_taken":0}],"boss_relics":[{"not_picked":["Runic Cube","Philosopher\u0027s Stone"],"picked":"Cursed Key"},{"not_picked":["Snecko Eye","Velvet Choker"],"picked":"Black Star"}],"potions_floor_spawned":[1,7,8,18,25],"seed_played":"-440205753784100685","killed_by":"Maw","ascension_level":0,"is_trial":false}