{"path_per_floor":["M","?","?","$","M","R","?","R","T","E","R","T","T","M","R","B",null,"M","M","M","M","?","E","R","?","T","$","M","E","?","M","R","B",null,"M","?","?","$","?","R","M","E","T","M","M","R","?","$","R","B"],"character_chosen":"IRONCLAD","items_purchased":[],"gold_per_floor":[115,115,115,40,55,55,55,55,109,138,138,220,274,287,287,383,383,383,383,383,383,383,383,383,383,383,283,283,283,183,183,183,183,183,183,183,183,58,58,58,58,58,58,58,58,58,0,0,0,0],"floor_reached":51,"campfire_rested":4,"playtime":3139,"current_hp_per_floor":[80,80,73,73,74,74,58,58,58,33,57,57,57,63,63,17,80,66,69,72,78,78,51,51,35,35,35,43,13,13,16,40,11,80,61,61,61,61,61,61,66,33,33,35,22,48,48,48,74,50],"items_purged":["Strike_R","Defend_R","Normality"],"gold":0,"score":713,"play_id":"93d7523e-9f01-4b58-ab43-d87c32412d44","is_prod":false,"is_daily":false,"is_ascension_mode":true,"campfire_upgraded":5,"path_taken":["M","?","?","$","?","R","?","R","T","E","R","?","?","?","R","BOSS","M","?","M","?","?","E","R","?","T","$","M","E","?","M","R","BOSS","M","?","?","?","?","R","M","E","T","M","M","R","?","$","R","BOSS"],"build_version":"2018-02-23-BETA1","purchased_purges":3,"victory":true,"master_deck":["Strike_R+1","Strike_R+1","Strike_R+1","Strike_R+1","Defend_R","Defend_R","Bash+1","Heavy Blade+1","Pommel Strike+1","Armaments+1","Limit Break+1","Infernal Blade+1","Shrug It Off","Anger+1","Clothesline+1","J.A.X.","Demon Form+1","Flame Barrier+1","Shockwave"],"max_hp_per_floor":[80,80,80,80,80,80,80,80,80,80,80,80,80,80,80,80,80,80,80,80,80,80,80,80,80,80,80,80,80,80,80,80,80,80,80,80,80,80,80,80,80,87,87,87,87,87,87,87,87,87],"relics":["Burning Blood","Lantern","Tiny Chest","Ancient Tea Set","Shuriken","Oddly Smooth Stone","Ectoplasm","Blood Vial","Enchiridion","Juzu Bracelet","Whetstone","Runic Cube","Omamori","Strawberry","Bronze Scales","Red Mask"],"card_choices":[{"not_picked":["Feel No Pain","Headbutt"],"picked":"Heavy Blade"},{"not_picked":["Evolve","Warcry"],"picked":"Pommel Strike"},{"not_picked":["Dual Wield","Seeing Red"],"picked":"Armaments"},{"not_picked":["Immolate","Berserk"],"picked":"Limit Break"},{"not_picked":["Dual Wield","Spot Weakness"],"picked":"Infernal Blade"},{"not_picked":["Clash","Power Through"],"picked":"Shrug It Off"},{"not_picked":["Second Wind","Clash"],"picked":"Anger"},{"not_picked":["Immolate","Combust"],"picked":"Clothesline"},{"not_picked":["Offering","Brutality"],"picked":"Demon Form"},{"not_picked":["Clash","Rampage"],"picked":"Flame Barrier"},{"not_picked":["Twin Strike","Spot Weakness"],"picked":"Shockwave"}],"player_experience":115621,"potions_floor_usage":[50,50],"damage_taken":[{"damage":0.0,"enemies":"2 Louse","floor":1.0,"turns":3.0},{"damage":5.0,"enemies":"Small Slimes","floor":5.0,"turns":4.0},{"damage":31.0,"enemies":"Lagavulin","floor":10.0,"turns":5.0},{"damage":0.0,"enemies":"Jaw Worm","floor":14.0,"turns":2.0},{"damage":52.0,"enemies":"Hexaghost","floor":16.0,"turns":9.0},{"damage":20.0,"enemies":"Shell Parasite","floor":18.0,"turns":4.0},{"damage":3.0,"enemies":"Chosen","floor":19.0,"turns":4.0},{"damage":17.0,"enemies":"Centurion and Healer","floor":20.0,"turns":5.0},{"damage":0.0,"enemies":"Snecko","floor":21.0,"turns":5.0},{"damage":33.0,"enemies":"Book of Stabbing","floor":23.0,"turns":4.0},{"damage":0.0,"enemies":"3 Cultists","floor":28.0,"turns":4.0},{"damage":38.0,"enemies":"Gremlin Leader","floor":29.0,"turns":5.0},{"damage":5.0,"enemies":"Snake Plant","floor":31.0,"turns":3.0},{"damage":37.0,"enemies":"Collector","floor":33.0,"turns":3.0},{"damage":25.0,"enemies":"3 Darklings","floor":35.0,"turns":5.0},{"damage":3.0,"enemies":"Orb Walker","floor":41.0,"turns":2.0},{"damage":48.0,"enemies":"2 Orb Walkers","floor":42.0,"turns":4.0},{"damage":6,"enemies":"4 Shapes","floor":44,"turns":6},{"damage":21,"enemies":"3 Darklings","floor":45,"turns":4},{"damage":44,"enemies":"Time Eater","floor":50,"turns":5}],"event_choices":[{"event_name":"Living Wall","player_choice":"Grow","floor":2.0,"damage_taken":0.0},{"event_name":"Scrap Ooze","player_choice":"success","floor":3.0,"damage_taken":7.0},{"event_name":"Shining Light","player_choice":"Entered Light","floor":7.0,"damage_taken":0.0},{"event_name":"The Lab","player_choice":"Got Potions","floor":22.0,"damage_taken":0.0},{"event_name":"Cursed Tome","player_choice":"Obtained Book","floor":25.0,"damage_taken":0.0},{"event_name":"Drug Dealer","player_choice":"Got JAXXED","floor":30.0,"damage_taken":0.0},{"event_name":"Accursed Blacksmith","player_choice":"Rummage","floor":36.0,"damage_taken":0.0},{"event_name":"Mysterious Sphere","player_choice":"Ignore","floor":37.0,"damage_taken":0.0},{"event_name":"Tomb of Lord Red Mask","player_choice":"Paid","floor":47,"damage_taken":0}],"boss_relics":[],"potions_floor_spawned":[1,5,16,19,21,28,41,44,45],"seed_played":"856112406957777866","ascension_level":1,"is_trial":false}