{"gold_per_floor":[115,125,50,50,62,62,96,109,158,184,203,203],"floor_reached":12,"playtime":494,"items_purged":["Strike_B"],"score":95,"play_id":"15cb2e23-1e78-4615-9ea3-ff77b80feef1","local_time":"20190508184206","is_ascension_mode":true,"campfire_choices":[{"data":"Rip and Tear","floor":6,"key":"SMITH"}],"neow_cost":"NONE","seed_source_timestamp":117375232523650,"circlet_count":0,"master_deck":["Strike_B","Strike_B","Strike_B","Defend_B","Defend_B","Defend_B","Defend_B","Zap+1","Dualcast","Gash","Cold Snap","Rip and Tear+1","Ball Lightning","Sweeping Beam","Hologram"],"relics":["Cracked Core","Lantern","Letter Opener","Bag of Marbles","Ice Cream"],"potions_floor_usage":[8],"damage_taken":[{"damage":1,"enemies":"Cultist","floor":1,"turns":3},{"damage":5,"enemies":"Small Slimes","floor":2,"turns":3},{"damage":0,"enemies":"2 Louse","floor":5,"turns":2},{"damage":22,"enemies":"3 Sentries","floor":7,"turns":5},{"damage":4,"enemies":"Lots of Slimes","floor":8,"turns":2},{"damage":24,"enemies":"Lagavulin","floor":10,"turns":5},{"damage":5,"enemies":"Exordium Thugs","floor":11,"turns":2},{"damage":14,"enemies":"3 Sentries","floor":12,"turns":3}],"seed_played":"-3625857490840972777","potions_obtained":[{"floor":1,"key":"Ancient Potion"},{"floor":7,"key":"Swift Potion"},{"floor":11,"key":"LiquidBronze"}],"is_trial":false,"path_per_floor":["M","M","$","T","M","R","E","M","T","E","M","?"],"character_chosen":"DEFECT","items_purchased":[],"campfire_rested":0,"item_purchase_floors":[],"current_hp_per_floor":[74,69,69,69,69,69,47,43,43,19,14,0],"gold":203,"neow_bonus":"UPGRADE_CARD","is_prod":false,"is_daily":false,"chose_seed":false,"campfire_upgraded":1,"win_rate":0,"timestamp":1557355326,"path_taken":["M","M","$","?","M","R","E","M","T","E","?","?"],"build_version":"2019-05-07","purchased_purges":1,"victory":false,"max_hp_per_floor":[75,75,75,75,75,75,75,75,75,75,75,75],"card_choices":[{"not_picked":["Darkness","Fusion"],"picked":"Gash","floor":1},{"not_picked":["Steam","Stack"],"picked":"Cold Snap","floor":2},{"not_picked":["Coolheaded","Barrage"],"picked":"Rip and Tear","floor":5},{"not_picked":["Loop","Stack","Go for the Eyes"],"picked":"SKIP","floor":7},{"not_picked":["Reinforced Body","Gash"],"picked":"Ball Lightning","floor":8},{"not_picked":["Aggregate","Double Energy"],"picked":"Sweeping Beam","floor":10},{"not_picked":["Multi-Cast","Go for the Eyes"],"picked":"Hologram","floor":11}],"player_experience":1397533,"relics_obtained":[{"floor":4,"key":"Lantern"},{"floor":7,"key":"Letter Opener"},{"floor":9,"key":"Bag of Marbles"},{"floor":10,"key":"Ice Cream"}],"event_choices":[{"damage_healed":0,"gold_gain":0,"player_choice":"Searched \u00271\u0027 times","damage_taken":0,"max_hp_gain":0,"max_hp_loss":0,"event_name":"Dead Adventurer","floor":12,"gold_loss":0}],"is_beta":true,"boss_relics":[],"items_purged_floors":[3],"is_endless":false,"potions_floor_spawned":[1,7,11],"killed_by":"3 Sentries","ascension_level":1}