{"gold_per_floor":[112,131,131,131,131,166,166,183,209,209,225,258,258,275,275,372,372,388,399,412,423,436,436,456,25,25,44,44],"floor_reached":28,"playtime":867,"items_purged":["Defend_R"],"score":234,"play_id":"104e7f8d-db97-451c-91bf-01ef5ab2b270","local_time":"20190522130659","is_ascension_mode":false,"campfire_choices":[{"data":"1","floor":7.0,"key":"LIFT"},{"data":"2","floor":10.0,"key":"LIFT"},{"data":"3","floor":13.0,"key":"LIFT"},{"data":"Perfected Strike","floor":15.0,"key":"SMITH"},{"data":"Bash","floor":23.0,"key":"SMITH"}],"neow_cost":"NONE","seed_source_timestamp":519206384443399,"circlet_count":0,"master_deck":["Strike_R","Strike_R","Strike_R","Strike_R","Strike_R","Defend_R+1","Defend_R+1","Bash+1","Clash","Perfected Strike+1","Twin Strike","Pommel Strike","Pommel Strike+1","Shrug It Off","Shrug It Off","Perfected Strike","Heavy Blade+1","Perfected Strike+1"],"special_seed":0,"relics":["Burning Blood","Du-Vu Doll","Girya","War Paint","Ancient Tea Set","Eternal Feather","Vajra","DollysMirror","Regal Pillow"],"potions_floor_usage":[24,28],"damage_taken":[{"damage":0.0,"enemies":"Small Slimes","floor":1.0,"turns":3.0},{"damage":1.0,"enemies":"Jaw Worm","floor":2.0,"turns":3.0},{"damage":38.0,"enemies":"3 Sentries","floor":6.0,"turns":10.0},{"damage":0.0,"enemies":"Cultist","floor":8.0,"turns":2.0},{"damage":2.0,"enemies":"Gremlin Gang","floor":11.0,"turns":3.0},{"damage":15.0,"enemies":"Lagavulin","floor":12.0,"turns":5.0},{"damage":0.0,"enemies":"Lots of Slimes","floor":14.0,"turns":3.0},{"damage":30.0,"enemies":"The Guardian","floor":16.0,"turns":5.0},{"damage":2.0,"enemies":"Chosen","floor":18.0,"turns":3.0},{"damage":0.0,"enemies":"Spheric Guardian","floor":19.0,"turns":3.0},{"damage":25.0,"enemies":"Shelled Parasite and Fungi","floor":20.0,"turns":4.0},{"damage":7.0,"enemies":"Snecko","floor":21.0,"turns":3.0},{"damage":10.0,"enemies":"Centurion and Healer","floor":22.0,"turns":6.0},{"damage":24,"enemies":"Sentry and Sphere","floor":24,"turns":5},{"damage":18,"enemies":"Shelled Parasite and Fungi","floor":27,"turns":3},{"damage":51,"enemies":"Gremlin Leader","floor":28,"turns":2}],"seed_played":"-8228613333850890995","potions_obtained":[{"floor":0.0,"key":"GamblersBrew"},{"floor":0.0,"key":"SteroidPotion"},{"floor":0.0,"key":"SneckoOil"},{"floor":2.0,"key":"BloodPotion"},{"floor":12.0,"key":"FearPotion"},{"floor":16.0,"key":"Poison Potion"},{"floor":18.0,"key":"GamblersBrew"},{"floor":21.0,"key":"Regen Potion"}],"is_trial":false,"path_per_floor":["M","M","?","?","T","E","R","M","T","R","M","E","R","M","R","B",null,"M","M","M","M","M","R","M","$","T","M","E"],"character_chosen":"IRONCLAD","items_purchased":["Vajra","DollysMirror"],"campfire_rested":0,"item_purchase_floors":[25,25],"current_hp_per_floor":[80,80,80,73,73,41,41,47,47,47,51,42,42,48,48,24,80,80,80,61,60,56,65,47,47,47,35,0],"gold":44,"neow_bonus":"THREE_SMALL_POTIONS","is_prod":false,"is_daily":false,"chose_seed":false,"campfire_upgraded":2,"win_rate":0,"timestamp":1558501619,"path_taken":["M","M","?","?","?","E","R","?","T","R","?","E","R","M","R","BOSS","M","M","?","M","M","R","M","$","T","M","E"],"build_version":"2019-01-23","purchased_purges":1,"victory":false,"max_hp_per_floor":[80,80,80,80,80,80,80,80,80,80,80,80,80,80,80,80,80,80,80,80,80,80,80,80,80,80,80,80],"card_choices":[{"not_picked":["Power Through","Wild Strike"],"picked":"Clash","floor":1.0},{"not_picked":["Uppercut","Headbutt","Flex"],"picked":"SKIP","floor":2.0},{"not_picked":["True Grit","Carnage"],"picked":"Perfected Strike","floor":6.0},{"not_picked":["Clothesline","Hemokinesis","Cleave"],"picked":"SKIP","floor":8.0},{"not_picked":["Flex","Thunderclap","Berserk"],"picked":"SKIP","floor":11.0},{"not_picked":["Infernal Blade","Limit Break"],"picked":"Twin Strike","floor":12.0},{"not_picked":["Havoc","Warcry"],"picked":"Pommel Strike","floor":14.0},{"not_picked":["Clothesline+1","Flex"],"picked":"Pommel Strike+1","floor":18.0},{"not_picked":["Rampage","Body Slam"],"picked":"Shrug It Off","floor":19.0},{"not_picked":["Sword Boomerang","Pommel Strike"],"picked":"Shrug It Off","floor":20.0},{"not_picked":["Flex","Dual Wield","Rage"],"picked":"SKIP","floor":21.0},{"not_picked":["Blood for Blood","Headbutt"],"picked":"Perfected Strike","floor":22.0},{"not_picked":["Twin Strike","Thunderclap"],"picked":"Heavy Blade+1","floor":24},{"not_picked":["Iron Wave+1","Thunderclap","Fiend Fire"],"picked":"SKIP","floor":27}],"player_experience":566356,"relics_obtained":[{"floor":5.0,"key":"Du-Vu Doll"},{"floor":6.0,"key":"Girya"},{"floor":9.0,"key":"War Paint"},{"floor":12.0,"key":"Ancient Tea Set"},{"floor":26,"key":"Regal Pillow"}],"event_choices":[{"damage_healed":0.0,"max_hp_gain":0.0,"max_hp_loss":0.0,"gold_gain":0.0,"event_name":"Liars Game","player_choice":"Ignored","floor":3.0,"gold_loss":0.0,"damage_taken":0.0},{"cards_removed":["Defend_R"],"damage_healed":0.0,"max_hp_gain":0.0,"max_hp_loss":0.0,"gold_gain":0.0,"event_name":"Golden Wing","player_choice":"Card Removal","floor":4.0,"gold_loss":0.0,"damage_taken":7.0}],"is_beta":false,"boss_relics":[{"not_picked":["Calling Bell","Runic Pyramid"],"picked":"Eternal Feather"}],"items_purged_floors":[25],"is_endless":false,"potions_floor_spawned":[2,12,16,18,21],"killed_by":"Gremlin Leader","ascension_level":0}