{"path_per_floor":["M","?","M","M","?","R","M","?","T","?","?","R","M","$","R","B",null,"M","?","M","$","?","E","?","E","T","$","$","R","M","M","R"],"character_chosen":"THE_SILENT","items_purchased":["Infinite Blades","Dark Shackles","PiercingWail","Dramatic Entrance","Flying Knee"],"gold_per_floor":[113,113,123,143,143,143,160,160,160,160,160,160,180,40,40,139,139,150,150,170,23,23,51,51,84,84,84,58,58,77,88,88,88],"floor_reached":33,"campfire_rested":2,"playtime":1463,"current_hp_per_floor":[70,56,56,56,61,61,58,58,58,58,58,58,56,56,56,17,75,75,75,57,57,57,38,38,32,32,32,32,54,41,41,63,0],"items_purged":[],"gold":88,"score":273,"play_id":"ab98a1cb-6f8b-44ab-9e56-bc94c14db6b6","local_time":"20180425214256","is_prod":false,"is_daily":false,"chose_seed":false,"is_ascension_mode":false,"campfire_upgraded":3,"timestamp":1524710576,"path_taken":["M","?","M","M","?","R","M","?","T","?","?","R","M","$","R","BOSS","M","?","M","$","?","E","?","E","T","?","$","R","?","M","R","BOSS"],"build_version":"2018-04-19","seed_source_timestamp":297053646061679,"purchased_purges":2,"victory":false,"master_deck":["Defend_G+1","Defend_G+1","Defend_G+1","Defend_G+1","Strike_G+1","Strike_G+1","Strike_G+1","Strike_G+1","Strike_G+1","Neutralize+1","Heel Hook+1","Blade Dance+1","Dagger Throw","Deflect+1","Outmaneuver+1","Infinite Blades+1","Dark Shackles+1","After Image","Slice","Dagger Throw","PiercingWail","Dramatic Entrance","Slice+1","Finisher","Flying Knee","Deflect+1","Die Die Die"],"max_hp_per_floor":[70,70,70,70,75,75,75,75,75,75,75,75,75,75,75,75,75,75,75,75,75,75,75,75,75,75,75,75,75,75,75,75,75],"relics":["Ring of the Snake","Bronze Scales","Black Star","Meat on the Bone","Centennial Puzzle","Oddly Smooth Stone","Snake Skull","War Paint"],"card_choices":[{"not_picked":["Expertise","Underhanded Strike"],"picked":"Heel Hook","floor":1},{"not_picked":["PiercingWail","Deflect"],"picked":"Blade Dance","floor":3},{"not_picked":["Expertise","Dodge and Roll"],"picked":"Dagger Throw","floor":4},{"not_picked":["Dagger Throw","Skewer"],"picked":"Deflect","floor":7},{"not_picked":["Underhanded Strike","Reflex"],"picked":"Outmaneuver","floor":13},{"not_picked":["Venomology","Burst"],"picked":"After Image","floor":16},{"not_picked":["Dash","Flechettes"],"picked":"Slice","floor":18},{"not_picked":["Deadly Poison","Deflect"],"picked":"Dagger Throw","floor":20},{"not_picked":["Dagger Spray","Flying Knee"],"picked":"Slice","floor":23},{"not_picked":["Backstab","Poisoned Stab"],"picked":"Finisher","floor":25},{"not_picked":["Outmaneuver","Slice"],"picked":"Deflect","floor":30},{"not_picked":["Predator","Flying Knee"],"picked":"Die Die Die","floor":31}],"player_experience":4859,"potions_floor_usage":[],"damage_taken":[{"damage":0,"enemies":"Small Slimes","floor":1,"turns":5},{"damage":0,"enemies":"Jaw Worm","floor":3,"turns":5},{"damage":0,"enemies":"2 Louse","floor":4,"turns":3},{"damage":3,"enemies":"Large Slime","floor":7,"turns":6},{"damage":2,"enemies":"Exordium Thugs","floor":13,"turns":4},{"damage":39,"enemies":"Slime Boss","floor":16,"turns":17},{"damage":0,"enemies":"3 Byrds","floor":18,"turns":5},{"damage":18,"enemies":"Chosen","floor":20,"turns":6},{"damage":19,"enemies":"Book of Stabbing","floor":23,"turns":6},{"damage":18,"enemies":"Slavers","floor":25,"turns":7},{"damage":13,"enemies":"Slaver and Parasite","floor":30,"turns":5},{"damage":0,"enemies":"Snake Plant","floor":31,"turns":5},{"damage":65,"enemies":"Collector","floor":33,"turns":11}],"event_choices":[{"event_name":"Shining Light","player_choice":"Entered Light","floor":2,"damage_taken":0},{"event_name":"Big Fish","player_choice":"Donut","floor":5,"damage_taken":0},{"event_name":"Golden Wing","player_choice":"Ignored","floor":8,"damage_taken":0},{"event_name":"Purifier","player_choice":"One Purge","floor":10,"damage_taken":0},{"event_name":"Living Wall","player_choice":"Grow","floor":11,"damage_taken":0},{"event_name":"Back to Basics","player_choice":"Simplicity","floor":19,"damage_taken":0},{"event_name":"Purifier","player_choice":"One Purge","floor":22,"damage_taken":0},{"event_name":"Beggar","player_choice":"Ignored","floor":24,"damage_taken":0}],"boss_relics":[{"not_picked":["Runic Dome","Astrolabe"],"picked":"Black Star"}],"potions_floor_spawned":[1,3,23,25,30],"seed_played":"-3617962294301987236","killed_by":"Collector","ascension_level":0,"is_trial":false}