{"path_per_floor":["M","M","?","?","M","E","R","M","T","E","R","M","M","M","R","B",null,"M","M","?","T","?","M","R","?","T","M","$","?","R","M","R"],"character_chosen":"IRONCLAD","items_purchased":["Inflame","Seeing Red","Bottled Flame","Blood Vial","Regen Potion"],"gold_per_floor":[117,131,131,131,143,176,176,189,189,214,214,229,248,259,259,357,357,368,386,386,386,386,403,403,403,703,713,112,0,0,17,17],"floor_reached":33,"campfire_rested":3,"playtime":2045,"current_hp_per_floor":[80,77,61,54,60,26,50,49,49,39,39,37,25,27,51,18,80,78,71,76,76,60,44,44,70,70,33,33,33,33,33,57],"items_purged":["Strike_R"],"gold":17,"score":259,"play_id":"2f306b6d-c78a-4073-ab45-b1d9eb789691","is_prod":false,"is_daily":false,"is_ascension_mode":false,"campfire_upgraded":1,"path_taken":["M","M","?","?","?","E","R","M","T","E","R","M","?","M","R","BOSS","M","M","?","?","?","M","R","?","T","?","$","?","R","M","R","BOSS"],"build_version":"2018-02-16-BETA2","purchased_purges":1,"victory":false,"master_deck":["Strike_R","Strike_R","Strike_R","Strike_R","Defend_R+1","Defend_R","Defend_R","Defend_R+1","Bash+1","Twin Strike","Infernal Blade+1","Sword Boomerang","Armaments+1","Heavy Blade","Cleave","Demon Form","Inflame","Mind Blast","Headbutt+1","Sever Soul","Inflame","Seeing Red+1","Shockwave+1"],"max_hp_per_floor":[80,80,80,80,80,80,80,80,80,80,80,80,80,80,80,80,80,80,80,80,80,80,80,80,80,80,80,80,80,80,80,80],"relics":["Black Blood","Charon\u0027s Ashes","Bag of Preparation","Frozen Eye","Toxic Egg 2","Shovel","Smiling Mask","Old Coin","Bottled Flame","Blood Vial","Meat on the Bone"],"card_choices":[{"not_picked":["Clothesline","Body Slam"],"picked":"Armaments"},{"not_picked":["Warcry","Reckless Charge"],"picked":"Twin Strike"},{"not_picked":["Sever Soul","Sentinel"],"picked":"Infernal Blade"},{"not_picked":["Perfected Strike","Headbutt"],"picked":"Sword Boomerang"},{"not_picked":["Cleave","Limit Break"],"picked":"Armaments"},{"not_picked":["Dual Wield","Clothesline"],"picked":"Heavy Blade"},{"not_picked":["Havoc","Feel No Pain"],"picked":"Cleave"},{"not_picked":["Dark Embrace","Juggernaut"],"picked":"Demon Form"},{"not_picked":["Battle Trance","Twin Strike"],"picked":"Inflame"},{"not_picked":["Feel No Pain","Perfected Strike"],"picked":"Headbutt"},{"not_picked":["Wild Strike","Carnage"],"picked":"Sever Soul"},{"not_picked":["Headbutt","Blood for Blood"],"picked":"Shockwave"}],"player_experience":60157,"potions_floor_usage":[16,16,16,33,33],"damage_taken":[{"damage":6,"enemies":"Cultist","floor":1,"turns":3},{"damage":9,"enemies":"2 Louse","floor":2,"turns":3},{"damage":0,"enemies":"Small Slimes","floor":5,"turns":3},{"damage":40,"enemies":"Lagavulin","floor":6,"turns":9},{"damage":7,"enemies":"Blue Slaver","floor":8,"turns":2},{"damage":16,"enemies":"3 Sentries","floor":10,"turns":5},{"damage":8,"enemies":"Large Slime","floor":12,"turns":5},{"damage":18,"enemies":"Exordium Thugs","floor":13,"turns":5},{"damage":4,"enemies":"Gremlin Gang","floor":14,"turns":3},{"damage":39,"enemies":"The Guardian","floor":16,"turns":7},{"damage":12,"enemies":"3 Byrds","floor":18,"turns":6},{"damage":17,"enemies":"Chosen","floor":19,"turns":4},{"damage":30,"enemies":"Snake Plant","floor":23,"turns":5},{"damage":47,"enemies":"Sentry and Sphere","floor":27,"turns":6},{"damage":24,"enemies":"3 Cultists","floor":31,"turns":5},{"damage":96,"enemies":"Automaton","floor":33,"turns":6}],"event_choices":[{"event_name":"Shining Light","player_choice":"Entered Light","floor":3,"damage_taken":0},{"event_name":"Scrap Ooze","player_choice":"success","floor":4,"damage_taken":7},{"event_name":"Bonfire Elementals","player_choice":"COMMON","floor":20,"damage_taken":0},{"event_name":"Knowing Skull","player_choice":"CARD ","floor":22,"damage_taken":0},{"event_name":"The Library","player_choice":"Heal","floor":25,"damage_taken":0},{"event_name":"Masked Bandits","player_choice":"Paid Bandits 112 gold","floor":29,"damage_taken":0}],"boss_relics":[{"not_picked":["Eternal Feather","Black Star"],"picked":"Black Blood"}],"potions_floor_spawned":[5,6,8,13,14,19],"seed_played":"-5226872627987621575","killed_by":"Automaton","ascension_level":0,"is_trial":false}