{"path_per_floor":["M","?","?","M","?","E","M","R","T","M","E","R","?","M","R"],"character_chosen":"THE_SILENT","items_purchased":[],"gold_per_floor":[113,113,113,130,205,233,249,249,324,338,372,372,372,383,383],"floor_reached":16,"campfire_rested":2,"playtime":1180,"current_hp_per_floor":[70,63,63,63,52,52,52,52,52,39,16,37,60,57,76],"items_purged":[],"gold":383,"score":142,"play_id":"2e5da715-f858-4e53-b62c-d141b576c34c","local_time":"20180228212908","is_prod":false,"is_daily":false,"is_ascension_mode":true,"campfire_upgraded":1,"timestamp":1519849748,"path_taken":["M","?","?","M","?","E","?","R","T","?","E","R","?","M","R","BOSS"],"build_version":"2018-02-27-BETA1","purchased_purges":0,"victory":false,"master_deck":["Defend_G","Defend_G","Defend_G","Defend_G","Defend_G","Strike_G","Strike_G","Strike_G","Strike_G","Strike_G","Survivor","Neutralize","Dodge and Roll","Footwork","Backstab+1","Concentrate","Dash","Parasite","Acrobatics"],"max_hp_per_floor":[70,70,70,70,70,70,70,70,70,70,70,70,76,76,76],"relics":["Ring of the Snake","NeowsBlessing","Bag of Preparation","Darkstone Periapt","Unceasing Top"],"card_choices":[{"not_picked":["Heel Hook","Phantasmal Killer"],"picked":"Dodge and Roll"},{"not_picked":["Distraction","Underhanded Strike"],"picked":"Footwork"},{"not_picked":["Concentrate","Outmaneuver"],"picked":"Backstab"},{"not_picked":["Heel Hook","Prepared"],"picked":"Concentrate"},{"not_picked":["Dagger Throw","Flying Knee"],"picked":"Dash"},{"not_picked":["Flying Knee","Slice"],"picked":"Acrobatics"}],"player_experience":138625,"potions_floor_usage":[],"damage_taken":[{"damage":0,"enemies":"Small Slimes","floor":1,"turns":1},{"damage":0,"enemies":"Cultist","floor":4,"turns":1},{"damage":0,"enemies":"3 Sentries","floor":6,"turns":2},{"damage":0,"enemies":"2 Louse","floor":7,"turns":2},{"damage":13,"enemies":"Exordium Thugs","floor":10,"turns":7},{"damage":23,"enemies":"Lagavulin","floor":11,"turns":10},{"damage":3,"enemies":"3 Louse","floor":14,"turns":3},{"damage":81,"enemies":"Hexaghost","floor":16,"turns":16}],"event_choices":[{"event_name":"Wheel of Change","player_choice":"Damage","floor":2,"damage_taken":0},{"event_name":"The Lab","player_choice":"Got Potions","floor":3,"damage_taken":0},{"event_name":"World of Goop","player_choice":"Gather Gold","floor":5,"damage_taken":0},{"event_name":"Mushrooms","player_choice":"Healed and dodged fight","floor":13,"damage_taken":0}],"boss_relics":[],"potions_floor_spawned":[4,10,11],"seed_played":"-8781520051839080926","killed_by":"Hexaghost","ascension_level":1,"is_trial":false}