{"gold_per_floor":[116,116,134,134,53,53,87,99,123,123,123,123,141,61,61,157,157,173,173,46,46,46,46,46,64,64,82,82,115,127,127],"floor_reached":31,"playtime":1416,"items_purged":["Strike_B"],"score":301,"play_id":"a79364d1-0633-47e4-95d3-29f217004bd7","local_time":"20181127213503","is_ascension_mode":false,"campfire_choices":[{"data":"Zap","floor":6,"key":"SMITH"},{"data":"Go for the Eyes","floor":12,"key":"SMITH"},{"floor":15,"key":"RECALL"},{"data":"Defragment","floor":23,"key":"SMITH"},{"floor":28,"key":"REST"}],"neow_cost":"NONE","seed_source_timestamp":11900041689759,"circlet_count":0,"master_deck":["Defend_B","Defend_B","Defend_B","Defend_B","Zap+1","Dualcast","Capacitor","Rebound","Self Repair","Go for the Eyes+1","Compile Driver","Sunder","Defragment+1","Machine Learning","Conserve Battery","Conserve Battery","Leap","Turbo+1","Streamline+1","Consume"],"relics":["Cracked Core","NeowsBlessing","Strawberry","Vajra","Peace Pipe","Empty Cage","MutagenicStrength","Mercury Hourglass","Torii"],"potions_floor_usage":[16,18],"damage_taken":[{"damage":0,"enemies":"Cultist","floor":1,"turns":1},{"damage":0,"enemies":"Jaw Worm","floor":3,"turns":1},{"damage":0,"enemies":"3 Sentries","floor":7,"turns":1},{"damage":2,"enemies":"Small Slimes","floor":8,"turns":3},{"damage":16,"enemies":"2 Fungi Beasts","floor":13,"turns":4},{"damage":41,"enemies":"The Guardian","floor":16,"turns":11},{"damage":2,"enemies":"Shell Parasite","floor":18,"turns":8},{"damage":27,"enemies":"Chosen","floor":25,"turns":5},{"damage":14,"enemies":"Shelled Parasite and Fungi","floor":27,"turns":8},{"damage":46,"enemies":"Gremlin Leader","floor":29,"turns":9},{"damage":6,"enemies":"Snake Plant","floor":30,"turns":3},{"damage":32,"enemies":"3 Cultists","floor":31,"turns":4}],"seed_played":"8034050206561749324","potions_obtained":[{"floor":1,"key":"LiquidBronze"},{"floor":8,"key":"EssenceOfSteel"},{"floor":13,"key":"Fire Potion"},{"floor":16,"key":"Block Potion"},{"floor":29,"key":"Poison Potion"}],"is_trial":false,"path_per_floor":["M","?","M","?","$","R","E","M","T","?","?","R","M","$","R","B",null,"M","?","$","?","?","R","$","M","T","M","R","E","M","M"],"character_chosen":"DEFECT","items_purchased":["Self Repair","Defragment","Conserve Battery"],"campfire_rested":1,"item_purchase_floors":[5,14,20],"current_hp_per_floor":[75,82,82,87,87,87,87,87,87,80,80,80,71,71,71,37,87,87,70,70,70,70,70,70,50,50,43,70,31,32,0],"gold":127,"neow_bonus":"THREE_ENEMY_KILL","is_prod":false,"is_daily":false,"chose_seed":false,"campfire_upgraded":3,"win_rate":0,"timestamp":1543350903,"path_taken":["M","?","?","?","$","R","E","M","T","?","?","R","?","$","R","BOSS","M","?","$","?","?","R","?","M","T","M","R","E","M","M"],"build_version":"2018-11-15","purchased_purges":1,"victory":false,"max_hp_per_floor":[75,82,82,87,87,87,87,87,87,87,87,87,87,87,87,87,87,87,92,92,92,92,92,92,92,92,92,92,92,92,92],"card_choices":[{"not_picked":["Recycle","Steam"],"picked":"Capacitor","floor":1},{"not_picked":["Coolheaded","Compile Driver"],"picked":"Rebound","floor":3},{"not_picked":["Reprogram","Skim"],"picked":"Go for the Eyes","floor":7},{"not_picked":["Aggregate","Gash"],"picked":"Compile Driver","floor":8},{"not_picked":["Gash","Streamline"],"picked":"Sunder","floor":13},{"not_picked":["Amplify","Multi-Cast"],"picked":"Machine Learning","floor":16},{"not_picked":["Steam","Sweeping Beam"],"picked":"Conserve Battery","floor":18},{"not_picked":["Steam","Force Field"],"picked":"Leap","floor":25},{"not_picked":["Self Repair+1","White Noise"],"picked":"Turbo+1","floor":27},{"not_picked":["Barrage","Thunder Strike"],"picked":"Streamline+1","floor":29},{"not_picked":["Ball Lightning","Redo"],"picked":"Consume","floor":30}],"player_experience":253133,"relics_obtained":[{"floor":7,"key":"Vajra"},{"floor":11,"key":"Peace Pipe"},{"floor":26,"key":"Mercury Hourglass"},{"floor":29,"key":"Torii"}],"event_choices":[{"damage_healed":0,"gold_gain":0,"player_choice":"Gave Potion","damage_taken":0,"relics_obtained":["Strawberry"],"max_hp_gain":0,"max_hp_loss":0,"event_name":"WeMeetAgain","floor":2,"gold_loss":0},{"damage_healed":0,"gold_gain":0,"player_choice":"Donut","damage_taken":0,"max_hp_gain":5,"max_hp_loss":0,"event_name":"Big Fish","floor":4,"gold_loss":0},{"cards_removed":["Strike_B"],"damage_healed":0,"gold_gain":0,"player_choice":"Card Removal","damage_taken":7,"max_hp_gain":0,"max_hp_loss":0,"event_name":"Golden Wing","floor":10,"gold_loss":0},{"damage_healed":0,"gold_gain":0,"player_choice":"Relic","damage_taken":0,"max_hp_gain":0,"max_hp_loss":0,"event_name":"Wheel of Change","floor":11,"gold_loss":0},{"damage_healed":0,"gold_gain":0,"player_choice":"Shed Blood","damage_taken":22,"max_hp_gain":5,"max_hp_loss":0,"event_name":"Forgotten Altar","floor":19,"gold_loss":0},{"damage_healed":0,"gold_gain":0,"player_choice":"Ignored","damage_taken":0,"max_hp_gain":0,"max_hp_loss":0,"event_name":"Beggar","floor":21,"gold_loss":0},{"damage_healed":0,"gold_gain":0,"player_choice":"Inject Mutagens","damage_taken":0,"relics_obtained":["MutagenicStrength"],"max_hp_gain":0,"max_hp_loss":0,"event_name":"Drug Dealer","floor":22,"gold_loss":0}],"is_beta":true,"boss_relics":[{"not_picked":["Velvet Choker","Runic Dome"],"picked":"Empty Cage"}],"items_purged_floors":[20],"is_endless":false,"potions_floor_spawned":[1,8,13,16,29],"killed_by":"3 Cultists","ascension_level":0}