{"path_per_floor":["M","?","?","?","?","M","$","E","T","M","E","R","M","M","R","B",null,"M","?","M","$","M","R","$","E","T","M","$","M","?","M","R"],"character_chosen":"IRONCLAD","items_purchased":["Double Tap"],"gold_per_floor":[109,59,59,134,134,149,74,105,131,155,193,193,211,227,227,350,350,364,364,381,281,295,295,14,42,42,61,61,78,78,91,91],"floor_reached":33,"campfire_rested":3,"playtime":2082,"current_hp_per_floor":[80,80,64,53,53,59,59,65,65,68,17,41,34,38,62,11,80,78,78,80,80,58,58,58,45,45,26,26,19,19,22,61],"items_purged":["Defend_R","Injury","Strike_R"],"gold":91,"score":362,"play_id":"866500c1-1847-4b89-93ba-1cdb130afae9","local_time":"20180302173419","is_prod":false,"is_daily":false,"is_ascension_mode":true,"campfire_upgraded":1,"timestamp":1520008459,"path_taken":["M","?","?","?","?","M","?","E","T","M","E","R","M","M","R","BOSS","M","?","?","$","M","R","$","E","T","M","?","M","?","M","R","BOSS"],"build_version":"2018-03-01-BETA2","purchased_purges":3,"victory":false,"master_deck":["Strike_R","Strike_R","Strike_R","Defend_R+1","Defend_R","Defend_R+1","Bash","Shrug It Off","Headbutt","Headbutt","Pommel Strike","Offering+1","Anger+1","Dual Wield","Double Tap","Whirlwind"],"max_hp_per_floor":[80,80,80,80,80,80,80,80,80,80,80,80,80,80,80,80,80,80,80,80,80,80,80,80,80,80,80,80,80,80,80,80],"relics":["Burning Blood","NeowsBlessing","Bloody Idol","Bag of Preparation","Anchor","Mummified Hand","Sozu","Vajra","Regal Pillow","Ancient Tea Set"],"card_choices":[{"not_picked":["Metallicize","Carnage"],"picked":"Shrug It Off"},{"not_picked":["Metallicize","Twin Strike"],"picked":"Headbutt"},{"not_picked":["Flame Barrier","Clothesline"],"picked":"Headbutt"},{"not_picked":["Headbutt","Intimidate"],"picked":"Pommel Strike"},{"not_picked":["Demon Form","Reaper"],"picked":"Offering"},{"not_picked":["Clothesline","Havoc"],"picked":"Anger"},{"not_picked":["Spot Weakness","Body Slam"],"picked":"Dual Wield"},{"not_picked":["Entrench","Shockwave"],"picked":"Whirlwind"}],"player_experience":146894,"potions_floor_usage":[16,16,25,33],"damage_taken":[{"damage":0,"enemies":"Small Slimes","floor":1,"turns":1},{"damage":0,"enemies":"2 Louse","floor":6,"turns":2},{"damage":0,"enemies":"Gremlin Nob","floor":8,"turns":1},{"damage":3,"enemies":"Jaw Worm","floor":10,"turns":4},{"damage":57,"enemies":"Lagavulin","floor":11,"turns":11},{"damage":13,"enemies":"Large Slime","floor":13,"turns":7},{"damage":2,"enemies":"Exordium Wildlife","floor":14,"turns":4},{"damage":72,"enemies":"The Guardian","floor":16,"turns":19},{"damage":8,"enemies":"2 Thieves","floor":18,"turns":3},{"damage":5,"enemies":"3 Byrds","floor":20,"turns":4},{"damage":33,"enemies":"Snecko","floor":22,"turns":5},{"damage":24,"enemies":"Book of Stabbing","floor":25,"turns":4},{"damage":30,"enemies":"Snake Plant","floor":27,"turns":3},{"damage":18,"enemies":"Cultist and Chosen","floor":29,"turns":4},{"damage":8,"enemies":"Centurion and Healer","floor":31,"turns":2},{"damage":81,"enemies":"Automaton","floor":33,"turns":6}],"event_choices":[{"event_name":"The Cleric","player_choice":"Card Removal","floor":2,"damage_taken":0},{"event_name":"Shining Light","player_choice":"Entered Light","floor":3,"damage_taken":0},{"event_name":"World of Goop","player_choice":"Gather Gold","floor":4,"damage_taken":0},{"event_name":"Golden Idol","player_choice":"Take Wound","floor":5,"damage_taken":0},{"event_name":"Forgotten Altar","player_choice":"Gave Idol","floor":19,"damage_taken":0},{"event_name":"The Mausoleum","player_choice":"Yes","floor":30,"damage_taken":0}],"boss_relics":[{"not_picked":["White Beast Statue","Pandora\u0027s Box"],"picked":"Sozu"}],"potions_floor_spawned":[6,10,11,14,16,20,31],"seed_played":"-9096023864097651402","killed_by":"Automaton","ascension_level":4,"is_trial":false}