{"gold_per_floor":[114,189,199,219,219,219,231,181,206,206,206,233,252,262,262,358,358,369,369,381,381,401,401],"floor_reached":23,"playtime":1606,"items_purged":[],"score":183,"play_id":"8c84dcac-76d9-422b-afd5-a9f8aef6c8cb","local_time":"20190306140432","is_ascension_mode":false,"campfire_choices":[{"data":"Inflame","floor":6,"key":"SMITH"},{"data":"Anger","floor":10,"key":"SMITH"},{"data":"True Grit","floor":15,"key":"SMITH"}],"neow_cost":"PERCENT_DAMAGE","seed_source_timestamp":184963469700,"circlet_count":0,"master_deck":["Bash","Anger+1","Inflame+1","True Grit+1","Seeing Red","Cleave","Feed","Infernal Blade","Demon Form","Bloodletting"],"relics":["Burning Blood","Lantern","Pandora\u0027s Box"],"potions_floor_usage":[16,22],"damage_taken":[{"damage":5,"enemies":"Small Slimes","floor":1,"turns":5},{"damage":3,"enemies":"Jaw Worm","floor":3,"turns":3},{"damage":0,"enemies":"2 Louse","floor":4,"turns":3},{"damage":0,"enemies":"Large Slime","floor":7,"turns":5},{"damage":5,"enemies":"Exordium Thugs","floor":13,"turns":4},{"damage":0,"enemies":"Looter","floor":14,"turns":3},{"damage":41,"enemies":"Hexaghost","floor":16,"turns":9},{"damage":1,"enemies":"Chosen","floor":18,"turns":3},{"damage":21,"enemies":"2 Thieves","floor":20,"turns":3},{"damage":13,"enemies":"Snecko","floor":22,"turns":4},{"damage":63,"enemies":"Book of Stabbing","floor":23,"turns":4}],"seed_played":"5694522060308505917","potions_obtained":[{"floor":3,"key":"AttackPotion"},{"floor":4,"key":"Explosive Potion"},{"floor":7,"key":"Energy Potion"},{"floor":18,"key":"FearPotion"},{"floor":20,"key":"FearPotion"}],"is_trial":false,"path_per_floor":["M","?","M","M","?","R","M","?","T","R","?","T","M","M","R","B",null,"M","?","M","?","M","E"],"character_chosen":"IRONCLAD","items_purchased":[],"campfire_rested":0,"item_purchase_floors":[],"current_hp_per_floor":[57,46,49,55,55,55,61,61,61,61,61,61,62,68,68,33,80,80,80,68,68,61,0],"gold":401,"neow_bonus":"REMOVE_TWO","is_prod":false,"is_daily":false,"chose_seed":false,"campfire_upgraded":3,"win_rate":0,"timestamp":1551906272,"path_taken":["M","?","M","M","?","R","M","?","T","R","?","?","M","M","R","BOSS","M","?","M","?","M","E"],"build_version":"2019-01-23","purchased_purges":0,"victory":false,"max_hp_per_floor":[80,80,80,80,80,80,80,80,80,80,80,80,80,80,80,80,80,80,80,83,83,83,83],"card_choices":[{"not_picked":["Warcry","Blood for Blood"],"picked":"Anger","floor":1},{"not_picked":["Clash","Rage","True Grit"],"picked":"SKIP","floor":3},{"not_picked":["Hemokinesis","Perfected Strike"],"picked":"Inflame","floor":4},{"not_picked":["Heavy Blade","Pommel Strike","Entrench"],"picked":"SKIP","floor":7},{"not_picked":["Thunderclap","Disarm"],"picked":"True Grit","floor":13},{"not_picked":["Headbutt","Impervious","Whirlwind"],"picked":"SKIP","floor":14},{"not_picked":["Fire Breathing","Clothesline+1","Heavy Blade"],"picked":"SKIP","floor":18},{"not_picked":["Uppercut+1","Dual Wield","Blood for Blood"],"picked":"SKIP","floor":20},{"not_picked":["Wild Strike","Feel No Pain","Armaments"],"picked":"SKIP","floor":22}],"player_experience":464092,"relics_obtained":[{"floor":12,"key":"Lantern"}],"event_choices":[{"damage_healed":0,"gold_gain":75,"player_choice":"Gather Gold","damage_taken":11,"max_hp_gain":0,"max_hp_loss":0,"event_name":"World of Goop","floor":2,"gold_loss":0},{"damage_healed":0,"gold_gain":0,"player_choice":"Fled","damage_taken":0,"max_hp_gain":0,"max_hp_loss":0,"event_name":"Scrap Ooze","floor":5,"gold_loss":0},{"cards_removed":["Strike_R"],"damage_healed":0,"gold_gain":0,"player_choice":"Card Removal","damage_taken":0,"max_hp_gain":0,"max_hp_loss":0,"event_name":"The Cleric","floor":8,"gold_loss":50},{"damage_healed":0,"gold_gain":0,"player_choice":"Ignored","damage_taken":0,"max_hp_gain":0,"max_hp_loss":0,"event_name":"Liars Game","floor":11,"gold_loss":0},{"damage_healed":0,"gold_gain":0,"player_choice":"Ignored","damage_taken":0,"max_hp_gain":0,"max_hp_loss":0,"event_name":"Cursed Tome","floor":19,"gold_loss":0},{"damage_healed":0,"gold_gain":0,"cards_transformed":["Rupture"],"player_choice":"Transformed","damage_taken":0,"max_hp_gain":0,"max_hp_loss":0,"event_name":"Transmorgrifier","floor":21,"gold_loss":0,"cards_obtained":["Bloodletting"]}],"is_beta":false,"boss_relics":[{"not_picked":["Busted Crown","Tiny House"],"picked":"Pandora\u0027s Box"}],"items_purged_floors":[],"is_endless":false,"potions_floor_spawned":[3,4,7,18,20],"killed_by":"Book of Stabbing","ascension_level":0}