{"gold_per_floor":[13,13,13,13,13,46,46,79,147,180,180,196,230,244,244,244],"floor_reached":16,"playtime":474,"items_purged":[],"score":132,"play_id":"53513ac0-f36f-4198-a4e4-6d808413bedd","local_time":"20190522144201","is_ascension_mode":true,"campfire_choices":[{"floor":7,"key":"REST"},{"floor":11,"key":"REST"},{"data":"Inflame","floor":15,"key":"SMITH"}],"neow_cost":"NO_GOLD","seed_source_timestamp":491255198004600,"circlet_count":0,"master_deck":["Strike_R","Strike_R","Strike_R","Strike_R","Defend_R","Defend_R","Defend_R","Defend_R","Bash","Feed","Heavy Blade","Infernal Blade","Pommel Strike","Inflame+1","Fiend Fire","Seeing Red","Shrug It Off","Shrug It Off"],"relics":["Burning Blood","WingedGreaves","Golden Idol","Dream Catcher","Bag of Marbles","Bottled Lightning","Darkstone Periapt","Blood Vial","Bird Faced Urn"],"potions_floor_usage":[16],"damage_taken":[{"damage":1,"enemies":"Cultist","floor":1,"turns":3},{"damage":46,"enemies":"3 Sentries","floor":6,"turns":10},{"damage":21,"enemies":"Lagavulin","floor":8,"turns":7},{"damage":31,"enemies":"3 Sentries","floor":10,"turns":8},{"damage":0,"enemies":"Small Slimes","floor":12,"turns":2},{"damage":10,"enemies":"Gremlin Nob","floor":13,"turns":3},{"damage":0,"enemies":"2 Louse","floor":14,"turns":2},{"damage":55,"enemies":"Hexaghost","floor":16,"turns":10}],"seed_played":"5197522170543686105","potions_obtained":[{"floor":6,"key":"Poison Potion"},{"floor":12,"key":"AttackPotion"}],"is_trial":false,"path_per_floor":["M","?","?","?","T","E","R","E","T","E","R","M","E","M","R","B"],"character_chosen":"IRONCLAD","items_purchased":[],"campfire_rested":2,"item_purchase_floors":[],"current_hp_per_floor":[80,62,62,62,62,25,48,33,33,8,31,42,40,51,51,0],"gold":244,"neow_bonus":"THREE_RARE_CARDS","is_prod":false,"is_daily":false,"chose_seed":false,"campfire_upgraded":1,"win_rate":0,"timestamp":1558554121,"path_taken":["M","?","?","?","?","E","R","E","T","E","R","M","E","M","R","BOSS"],"build_version":"2019-01-23","purchased_purges":0,"victory":false,"max_hp_per_floor":[80,80,80,74,74,77,77,77,77,77,77,80,80,83,83,83],"card_choices":[{"not_picked":["Exhume","Immolate"],"picked":"Feed","floor":0},{"not_picked":["Perfected Strike","Iron Wave"],"picked":"Heavy Blade","floor":1},{"not_picked":["Uppercut","True Grit"],"picked":"Pommel Strike","floor":6},{"not_picked":["Flex","Burning Pact"],"picked":"Inflame","floor":7},{"not_picked":["Shockwave","Warcry"],"picked":"Fiend Fire","floor":8},{"not_picked":["Sentinel","Pummel"],"picked":"Seeing Red","floor":10},{"not_picked":["Havoc","Anger"],"picked":"Shrug It Off","floor":12},{"not_picked":["Perfected Strike","Ghostly Armor"],"picked":"Shrug It Off","floor":13},{"not_picked":["Carnage","Pommel Strike","Body Slam"],"picked":"SKIP","floor":14}],"player_experience":31285,"relics_obtained":[{"floor":5,"key":"Dream Catcher"},{"floor":6,"key":"Bag of Marbles"},{"floor":8,"key":"Bottled Lightning"},{"floor":9,"key":"Darkstone Periapt"},{"floor":10,"key":"Blood Vial"},{"floor":13,"key":"Bird Faced Urn"}],"event_choices":[{"damage_healed":0,"gold_gain":0,"player_choice":"Success","damage_taken":18,"relics_obtained":["WingedGreaves"],"max_hp_gain":0,"max_hp_loss":0,"event_name":"Scrap Ooze","floor":2,"gold_loss":0},{"damage_healed":0,"gold_gain":0,"cards_transformed":["Strike_R"],"player_choice":"Change","damage_taken":0,"max_hp_gain":0,"max_hp_loss":0,"event_name":"Living Wall","floor":3,"gold_loss":0,"cards_obtained":["Infernal Blade"]},{"damage_healed":0,"gold_gain":0,"player_choice":"Lose Max HP","damage_taken":0,"relics_obtained":["Golden Idol"],"max_hp_gain":0,"max_hp_loss":6,"event_name":"Golden Idol","floor":4,"gold_loss":0}],"is_beta":false,"boss_relics":[],"items_purged_floors":[],"is_endless":false,"potions_floor_spawned":[6,12],"killed_by":"Hexaghost","ascension_level":1}