{"gold_per_floor":[219,239,239,239,6,6,6,35,35,35,50,115,115,115,115,241,241,265,265,279,303,38,72,72,115,115,115,14,34,34,34,34,163,163,183,204,27,53,73,73,117,117,141,141,179,179,179,213,213,213,213,213,4,37,37],"floor_reached":56,"playtime":3679,"items_purged":["Pain","Strike_G","Strike_G","Strike_G"],"score":1263,"play_id":"eb4d5cb4-a5c3-4807-a9bf-ce5a1fb55394","local_time":"20190518171827","is_ascension_mode":true,"campfire_choices":[{"data":"Neutralize","floor":6,"key":"SMITH"},{"floor":10,"key":"REST"},{"floor":13,"key":"REST"},{"floor":15,"key":"REST"},{"data":"After Image","floor":24,"key":"SMITH"},{"data":"Noxious Fumes","floor":27,"key":"SMITH"},{"floor":30,"key":"RECALL"},{"data":"Deadly Poison","floor":32,"key":"SMITH"},{"data":"Catalyst","floor":40,"key":"SMITH"},{"floor":42,"key":"REST"},{"floor":44,"key":"REST"},{"data":"A Thousand Cuts","floor":49,"key":"SMITH"},{"data":"Footwork","floor":52,"key":"SMITH"}],"neow_cost":"NONE","seed_source_timestamp":257287390831417,"circlet_count":0,"master_deck":["Defend_G","Defend_G","Defend_G","Defend_G","Defend_G","Survivor","Neutralize+1","Dagger Throw","Flying Knee","Backflip","After Image+1","PiercingWail","Well Laid Plans","Leg Sweep","Deflect","Well Laid Plans+1","Noxious Fumes+1","Noxious Fumes","Blur","Bandage Up","Deadly Poison+1","PiercingWail","Flechettes","A Thousand Cuts+1","Blur+1","Deadly Poison","Footwork+1","Catalyst+1","Backflip","Core Surge","Crippling Poison+1","Envenom","Dodge and Roll","Deflect"],"relics":["Ring of the Snake","Incense Burner","Membership Card","Ancient Tea Set","Oddly Smooth Stone","Golden Idol","Orrery","WarpedTongs","Toy Ornithopter","Mercury Hourglass","Bird Faced Urn","Question Card","Runic Dome","Medical Kit","Omamori","Smiling Mask","Regal Pillow","Bag of Preparation","The Specimen","Pantograph"],"potions_floor_usage":[12,16,23,23,25,41,48,55,55,55],"damage_taken":[{"damage":4,"enemies":"Small Slimes","floor":1,"turns":5},{"damage":2,"enemies":"2 Louse","floor":2,"turns":4},{"damage":35,"enemies":"3 Sentries","floor":8,"turns":15},{"damage":0,"enemies":"Cultist","floor":11,"turns":3},{"damage":18,"enemies":"Gremlin Nob","floor":12,"turns":5},{"damage":49,"enemies":"Slime Boss","floor":16,"turns":20},{"damage":0,"enemies":"3 Byrds","floor":18,"turns":13},{"damage":4,"enemies":"Chosen","floor":20,"turns":11},{"damage":22,"enemies":"Centurion and Healer","floor":21,"turns":13},{"damage":16,"enemies":"Gremlin Leader","floor":23,"turns":9},{"damage":3,"enemies":"Slavers","floor":25,"turns":6},{"damage":0,"enemies":"Snake Plant","floor":29,"turns":6},{"damage":25,"enemies":"Automaton","floor":33,"turns":9},{"damage":0,"enemies":"3 Shapes","floor":35,"turns":5},{"damage":0,"enemies":"Orb Walker","floor":36,"turns":5},{"damage":0,"enemies":"Maw","floor":39,"turns":8},{"damage":47,"enemies":"Reptomancer","floor":41,"turns":7},{"damage":2,"enemies":"Giant Head","floor":45,"turns":9},{"damage":8,"enemies":"Reptomancer","floor":48,"turns":7},{"damage":32,"enemies":"Time Eater","floor":50,"turns":13},{"damage":34,"enemies":"Shield and Spear","floor":54,"turns":6},{"damage":38,"enemies":"The Heart","floor":55,"turns":12}],"seed_played":"-2863313926017728194","potions_obtained":[{"floor":8,"key":"Ancient Potion"},{"floor":11,"key":"Dexterity Potion"},{"floor":16,"key":"Fire Potion"},{"floor":20,"key":"Explosive Potion"},{"floor":25,"key":"Fire Potion"},{"floor":33,"key":"FearPotion"},{"floor":39,"key":"GhostInAJar"},{"floor":45,"key":"SteroidPotion"},{"floor":54,"key":"GhostInAJar"}],"is_trial":false,"path_per_floor":["M","M","?","?","$","R","$","E","T","R","M","?","R","?","R","B",null,"M","?","M","M","$","E","R","E","T","R","$","M","R","?","R","B",null,"M","M","$","T","M","R","E","R","T","R","E","?","?","E","R","B",null,"R","$","E","B",null],"character_chosen":"THE_SILENT","items_purchased":["Membership Card","Dagger Throw","Noxious Fumes","Toy Ornithopter","Dexterity Potion","Blur","Bandage Up","Deadly Poison","PowerPotion","Footwork","Medical Kit","Envenom","Poison Potion","Dodge and Roll","Deflect"],"campfire_rested":5,"item_purchase_floors":[5,5,22,22,22,22,22,28,28,37,37,53,53,53,53],"current_hp_per_floor":[66,64,52,45,45,45,45,10,10,31,31,13,34,34,53,4,65,65,65,61,39,39,37,37,43,43,43,43,57,57,57,57,48,65,65,65,65,65,65,65,22,41,41,65,63,63,63,65,65,39,65,65,65,39,33],"gold":37,"neow_bonus":"HUNDRED_GOLD","is_prod":false,"is_daily":false,"chose_seed":false,"campfire_upgraded":7,"win_rate":0,"timestamp":1558214307,"path_taken":["M","M","?","?","$","R","$","E","T","R","M","?","R","?","R","BOSS","M","?","M","?","?","E","R","E","T","R","$","M","R","?","R","BOSS","M","M","?","?","M","R","E","R","T","R","E","?","?","E","R","BOSS","R","$","E","BOSS"],"build_version":"2019-05-07","purchased_purges":4,"victory":true,"max_hp_per_floor":[70,70,70,70,70,70,70,70,70,70,70,70,70,65,65,65,65,65,65,65,65,65,65,65,65,65,65,65,65,65,65,65,65,65,65,65,65,65,65,65,65,65,65,65,65,65,65,65,65,65,65,65,65,65,65],"card_choices":[{"not_picked":["Bane","PiercingWail","Underhanded Strike"],"picked":"SKIP","floor":1},{"not_picked":["Cloak And Dagger","Underhanded Strike","Bane"],"picked":"SKIP","floor":2},{"not_picked":["Distraction","Escape Plan"],"picked":"Flying Knee","floor":8},{"not_picked":["Eviscerate","Distraction","Tactician"],"picked":"SKIP","floor":11},{"not_picked":["Slice","All Out Attack"],"picked":"Backflip","floor":12},{"not_picked":["Venomology","Adrenaline"],"picked":"After Image","floor":16},{"not_picked":["Dodge and Roll","Cloak And Dagger"],"picked":"PiercingWail","floor":17},{"not_picked":["Quick Slash","Masterful Stab"],"picked":"Well Laid Plans","floor":17},{"not_picked":["Prepared","Cloak And Dagger"],"picked":"Leg Sweep","floor":17},{"not_picked":["Sucker Punch","Infinite Blades"],"picked":"Deflect","floor":17},{"not_picked":["Predator","Masterful Stab","Catalyst"],"picked":"SKIP","floor":18},{"not_picked":["Bullet Time","Dodge and Roll+1"],"picked":"Well Laid Plans+1","floor":20},{"not_picked":["Dodge and Roll","Dagger Throw"],"picked":"Noxious Fumes","floor":21},{"not_picked":["Phantasmal Killer","Accuracy+1","Flechettes"],"picked":"SKIP","floor":23},{"not_picked":["Distraction","Reflex+1","Bane"],"picked":"SKIP","floor":25},{"not_picked":["Bane","Dodge and Roll","Accuracy"],"picked":"PiercingWail","floor":29},{"not_picked":["Burst","Malaise","Corpse Explosion"],"picked":"A Thousand Cuts","floor":33},{"not_picked":["Dodge and Roll","Dagger Throw","Sucker Punch"],"picked":"Blur+1","floor":35},{"not_picked":["Predator+1","Dagger Throw+1","Dagger Spray+1"],"picked":"Deadly Poison","floor":36},{"not_picked":["Slice","Sucker Punch+1","Backflip+1"],"picked":"Catalyst","floor":39},{"not_picked":["Bouncing Flask","Deadly Poison","Tactician"],"picked":"Backflip","floor":41},{"not_picked":["Storm of Steel","Tactician+1","Choke"],"picked":"Leg Sweep","floor":45},{"not_picked":["Accuracy","Sucker Punch+1","Deflect+1"],"picked":"Crippling Poison+1","floor":48},{"not_picked":["Prepared+1","Acrobatics","Underhanded Strike","Slice"],"picked":"SKIP","floor":54}],"player_experience":1423661,"relics_obtained":[{"floor":8,"key":"Ancient Tea Set"},{"floor":12,"key":"Oddly Smooth Stone"},{"floor":23,"key":"Mercury Hourglass"},{"floor":25,"key":"Bird Faced Urn"},{"floor":26,"key":"Question Card"},{"floor":38,"key":"Omamori"},{"floor":41,"key":"Smiling Mask"},{"floor":43,"key":"Regal Pillow"},{"floor":45,"key":"Bag of Preparation"},{"floor":48,"key":"The Specimen"},{"floor":54,"key":"Pantograph"}],"event_choices":[{"damage_healed":0,"gold_gain":0,"player_choice":"Success","damage_taken":12,"relics_obtained":["Incense Burner"],"max_hp_gain":0,"max_hp_loss":0,"event_name":"Scrap Ooze","floor":3,"gold_loss":0},{"cards_removed":["Strike_G"],"damage_healed":0,"gold_gain":0,"player_choice":"Card Removal","damage_taken":7,"max_hp_gain":0,"max_hp_loss":0,"event_name":"Golden Wing","floor":4,"gold_loss":0},{"damage_healed":0,"gold_gain":0,"player_choice":"Searched \u00272\u0027 times","damage_taken":0,"max_hp_gain":0,"max_hp_loss":0,"event_name":"Dead Adventurer","floor":12,"gold_loss":0},{"damage_healed":0,"gold_gain":0,"player_choice":"Lose Max HP","damage_taken":0,"relics_obtained":["Golden Idol"],"max_hp_gain":0,"max_hp_loss":5,"event_name":"Golden Idol","floor":14,"gold_loss":0},{"damage_healed":0,"gold_gain":0,"player_choice":"Rummage","damage_taken":0,"relics_obtained":["WarpedTongs"],"max_hp_gain":0,"max_hp_loss":0,"event_name":"Accursed Blacksmith","floor":19,"gold_loss":0,"cards_obtained":["Pain"]},{"damage_healed":0,"gold_gain":0,"cards_transformed":["Strike_G"],"player_choice":"Transformed","damage_taken":0,"max_hp_gain":0,"max_hp_loss":0,"event_name":"Transmorgrifier","floor":31,"gold_loss":0,"cards_obtained":["Flechettes"]},{"damage_healed":0,"gold_gain":0,"player_choice":"Ignored","damage_taken":0,"max_hp_gain":0,"max_hp_loss":0,"event_name":"Tomb of Lord Red Mask","floor":46,"gold_loss":0},{"cards_removed":["Leg Sweep"],"damage_healed":0,"gold_gain":0,"player_choice":"Took Card","damage_taken":0,"max_hp_gain":0,"max_hp_loss":0,"event_name":"NoteForYourself","floor":47,"gold_loss":0,"cards_obtained":["Core Surge"]}],"is_beta":true,"boss_relics":[{"not_picked":["Calling Bell","Black Star"],"picked":"Orrery"},{"not_picked":["Runic Pyramid","Sozu"],"picked":"Runic Dome"}],"items_purged_floors":[22,28,37,53],"is_endless":false,"potions_floor_spawned":[8,11,16,20,25,33,39,45,54],"ascension_level":1}