{"gold_per_floor":[118,129,142,161,71,81,99,30,98,109,123,150,150,168,168,268,268,280,290,290,290],"floor_reached":21,"playtime":3075,"items_purged":[],"score":262,"play_id":"8f3ab642-d539-4ca0-9509-e71e41cdfd4f","local_time":"20190124185532","is_ascension_mode":true,"campfire_choices":[{"data":"Cleave","floor":15,"key":"SMITH"}],"neow_cost":"PERCENT_DAMAGE","seed_source_timestamp":71391922611900,"circlet_count":0,"master_deck":["Strike_R","Strike_R","Strike_R","Strike_R","Strike_R","Defend_R","Defend_R","Defend_R","Defend_R","Bash","Dark Embrace","Feel No Pain","Shrug It Off","Cleave+1","PanicButton","Headbutt","Reckless Charge","Evolve","Feel No Pain","Twin Strike","Intimidate","Warcry","Barricade","Body Slam+1","Dramatic Entrance","Swift Strike"],"special_seed":0,"relics":["Burning Blood","Mercury Hourglass","Lantern","Philosopher\u0027s Stone"],"potions_floor_usage":[10,12,12,12,21],"damage_taken":[{"damage":10.0,"enemies":"Cultist","floor":1.0,"turns":5.0},{"damage":1.0,"enemies":"2 Louse","floor":2.0,"turns":3.0},{"damage":7.0,"enemies":"Jaw Worm","floor":3.0,"turns":3.0},{"damage":30.0,"enemies":"Red Slaver","floor":4.0,"turns":7.0},{"damage":7.0,"enemies":"Lots of Slimes","floor":6.0,"turns":4.0},{"damage":23,"enemies":"Exordium Thugs","floor":7,"turns":6},{"damage":5,"enemies":"Red Slaver","floor":10,"turns":3},{"damage":7,"enemies":"Large Slime","floor":11,"turns":8},{"damage":10,"enemies":"Lagavulin","floor":12,"turns":7},{"damage":1,"enemies":"2 Fungi Beasts","floor":14,"turns":3},{"damage":33,"enemies":"Slime Boss","floor":16,"turns":9},{"damage":5,"enemies":"3 Byrds","floor":18,"turns":4},{"damage":21,"enemies":"Spheric Guardian","floor":19,"turns":5},{"damage":28,"enemies":"Snake Plant","floor":21,"turns":4}],"seed_played":"963915142915419438","potions_obtained":[{"floor":3.0,"key":"Dexterity Potion"},{"floor":4.0,"key":"Regen Potion"},{"floor":7,"key":"Fire Potion"},{"floor":10,"key":"Explosive Potion"},{"floor":11,"key":"Strength Potion"},{"floor":19,"key":"AttackPotion"}],"is_trial":false,"path_per_floor":["M","M","M","M","$","M","M","$","T","M","M","E","?","M","R","B",null,"M","M","?","M"],"character_chosen":"IRONCLAD","items_purchased":["PanicButton","Evolve"],"campfire_rested":0,"item_purchase_floors":[5,8],"current_hp_per_floor":[47,52,51,27,27,26,9,9,9,19,18,14,40,45,45,18,65,66,51,27,0],"gold":290,"neow_bonus":"THREE_RARE_CARDS","is_prod":false,"is_daily":false,"chose_seed":false,"campfire_upgraded":1,"win_rate":0,"timestamp":1548381332,"path_taken":["M","M","?","M","$","M","M","$","T","?","M","E","?","M","R","BOSS","M","M","?","M"],"build_version":"2019-01-23","purchased_purges":0,"victory":false,"max_hp_per_floor":[80,80,80,80,80,80,80,80,80,80,80,80,80,80,80,80,80,80,80,80,80],"card_choices":[{"not_picked":["Juggernaut","Impervious"],"picked":"Dark Embrace","floor":0.0},{"not_picked":["Clash","Havoc"],"picked":"Feel No Pain","floor":1.0},{"not_picked":["Fire Breathing","Anger","Armaments"],"picked":"SKIP","floor":2.0},{"not_picked":["Barricade","Perfected Strike"],"picked":"Shrug It Off","floor":3.0},{"not_picked":["Body Slam","Combust"],"picked":"Cleave","floor":4.0},{"not_picked":["Pommel Strike","Heavy Blade"],"picked":"Headbutt","floor":6.0},{"not_picked":["Evolve","Headbutt"],"picked":"Reckless Charge","floor":7},{"not_picked":["Berserk","Twin Strike"],"picked":"Feel No Pain","floor":10},{"not_picked":["Clash","Clothesline"],"picked":"Twin Strike","floor":11},{"not_picked":["Thunderclap","Berserk"],"picked":"Intimidate","floor":12},{"not_picked":["Flex","Clash"],"picked":"Warcry","floor":14},{"not_picked":["Bludgeon","Impervious"],"picked":"Barricade","floor":16},{"not_picked":["Hemokinesis","Clothesline"],"picked":"Body Slam+1","floor":18},{"not_picked":["Heavy Blade+1","Clash","Wild Strike"],"picked":"SKIP","floor":19}],"player_experience":403688,"relics_obtained":[{"floor":9,"key":"Mercury Hourglass"},{"floor":12,"key":"Lantern"}],"event_choices":[{"damage_healed":26,"gold_gain":0,"player_choice":"Banana","damage_taken":0,"max_hp_gain":0,"max_hp_loss":0,"event_name":"Big Fish","floor":13,"gold_loss":0},{"damage_healed":0,"gold_gain":0,"player_choice":"CARD CARD ","damage_taken":24,"max_hp_gain":0,"max_hp_loss":0,"event_name":"Knowing Skull","floor":20,"potions_obtained":[],"gold_loss":0,"cards_obtained":["Dramatic Entrance","Swift Strike"]}],"is_beta":false,"boss_relics":[{"not_picked":["Runic Dome","Astrolabe"],"picked":"Philosopher\u0027s Stone"}],"items_purged_floors":[],"is_endless":false,"potions_floor_spawned":[3,4,7,10,11,19],"killed_by":"Snake Plant","ascension_level":8}