{"gold_per_floor":[119,135,135,150,150,184,204,232,232,265,277],"floor_reached":11,"playtime":647,"items_purged":[],"score":153,"play_id":"6f84a13b-fec9-4498-9723-14557da6c0e4","local_time":"20190421092047","is_ascension_mode":true,"campfire_choices":[],"neow_cost":"NONE","seed_source_timestamp":333464719057800,"circlet_count":0,"master_deck":["AscendersBane","Strike_R","Strike_R","Strike_R","Strike_R","Strike_R","Defend_R","Defend_R","Defend_R","Defend_R","Bash","Dark Embrace","Spot Weakness","Sword Boomerang","Shockwave","Uppercut","Pommel Strike","Twin Strike","Evolve"],"relics":["Burning Blood","Juzu Bracelet","Bottled Tornado","Bronze Scales","Pantograph","MawBank"],"potions_floor_usage":[6,8,8],"damage_taken":[{"damage":11,"enemies":"Cultist","floor":1,"turns":4},{"damage":2,"enemies":"Jaw Worm","floor":2,"turns":3},{"damage":2,"enemies":"Small Slimes","floor":4,"turns":3},{"damage":28,"enemies":"Gremlin Nob","floor":6,"turns":4},{"damage":12,"enemies":"Blue Slaver","floor":7,"turns":4},{"damage":20,"enemies":"Lagavulin","floor":8,"turns":7},{"damage":25,"enemies":"Gremlin Nob","floor":10,"turns":4},{"damage":13,"enemies":"Exordium Thugs","floor":11,"turns":3}],"seed_played":"-80832689939168163","potions_obtained":[{"floor":4,"key":"Regen Potion"},{"floor":6,"key":"Poison Potion"},{"floor":7,"key":"Weak Potion"}],"is_trial":false,"path_per_floor":["M","M","?","M","?","E","M","E","T","E","M"],"character_chosen":"IRONCLAD","items_purchased":[],"campfire_rested":0,"item_purchase_floors":[],"current_hp_per_floor":[67,71,76,80,62,52,46,32,32,13,0],"gold":277,"neow_bonus":"ONE_RANDOM_RARE_CARD","is_prod":false,"is_daily":false,"chose_seed":false,"campfire_upgraded":0,"win_rate":0,"timestamp":1555860047,"path_taken":["M","?","?","M","?","E","M","E","T","E","M"],"build_version":"2019-01-23","purchased_purges":0,"victory":false,"max_hp_per_floor":[80,80,85,85,85,85,85,85,85,85,85],"card_choices":[{"not_picked":["Havoc","Wild Strike"],"picked":"Spot Weakness","floor":1},{"not_picked":["Rampage","Clothesline"],"picked":"Sword Boomerang","floor":2},{"not_picked":["Flame Barrier","Thunderclap"],"picked":"Shockwave","floor":4},{"not_picked":["Rampage","Wild Strike"],"picked":"Uppercut","floor":6},{"not_picked":["Fire Breathing","Clash"],"picked":"Pommel Strike","floor":7},{"not_picked":["Burning Pact","Pommel Strike"],"picked":"Twin Strike","floor":8},{"not_picked":["Blood for Blood","Clash"],"picked":"Evolve","floor":10}],"player_experience":638882,"relics_obtained":[{"floor":6,"key":"Bottled Tornado"},{"floor":8,"key":"Bronze Scales"},{"floor":9,"key":"Pantograph"},{"floor":10,"key":"MawBank"}],"event_choices":[{"damage_healed":0,"gold_gain":0,"player_choice":"Donut","damage_taken":0,"max_hp_gain":5,"max_hp_loss":0,"event_name":"Big Fish","floor":3,"gold_loss":0},{"damage_healed":0,"gold_gain":0,"player_choice":"Success","damage_taken":18,"relics_obtained":["Juzu Bracelet"],"max_hp_gain":0,"max_hp_loss":0,"event_name":"Scrap Ooze","floor":5,"gold_loss":0}],"is_beta":false,"boss_relics":[],"items_purged_floors":[],"is_endless":false,"potions_floor_spawned":[4,6,7],"killed_by":"Exordium Thugs","ascension_level":13}