{"gold_per_floor":[119,119,138,138,14,53,66,66,66,81,81,97,112,136,136,260,260,275,275,292,292,310,310,9,9,34,62,39,39,39,59,59,162,162,173,173,72,82,95,95,95],"floor_reached":41,"playtime":4892,"items_purged":["Strike_R","Strike_R"],"score":566,"play_id":"e4ccbd7f-963b-4af5-a12b-5aecf54e3ac5","local_time":"20190521204800","is_ascension_mode":true,"campfire_choices":[{"floor":8,"key":"REST"},{"data":"Armaments","floor":11,"key":"SMITH"},{"data":"Strike_R","floor":15,"key":"PURGE"},{"floor":23,"key":"REST"},{"floor":25,"key":"RECALL"},{"floor":29,"key":"REST"},{"floor":32,"key":"REST"},{"floor":40,"key":"REST"}],"neow_cost":"NONE","seed_source_timestamp":245805945526200,"circlet_count":0,"master_deck":["Strike_R","Strike_R","Defend_R","Defend_R","Defend_R","Defend_R+1","Bash","Feed","Flex+1","Iron Wave","Armaments+1","Battle Trance","Intimidate","Whirlwind","Inflame","Demon Form","Clash","Spot Weakness","Pommel Strike+1","Heavy Blade+1","Exhume","Sword Boomerang+1","Limit Break","Flex+1","Rage","Shrug It Off","Thunderclap+1"],"special_seed":0,"relics":["Burning Blood","Bloody Idol","Peace Pipe","Runic Cube","Molten Egg 2","Orichalcum","Omamori","Mercury Hourglass","Runic Dome"],"potions_floor_usage":[6,16,16,18,20,33,41,41],"damage_taken":[{"damage":6.0,"enemies":"2 Louse","floor":1.0,"turns":2.0},{"damage":4.0,"enemies":"Jaw Worm","floor":3.0,"turns":2.0},{"damage":37,"enemies":"3 Sentries","floor":6,"turns":12},{"damage":0,"enemies":"Cultist","floor":7,"turns":4},{"damage":4,"enemies":"Red Slaver","floor":10,"turns":5},{"damage":2,"enemies":"Blue Slaver","floor":12,"turns":6},{"damage":8,"enemies":"Exordium Thugs","floor":13,"turns":2},{"damage":4,"enemies":"3 Louse","floor":14,"turns":4},{"damage":1,"enemies":"Slime Boss","floor":16,"turns":8},{"damage":28,"enemies":"Shell Parasite","floor":18,"turns":6},{"damage":30,"enemies":"Spheric Guardian","floor":20,"turns":6},{"damage":41,"enemies":"Chosen and Byrds","floor":22,"turns":7},{"damage":33,"enemies":"Gremlin Leader","floor":27,"turns":5},{"damage":21,"enemies":"Snake Plant","floor":31,"turns":4},{"damage":121,"enemies":"Automaton","floor":33,"turns":11},{"damage":37,"enemies":"3 Darklings","floor":35,"turns":5},{"damage":14,"enemies":"Orb Walker","floor":38,"turns":3},{"damage":34,"enemies":"Sphere and 2 Shapes","floor":39,"turns":6},{"damage":88,"enemies":"Nemesis","floor":41,"turns":4}],"seed_played":"2355472245691799865","potions_obtained":[{"floor":3.0,"key":"GamblersBrew"},{"floor":6,"key":"FearPotion"},{"floor":14,"key":"AttackPotion"},{"floor":16,"key":"SkillPotion"},{"floor":18,"key":"AttackPotion"},{"floor":22,"key":"FearPotion"},{"floor":27,"key":"FairyPotion"},{"floor":35,"key":"Strength Potion"},{"floor":39,"key":"SkillPotion"}],"is_trial":false,"path_per_floor":["M","?","M","?","$","E","M","R","T","M","R","M","M","M","R","B",null,"M","?","M","T","M","R","$","R","T","E","$","R","$","M","R","B",null,"M","?","$","M","M","R","E"],"character_chosen":"IRONCLAD","items_purchased":["Armaments","Heavy Blade+1","Orichalcum","Sword Boomerang+1","Shrug It Off","PowerPotion"],"campfire_rested":5,"item_purchase_floors":[5,24,24,28,37,37],"current_hp_per_floor":[83,66,71,50,50,23,32,59,59,65,65,73,74,80,80,89,106,87,87,72,72,42,77,77,77,82,60,60,95,95,85,119,25,98,72,72,72,69,49,86,0],"gold":95,"neow_bonus":"ONE_RANDOM_RARE_CARD","is_prod":false,"is_daily":false,"chose_seed":false,"campfire_upgraded":1,"win_rate":0,"timestamp":1558464480,"path_taken":["M","?","M","?","$","E","M","R","T","M","R","M","M","M","R","BOSS","M","?","M","?","?","R","$","R","T","E","?","R","$","M","R","BOSS","M","?","?","M","M","R","E"],"build_version":"2019-05-07","purchased_purges":2,"victory":false,"max_hp_per_floor":[83,83,86,86,86,90,93,93,93,97,97,101,104,108,108,112,112,115,115,119,119,119,119,119,119,119,119,119,119,119,119,119,122,122,122,122,122,122,125,125,125],"card_choices":[{"not_picked":["True Grit","Iron Wave"],"picked":"Flex","floor":1.0},{"not_picked":["Searing Blow","Anger"],"picked":"Iron Wave","floor":3.0},{"not_picked":["Iron Wave","Shrug It Off"],"picked":"Battle Trance","floor":6},{"not_picked":["Havoc","Warcry","Heavy Blade"],"picked":"SKIP","floor":7},{"not_picked":["Clothesline","Pommel Strike"],"picked":"Intimidate","floor":10},{"not_picked":["Headbutt","Corruption"],"picked":"Whirlwind","floor":12},{"not_picked":["Pommel Strike","Flex","Infernal Blade"],"picked":"SKIP","floor":13},{"not_picked":["Armaments","Shrug It Off"],"picked":"Inflame","floor":14},{"not_picked":["Bludgeon","Dark Embrace"],"picked":"Demon Form","floor":16},{"not_picked":["Entrench+1","Cleave"],"picked":"Clash","floor":18},{"not_picked":["Twin Strike+1","Disarm+1"],"picked":"Spot Weakness","floor":20},{"not_picked":["Perfected Strike+1","Power Through+1"],"picked":"Pommel Strike+1","floor":22},{"not_picked":["Havoc","Wild Strike+1"],"picked":"Exhume","floor":27},{"not_picked":["Whirlwind+1","Clash+1","True Grit+1"],"picked":"SKIP","floor":31},{"not_picked":["Reaper+1","Exhume"],"picked":"Limit Break","floor":33},{"not_picked":["Second Wind+1","Heavy Blade+1"],"picked":"Flex+1","floor":35},{"not_picked":["Corruption+1","Sentinel"],"picked":"Thunderclap+1","floor":38},{"not_picked":["Anger+1","Thunderclap+1","Warcry"],"picked":"SKIP","floor":39}],"player_experience":307820,"relics_obtained":[{"floor":6,"key":"Peace Pipe"},{"floor":21,"key":"Molten Egg 2"},{"floor":26,"key":"Omamori"},{"floor":27,"key":"Mercury Hourglass"}],"event_choices":[{"damage_healed":0.0,"max_hp_gain":0.0,"max_hp_loss":0.0,"gold_gain":0.0,"event_name":"Shining Light","player_choice":"Entered Light","floor":2.0,"gold_loss":0.0,"damage_taken":17.0,"cards_upgraded":["Defend_R","Flex"]},{"damage_healed":0.0,"max_hp_gain":0.0,"max_hp_loss":0.0,"gold_gain":0.0,"event_name":"Golden Idol","player_choice":"Take Damage","floor":4.0,"gold_loss":0.0,"damage_taken":21.0,"relics_obtained":["Golden Idol"]},{"damage_healed":0,"gold_gain":0,"player_choice":"Gave Idol","damage_taken":0,"relics_obtained":["Bloody Idol"],"max_hp_gain":0,"max_hp_loss":0,"event_name":"Forgotten Altar","floor":19,"relics_lost":["Golden Idol"],"gold_loss":0},{"damage_healed":0,"gold_gain":0,"player_choice":"1 cards matched","damage_taken":0,"max_hp_gain":0,"max_hp_loss":0,"event_name":"Match and Keep!","floor":36,"gold_loss":0,"cards_obtained":["Rage"]}],"is_beta":true,"boss_relics":[{"not_picked":["Lizard Tail","Snecko Eye"],"picked":"Runic Cube"},{"not_picked":["Orrery","Philosopher\u0027s Stone"],"picked":"Runic Dome"}],"items_purged_floors":[5,24],"is_endless":false,"potions_floor_spawned":[3,6,14,16,18,22,27,35,39],"killed_by":"Nemesis","ascension_level":5}