{"path_per_floor":["M","?","?","?","?","R","M","?","T","E","?","$","R","M","R","B",null,"M","?","?","?","M","R","M","?","T","M","$","R","$","M","R","B",null,"M","?","?","?","M","R","M","R","T","M","M","R","M","M","R"],"character_chosen":"THE_SILENT","items_purchased":["Master of Strategy","Poisoned Stab","Footwork"],"gold_per_floor":[115,115,65,65,65,65,80,80,150,194,369,8,8,27,27,150,150,174,74,74,74,87,87,106,0,0,20,20,20,20,43,43,174,174,189,254,0,0,23,23,46,46,46,62,77,77,92,113,113],"floor_reached":50,"campfire_rested":8,"playtime":3451,"current_hp_per_floor":[67,60,60,46,46,46,46,46,46,40,40,40,40,40,59,46,65,65,65,65,65,20,39,9,9,9,8,8,27,27,24,43,18,65,55,32,32,32,5,28,15,38,38,20,1,24,24,6,29],"items_purged":["Doubt"],"gold":113,"score":440,"play_id":"780f324a-a050-41bd-9b72-4ceeed20cfa5","is_prod":false,"is_daily":false,"is_ascension_mode":false,"campfire_upgraded":2,"path_taken":["M","?","?","?","?","R","?","?","T","E","?","$","R","?","R","BOSS","M","?","?","?","M","R","M","?","T","M","$","R","$","M","R","BOSS","M","?","?","?","M","R","M","R","T","M","?","R","M","M","R","BOSS"],"build_version":"2018-02-16-BETA2","purchased_purges":1,"victory":false,"master_deck":["Defend_G","Defend_G","Defend_G","Defend_G","Strike_G","Strike_G+1","Strike_G","Strike_G","Survivor","Neutralize+1","Noxious Fumes+1","Deadly Poison+1","Escape Plan","Master of Strategy","Poisoned Stab","Footwork+1","Night Terror","J.A.X.","Catalyst+1","Die Die Die","Dagger Spray+1","Acrobatics+1","Catalyst"],"max_hp_per_floor":[70,70,70,70,70,70,70,65,65,65,65,65,65,65,65,65,65,65,65,65,65,65,65,65,65,65,65,65,65,65,65,65,65,65,65,79,79,79,79,79,79,79,79,79,79,79,79,79,79],"relics":["Ring of the Snake","Thread and Needle","Ginger","Golden Idol","Bottled Flame","Frozen Egg 2","Black Star","Lantern","Philosopher\u0027s Stone","Mango","Red Mask","Torii"],"card_choices":[{"not_picked":["Poisoned Stab","Leg Sweep"],"picked":"Noxious Fumes"},{"not_picked":["Leg Sweep","Slice"],"picked":"Deadly Poison"},{"not_picked":["Unload","All Out Attack"],"picked":"Escape Plan"},{"not_picked":["Slice","Acrobatics"],"picked":"Terror"},{"not_picked":["Glass Knife","After Image"],"picked":"Night Terror"},{"not_picked":["Backflip","Flying Knee"],"picked":"Catalyst"},{"not_picked":["Tools of the Trade","Unload"],"picked":"Die Die Die"},{"not_picked":["Riddle With Holes","Outmaneuver"],"picked":"Dagger Spray"},{"not_picked":["Dagger Throw","Quick Slash"],"picked":"Acrobatics"},{"not_picked":["Cloak And Dagger","Eviscerate"],"picked":"Catalyst"}],"player_experience":75054,"potions_floor_usage":[16,24,24,33,33,39,48,50,50],"damage_taken":[{"damage":3,"enemies":"Cultist","floor":1,"turns":4},{"damage":0,"enemies":"Small Slimes","floor":7,"turns":3},{"damage":6,"enemies":"3 Sentries","floor":10,"turns":8},{"damage":0,"enemies":"2 Louse","floor":14,"turns":3},{"damage":13,"enemies":"Hexaghost","floor":16,"turns":8},{"damage":0,"enemies":"3 Byrds","floor":18,"turns":4},{"damage":45,"enemies":"2 Thieves","floor":22,"turns":4},{"damage":42,"enemies":"3 Cultists","floor":24,"turns":7},{"damage":1,"enemies":"Snecko","floor":27,"turns":5},{"damage":3,"enemies":"Snake Plant","floor":31,"turns":3},{"damage":40,"enemies":"Automaton","floor":33,"turns":7},{"damage":10,"enemies":"3 Shapes","floor":35,"turns":5},{"damage":37,"enemies":"Mysterious Sphere","floor":36,"turns":5},{"damage":27,"enemies":"3 Darklings","floor":39,"turns":5},{"damage":13,"enemies":"4 Shapes","floor":41,"turns":6},{"damage":18,"enemies":"Spire Growth","floor":44,"turns":3},{"damage":19,"enemies":"Flame Bruiser 2 Orb","floor":45,"turns":4},{"damage":0,"enemies":"Maw","floor":47,"turns":5},{"damage":18,"enemies":"4 Shapes","floor":48,"turns":8},{"damage":30,"enemies":"Awakened One","floor":50,"turns":2}],"event_choices":[{"event_name":"Scrap Ooze","player_choice":"success","floor":2,"damage_taken":7},{"event_name":"The Cleric","player_choice":"Card Removal","floor":3,"damage_taken":0},{"event_name":"Shining Light","player_choice":"Entered Light","floor":4,"damage_taken":0},{"event_name":"Living Wall","player_choice":"Forget","floor":5,"damage_taken":0},{"event_name":"Golden Idol","player_choice":"Lose Max HP","floor":8,"damage_taken":0},{"event_name":"Liars Game","player_choice":"agreed","floor":11,"damage_taken":0},{"event_name":"Drug Dealer","player_choice":"Got JAXXED","floor":19,"damage_taken":0},{"event_name":"Beggar","player_choice":"Ignored","floor":20,"damage_taken":0},{"event_name":"Purifier","player_choice":"One Purge","floor":21,"damage_taken":0},{"event_name":"Masked Bandits","player_choice":"Paid Bandits 106 gold","floor":25,"damage_taken":0},{"event_name":"Mysterious Sphere","player_choice":"Fight","floor":36,"damage_taken":0},{"event_name":"Tomb of Lord Red Mask","player_choice":"Paid","floor":37,"damage_taken":0}],"boss_relics":[{"not_picked":["Orrery","White Beast Statue"],"picked":"Black Star"},{"not_picked":["Snecko Eye","Lizard Tail"],"picked":"Philosopher\u0027s Stone"}],"potions_floor_spawned":[7,14,16,27,31,33,39,41,48],"seed_played":"7715478319163613094","killed_by":"Awakened One","ascension_level":0,"is_trial":false}