{"gold_per_floor":[12,12,31,48,48,73,73,86,166,166,200,211,226,241,241,339,339,357,83,98,98,198,198,227,247,316,316,327,356,356,367,367,463,463,475,475,529,549,561,561,592,228,251,262,262,282,292,0,0,0,0,0,0,25,25],"floor_reached":55,"playtime":8327,"items_purged":["Defend_R"],"score":979,"play_id":"745849b0-b9da-4e2c-9ee5-86ee1cd90cec","local_time":"20190516070429","is_ascension_mode":true,"campfire_choices":[{"data":"Pommel Strike","floor":7.0,"key":"SMITH"},{"data":"Combust","floor":10.0,"key":"SMITH"},{"data":"Seeing Red","floor":15.0,"key":"SMITH"},{"floor":23.0,"key":"REST"},{"data":"Body Slam","floor":32.0,"key":"SMITH"},{"data":"Bite","floor":40,"key":"SMITH"},{"floor":45,"key":"RECALL"},{"data":"Bash","floor":49,"key":"SMITH"},{"data":"Battle Trance","floor":52,"key":"SMITH"}],"neow_cost":"NO_GOLD","seed_source_timestamp":0,"circlet_count":0,"master_deck":["Defend_R","Bash+1","Shrug It Off","Iron Wave","Pommel Strike+1","Iron Wave","Combust+1","Shrug It Off","Armaments","Second Wind","Seeing Red+1","Immolate","Ghostly Armor+1","Body Slam+1","Body Slam+1","Bite","Bite","Bite","Bite","Bite+1","Battle Trance+1","Shrug It Off+1","Shrug It Off+1","Ghostly+1","Ghostly+1","Ghostly+1","Ghostly+1","Ghostly+1","Juggernaut+1","Combust+1","Warcry+1","Madness+1","Madness+1","Shrug It Off+1","Warcry+1","Secret Weapon+1","Warcry+1","Shrug It Off+1","Shrug It Off+1","Uppercut+1"],"special_seed":0,"relics":["Burning Blood","Gambling Chip","Runic Cube","Frozen Egg 2","Turnip","Mercury Hourglass","Toxic Egg 2","Kunai","Red Skull","Coffee Dripper","WingedGreaves","Sundial","Happy Flower","Red Mask","Gremlin Horn"],"potions_floor_usage":[41,41,50,54],"damage_taken":[{"damage":6.0,"enemies":"Cultist","floor":1.0,"turns":3.0},{"damage":2.0,"enemies":"2 Louse","floor":3.0,"turns":3.0},{"damage":4.0,"enemies":"Small Slimes","floor":4.0,"turns":3.0},{"damage":10.0,"enemies":"Gremlin Nob","floor":6.0,"turns":5.0},{"damage":0.0,"enemies":"2 Fungi Beasts","floor":8.0,"turns":3.0},{"damage":30.0,"enemies":"Lagavulin","floor":11.0,"turns":5.0},{"damage":4.0,"enemies":"Exordium Wildlife","floor":12.0,"turns":3.0},{"damage":9.0,"enemies":"3 Louse","floor":13.0,"turns":2.0},{"damage":8.0,"enemies":"Exordium Thugs","floor":14.0,"turns":4.0},{"damage":6.0,"enemies":"Slime Boss","floor":16.0,"turns":6.0},{"damage":22.0,"enemies":"Spheric Guardian","floor":18.0,"turns":4.0},{"damage":23.0,"enemies":"Shell Parasite","floor":20.0,"turns":7.0},{"damage":10.0,"enemies":"Colosseum Slavers","floor":22.0,"turns":4.0},{"damage":28.0,"enemies":"Colosseum Nobs","floor":22.0,"turns":5.0},{"damage":11.0,"enemies":"Slavers","floor":24.0,"turns":5.0},{"damage":7.0,"enemies":"Centurion and Healer","floor":25.0,"turns":3.0},{"damage":4.0,"enemies":"Chosen and Byrds","floor":28.0,"turns":5.0},{"damage":5.0,"enemies":"Gremlin Leader","floor":29.0,"turns":5.0},{"damage":7.0,"enemies":"Snecko","floor":31.0,"turns":4.0},{"damage":47.0,"enemies":"Champ","floor":33.0,"turns":14.0},{"damage":2,"enemies":"3 Shapes","floor":35,"turns":1},{"damage":12,"enemies":"2 Orb Walkers","floor":37,"turns":4},{"damage":7,"enemies":"3 Darklings","floor":38,"turns":2},{"damage":14,"enemies":"Sphere and 2 Shapes","floor":39,"turns":3},{"damage":55,"enemies":"Giant Head","floor":41,"turns":9},{"damage":22,"enemies":"Spire Growth","floor":44,"turns":5},{"damage":10,"enemies":"Maw","floor":46,"turns":7},{"damage":5,"enemies":"Transient","floor":47,"turns":5},{"damage":25,"enemies":"Awakened One","floor":50,"turns":11},{"damage":11,"enemies":"Shield and Spear","floor":54,"turns":6},{"damage":55,"enemies":"The Heart","floor":55,"turns":8}],"seed_played":"6699858627778376367","potions_obtained":[{"floor":6.0,"key":"GamblersBrew"},{"floor":8.0,"key":"Energy Potion"},{"floor":11.0,"key":"PowerPotion"},{"floor":16.0,"key":"Energy Potion"},{"floor":18.0,"key":"Energy Potion"},{"floor":20.0,"key":"Fire Potion"},{"floor":22.0,"key":"SneckoOil"},{"floor":31.0,"key":"Explosive Potion"},{"floor":33.0,"key":"GamblersBrew"},{"floor":37,"key":"Regen Potion"},{"floor":38,"key":"Explosive Potion"},{"floor":44,"key":"AttackPotion"}],"is_trial":false,"path_per_floor":["M","?","M","M","$","E","R","M","T","R","E","M","M","M","R","B",null,"M","$","M","?","?","R","E","M","T","?","M","E","?","M","R","B",null,"M","?","?","M","M","R","E","$","T","M","R","M","M","?","R","B",null,"R","$","E","B"],"character_chosen":"IRONCLAD","items_purchased":["Frozen Egg 2","Body Slam","Secret Weapon+1","Warcry+1","Shrug It Off+1"],"campfire_rested":1,"item_purchase_floors":[19,19,42,42,42],"current_hp_per_floor":[80,80,80,80,80,76,76,80,80,80,56,60,59,59,59,61,80,64,64,49,49,43,67,71,72,72,40,40,40,40,40,40,16,40,40,35,39,40,32,32,13,13,13,17,17,26,40,40,40,39,40,40,40,40,0],"gold":25,"neow_bonus":"REMOVE_TWO","is_prod":false,"is_daily":false,"chose_seed":false,"campfire_upgraded":7,"win_rate":0,"timestamp":1557983069,"path_taken":["M","?","M","M","?","E","R","M","T","R","E","M","M","M","R","BOSS","M","$","M","?","?","R","E","M","T","?","M","E","?","M","R","BOSS","M","?","?","M","M","R","E","$","T","M","R","?","M","?","R","BOSS","R","$","E","BOSS"],"build_version":"2019-01-23","purchased_purges":1,"victory":false,"max_hp_per_floor":[80,80,80,80,80,80,80,80,80,80,80,80,80,80,80,80,80,80,80,80,80,80,80,80,80,80,40,40,40,40,40,40,40,40,40,40,40,40,40,40,40,40,40,40,40,40,40,40,40,40,40,40,40,40,40],"card_choices":[{"not_picked":["Body Slam","Clash"],"picked":"Shrug It Off","floor":1.0},{"not_picked":["Clash","Sword Boomerang"],"picked":"Iron Wave","floor":3.0},{"not_picked":["Searing Blow","Disarm"],"picked":"Pommel Strike","floor":4.0},{"not_picked":["Clothesline","Immolate"],"picked":"Iron Wave","floor":6.0},{"not_picked":["Cleave","Disarm"],"picked":"Combust","floor":8.0},{"not_picked":["Dropkick","Rampage"],"picked":"Shrug It Off","floor":11.0},{"not_picked":["Sword Boomerang","Clothesline"],"picked":"Armaments","floor":12.0},{"not_picked":["Sever Soul","Shockwave"],"picked":"Second Wind","floor":13.0},{"not_picked":["Sentinel","Clothesline"],"picked":"Seeing Red","floor":14.0},{"not_picked":["Dark Embrace","Bludgeon"],"picked":"Immolate","floor":16.0},{"not_picked":["Sword Boomerang","Anger"],"picked":"Ghostly Armor+1","floor":18.0},{"not_picked":["Rupture+1","Dual Wield+1"],"picked":"Body Slam+1","floor":20.0},{"not_picked":["Searing Blow","Spot Weakness+1"],"picked":"Battle Trance","floor":22.0},{"not_picked":["Fire Breathing+1","Rage"],"picked":"Shrug It Off","floor":24.0},{"not_picked":["Pummel","Rage+1"],"picked":"Shrug It Off+1","floor":25.0},{"not_picked":["Warcry+1","Ghostly Armor+1"],"picked":"Juggernaut+1","floor":28.0},{"not_picked":["Armaments+1","Heavy Blade","Sword Boomerang+1"],"picked":"SKIP","floor":29.0},{"not_picked":["Sword Boomerang","Sentinel+1","Thunderclap+1"],"picked":"SKIP","floor":31.0},{"not_picked":["Clothesline","Reckless Charge"],"picked":"Warcry+1","floor":35},{"not_picked":["Flex+1","Inflame+1"],"picked":"Shrug It Off+1","floor":38},{"not_picked":["Clothesline","Clash","Pummel"],"picked":"SKIP","floor":39},{"not_picked":["Headbutt+1","Berserk+1"],"picked":"Warcry+1","floor":41},{"not_picked":["Reckless Charge","Perfected Strike+1"],"picked":"Shrug It Off+1","floor":44},{"not_picked":["Entrench+1","True Grit+1","Shrug It Off+1"],"picked":"SKIP","floor":46},{"not_picked":["Perfected Strike+1","Double Tap+1"],"picked":"Uppercut+1","floor":47},{"not_picked":["Searing Blow","Reaper","Sever Soul"],"picked":"SKIP","floor":54}],"player_experience":91112,"relics_obtained":[{"floor":6.0,"key":"Gambling Chip"},{"floor":11.0,"key":"Blood Vial"},{"floor":22.0,"key":"Turnip"},{"floor":22.0,"key":"Mercury Hourglass"},{"floor":24.0,"key":"Toxic Egg 2"},{"floor":26.0,"key":"Kunai"},{"floor":29.0,"key":"Red Skull"},{"floor":37,"key":"WingedGreaves"},{"floor":41,"key":"Sundial"},{"floor":43,"key":"Happy Flower"},{"floor":54,"key":"Gremlin Horn"}],"event_choices":[{"cards_removed":["Strike_R"],"damage_healed":0.0,"max_hp_gain":0.0,"max_hp_loss":0.0,"gold_gain":0.0,"event_name":"Bonfire Elementals","player_choice":"Offered Basic","floor":2.0,"gold_loss":0.0,"damage_taken":0.0},{"damage_healed":0.0,"max_hp_gain":0.0,"max_hp_loss":0.0,"gold_gain":0.0,"event_name":"Vampires","player_choice":"Became a vampire (Vial)","floor":21.0,"relics_lost":["Blood Vial"],"gold_loss":0.0,"damage_taken":0.0,"cards_obtained":["Bite","Bite","Bite","Bite","Bite"]},{"damage_healed":0.0,"max_hp_gain":0.0,"max_hp_loss":0.0,"gold_gain":0.0,"event_name":"Colosseum","player_choice":"Fight","floor":22.0,"gold_loss":0.0,"damage_taken":0.0},{"damage_healed":0.0,"max_hp_gain":0.0,"max_hp_loss":0.0,"gold_gain":0.0,"event_name":"Colosseum","player_choice":"Fought Nobs","floor":22.0,"gold_loss":0.0,"damage_taken":0.0},{"damage_healed":0.0,"max_hp_gain":0.0,"max_hp_loss":40.0,"gold_gain":0.0,"event_name":"Ghosts","player_choice":"Became a Ghost","floor":27.0,"gold_loss":0.0,"damage_taken":0.0,"cards_obtained":["Ghostly","Ghostly","Ghostly","Ghostly","Ghostly"]},{"damage_healed":0.0,"max_hp_gain":0.0,"max_hp_loss":0.0,"gold_gain":0.0,"event_name":"The Library","player_choice":"Read","floor":30.0,"gold_loss":0.0,"damage_taken":0.0,"cards_obtained":["Combust"]},{"damage_healed":0,"gold_gain":0,"player_choice":"Embrace Madness","damage_taken":5,"max_hp_gain":0,"max_hp_loss":0,"event_name":"Winding Halls","floor":36,"gold_loss":0,"cards_obtained":["Madness","Madness"]},{"damage_healed":0,"gold_gain":0,"player_choice":"Fight","damage_taken":0,"max_hp_gain":0,"max_hp_loss":0,"event_name":"Mysterious Sphere","floor":37,"gold_loss":0},{"damage_healed":0,"gold_gain":0,"player_choice":"Paid","damage_taken":0,"relics_obtained":["Red Mask"],"max_hp_gain":0,"max_hp_loss":0,"event_name":"Tomb of Lord Red Mask","floor":48,"gold_loss":292}],"is_beta":false,"boss_relics":[{"not_picked":["Fusion Hammer","Lizard Tail"],"picked":"Runic Cube"},{"not_picked":["White Beast Statue","Snecko Eye"],"picked":"Coffee Dripper"}],"items_purged_floors":[42],"is_endless":false,"potions_floor_spawned":[6,8,11,13,16,18,20,22,31,33,37,38,44],"killed_by":"The Heart","ascension_level":2}