{"path_per_floor":["M","?","?","M","M","R","E","M","T","R","?","$","R","T","R","B",null,"M","M","M","M","$","R","?","R","T","?","E","M","E","?","R"],"character_chosen":"THE_SILENT","items_purchased":["Adrenaline","Envenom"],"gold_per_floor":[115,190,140,151,170,170,201,215,215,215,390,5,5,60,60,159,159,176,190,202,213,113,113,113,113,113,313,346,363,389,314,314],"floor_reached":33,"campfire_rested":3,"playtime":1946,"current_hp_per_floor":[67,56,56,56,49,49,32,30,30,30,30,30,30,30,51,43,78,73,68,63,42,42,42,42,66,66,66,42,26,16,16,41],"items_purged":["Doubt","Defend_G"],"gold":314,"score":283,"play_id":"bcf8e221-a0a2-4951-9ff7-b655745c871b","is_prod":false,"is_daily":false,"is_ascension_mode":false,"campfire_upgraded":4,"path_taken":["M","?","?","?","M","R","E","M","T","R","?","$","R","?","R","BOSS","M","?","M","M","$","R","?","R","T","?","E","M","E","?","R","BOSS"],"build_version":"2018-02-16-BETA2","purchased_purges":2,"victory":false,"master_deck":["Defend_G","Defend_G","Defend_G","Defend_G","Strike_G","Strike_G","Survivor","Neutralize+1","Poisoned Stab","Bouncing Flask+1","Outmaneuver","Deadly Poison+1","Adrenaline","Envenom+1","Deadly Poison","Finisher","Noxious Fumes+1","Backstab+1","Infinite Blades","Deadly Poison"],"max_hp_per_floor":[70,70,70,70,70,70,70,70,70,70,70,70,70,70,70,72,78,78,78,80,80,80,80,80,80,80,80,82,82,84,84,84],"relics":["Ring of the Snake","Orichalcum","Ninja Scroll","Singing Bowl","Orrery","Kunai","Lantern","Tough Bandages"],"card_choices":[{"not_picked":["PiercingWail","Quick Slash"],"picked":"Poisoned Stab"},{"not_picked":["Dash","Quick Slash"],"picked":"Bouncing Flask"},{"not_picked":["Quick Slash","A Thousand Cuts"],"picked":"Outmaneuver"},{"not_picked":["Terror","Reflex"],"picked":"Deadly Poison"},{"not_picked":["Sucker Punch","Backflip"],"picked":"Deadly Poison"},{"not_picked":["Quick Slash","Choke"],"picked":"Finisher"},{"not_picked":["Acrobatics","Slice"],"picked":"Noxious Fumes"},{"not_picked":["Dagger Throw","Sucker Punch"],"picked":"Backstab"},{"not_picked":["Reflex","Backstab"],"picked":"Infinite Blades"},{"not_picked":["Sucker Punch","Finisher"],"picked":"Deadly Poison"}],"player_experience":84505,"potions_floor_usage":[21,29,33],"damage_taken":[{"damage":3,"enemies":"Jaw Worm","floor":1,"turns":6},{"damage":0,"enemies":"2 Louse","floor":4,"turns":3},{"damage":7,"enemies":"Small Slimes","floor":5,"turns":3},{"damage":17,"enemies":"Gremlin Nob","floor":7,"turns":4},{"damage":2,"enemies":"Looter","floor":8,"turns":3},{"damage":10,"enemies":"Hexaghost","floor":16,"turns":7},{"damage":5,"enemies":"Chosen","floor":18,"turns":3},{"damage":5,"enemies":"Shell Parasite","floor":19,"turns":4},{"damage":7,"enemies":"Centurion and Healer","floor":20,"turns":6},{"damage":21,"enemies":"Cultist and Chosen","floor":21,"turns":5},{"damage":26,"enemies":"Slavers","floor":28,"turns":6},{"damage":16,"enemies":"Slaver and Parasite","floor":29,"turns":3},{"damage":12,"enemies":"Book of Stabbing","floor":30,"turns":4},{"damage":44,"enemies":"Collector","floor":33,"turns":5}],"event_choices":[{"event_name":"World of Goop","player_choice":"Gather Gold","floor":2,"damage_taken":0},{"event_name":"The Cleric","player_choice":"Card Removal","floor":3,"damage_taken":0},{"event_name":"Liars Game","player_choice":"agreed","floor":11,"damage_taken":0},{"event_name":"Bonfire Elementals","player_choice":"BASIC","floor":24,"damage_taken":0},{"event_name":"The Joust","player_choice":"Bet on Owner","floor":27,"damage_taken":0},{"event_name":"Beggar","player_choice":"Gave Gold","floor":31,"damage_taken":0}],"boss_relics":[{"not_picked":["Philosopher\u0027s Stone","Ectoplasm"],"picked":"Orrery"}],"potions_floor_spawned":[4,5,8,19,20,29],"seed_played":"-8631951452156051740","killed_by":"Collector","ascension_level":0,"is_trial":false}