{"gold_per_floor":[118,118,137,137,153,184,149,163,190,77,91,106,106,140,140,270,270,295,320,235,235,259,297,321,321,345,9,9,30,30,30,30,30],"floor_reached":33,"playtime":1282,"items_purged":["Strike_B"],"score":277,"play_id":"f7a9cd1b-c864-4a54-bae3-eb3928a90f49","local_time":"20190522140405","is_ascension_mode":false,"campfire_choices":[{"floor":13.0,"key":"REST"},{"floor":15.0,"key":"REST"},{"floor":25,"key":"REST"},{"data":"Buffer","floor":28,"key":"SMITH"},{"data":"Loop","floor":30,"key":"SMITH"},{"data":"Defragment","floor":32,"key":"SMITH"}],"neow_cost":"NONE","seed_source_timestamp":0,"circlet_count":0,"master_deck":["Strike_B","Strike_B","Strike_B","Defend_B+1","Defend_B","Defend_B","Defend_B","Zap","Dualcast+1","Ball Lightning","Defragment+1","Leap","Hologram","Coolheaded","Storm","Defragment","Cold Snap","Self Repair","Buffer+1","Defragment","Loop+1","Compile Driver"],"special_seed":0,"relics":["Cracked Core","Bloody Idol","Lantern","Potion Belt","Bag of Preparation","Busted Crown","Pen Nib","WingedGreaves","Question Card","Bag of Marbles","Gremlin Horn"],"potions_floor_usage":[23,23,33,33],"damage_taken":[{"damage":0.0,"enemies":"Small Slimes","floor":1.0,"turns":2.0},{"damage":6.0,"enemies":"Jaw Worm","floor":3.0,"turns":2.0},{"damage":7.0,"enemies":"2 Louse","floor":5.0,"turns":3.0},{"damage":19.0,"enemies":"3 Sentries","floor":6.0,"turns":10.0},{"damage":0.0,"enemies":"Looter","floor":8.0,"turns":3.0},{"damage":5.0,"enemies":"3 Louse","floor":11.0,"turns":4.0},{"damage":17.0,"enemies":"Exordium Thugs","floor":12.0,"turns":4.0},{"damage":14.0,"enemies":"Gremlin Nob","floor":14.0,"turns":4.0},{"damage":17.0,"enemies":"Slime Boss","floor":16.0,"turns":10.0},{"damage":0.0,"enemies":"Spheric Guardian","floor":18.0,"turns":3.0},{"damage":6.0,"enemies":"Shell Parasite","floor":19.0,"turns":5.0},{"damage":11.0,"enemies":"Sentry and Sphere","floor":22.0,"turns":6.0},{"damage":39,"enemies":"Gremlin Leader","floor":23,"turns":9},{"damage":24,"enemies":"3 Cultists","floor":24,"turns":5},{"damage":19,"enemies":"Shelled Parasite and Fungi","floor":29,"turns":4},{"damage":43,"enemies":"Collector","floor":33,"turns":7}],"seed_played":"-5534744343500206602","potions_obtained":[{"floor":1.0,"key":"Dexterity Potion"},{"floor":3.0,"key":"SkillPotion"},{"floor":12.0,"key":"Regen Potion"},{"floor":14.0,"key":"Weak Potion"},{"floor":16.0,"key":"Dexterity Potion"},{"floor":19.0,"key":"Fire Potion"},{"floor":24,"key":"Ancient Potion"}],"is_trial":false,"path_per_floor":["M","?","M","?","M","E","?","M","T","$","M","M","R","E","R","B",null,"M","M","?","?","M","E","M","R","T","$","R","M","R","?","R","B"],"character_chosen":"DEFECT","items_purchased":["Defragment","Gremlin Horn","Loop","Compile Driver"],"campfire_rested":3,"item_purchase_floors":[10,27,27,27],"current_hp_per_floor":[75,60,54,54,47,28,45,45,45,45,40,23,43,29,49,39,69,69,69,69,69,65,33,16,36,36,36,36,24,24,24,24,0],"gold":30,"neow_bonus":"THREE_CARDS","is_prod":false,"is_daily":false,"chose_seed":false,"campfire_upgraded":3,"win_rate":0.0,"timestamp":1558551845,"path_taken":["M","?","M","?","M","E","?","M","T","$","M","M","R","E","R","BOSS","M","M","?","?","M","E","M","R","T","$","R","M","R","?","R","BOSS"],"build_version":"2019-01-23","purchased_purges":1,"victory":false,"max_hp_per_floor":[75,75,75,69,69,69,69,69,69,69,69,69,69,69,69,69,69,69,69,69,69,69,69,69,69,69,69,69,69,69,69,69,69],"card_choices":[{"not_picked":["Streamline","Barrage"],"picked":"Ball Lightning","floor":0.0},{"not_picked":["Streamline","Compile Driver"],"picked":"Defragment","floor":1.0},{"not_picked":["Barrage","Compile Driver"],"picked":"Leap","floor":3.0},{"not_picked":["Beam Cell","Compile Driver"],"picked":"Hologram","floor":5.0},{"not_picked":["Barrage","Reinforced Body"],"picked":"Coolheaded","floor":6.0},{"not_picked":["Defragment","Lockon"],"picked":"Storm","floor":8.0},{"not_picked":["Rip and Tear","Gash","Beam Cell"],"picked":"SKIP","floor":11.0},{"not_picked":["Barrage","Streamline"],"picked":"Cold Snap","floor":12.0},{"not_picked":["Chill","Hologram"],"picked":"Self Repair","floor":14.0},{"not_picked":["Seek","Fission"],"picked":"Buffer","floor":16.0},{"not_picked":["Redo"],"picked":"SKIP","floor":18.0},{"not_picked":["Gash+1"],"picked":"SKIP","floor":19.0},{"not_picked":["Redo"],"picked":"SKIP","floor":22.0},{"not_picked":["Genetic Algorithm"],"picked":"SKIP","floor":23},{"not_picked":["Cold Snap"],"picked":"Defragment","floor":24},{"not_picked":["Consume","Compile Driver"],"picked":"SKIP","floor":29}],"player_experience":28250,"relics_obtained":[{"floor":6.0,"key":"Lantern"},{"floor":9.0,"key":"Potion Belt"},{"floor":14.0,"key":"Bag of Preparation"},{"floor":23,"key":"Question Card"},{"floor":26,"key":"Bag of Marbles"}],"event_choices":[{"damage_healed":0.0,"max_hp_gain":0.0,"max_hp_loss":0.0,"gold_gain":0.0,"event_name":"Shining Light","player_choice":"Entered Light","floor":2.0,"gold_loss":0.0,"damage_taken":15.0,"cards_upgraded":["Defend_B","Dualcast"]},{"damage_healed":0.0,"max_hp_gain":0.0,"max_hp_loss":6.0,"gold_gain":0.0,"event_name":"Golden Idol","player_choice":"Lose Max HP","floor":4.0,"gold_loss":0.0,"damage_taken":0.0,"relics_obtained":["Golden Idol"]},{"damage_healed":17.0,"max_hp_gain":0.0,"max_hp_loss":0.0,"gold_gain":0.0,"event_name":"The Cleric","player_choice":"Healed","floor":7.0,"gold_loss":35.0,"damage_taken":0.0},{"damage_healed":0.0,"max_hp_gain":0.0,"max_hp_loss":0.0,"gold_gain":0.0,"event_name":"Addict","player_choice":"Obtained Relic","floor":20.0,"gold_loss":85.0,"damage_taken":0.0,"relics_obtained":["Pen Nib"]},{"damage_healed":0.0,"max_hp_gain":0.0,"max_hp_loss":0.0,"gold_gain":0.0,"event_name":"The Mausoleum","player_choice":"Opened","floor":21.0,"gold_loss":0.0,"damage_taken":0.0,"relics_obtained":["WingedGreaves"]},{"damage_healed":0,"gold_gain":0,"player_choice":"Gave Idol","damage_taken":0,"relics_obtained":["Bloody Idol"],"max_hp_gain":0,"max_hp_loss":0,"event_name":"Forgotten Altar","floor":31,"relics_lost":["Golden Idol"],"gold_loss":0}],"is_beta":false,"boss_relics":[{"not_picked":["Runic Dome","Nuclear Battery"],"picked":"Busted Crown"}],"items_purged_floors":[10],"is_endless":false,"potions_floor_spawned":[1,3,12,14,16,19,24],"killed_by":"Collector","ascension_level":0}