{"gold_per_floor":[117,131,131,206,227,227,262,262,288,328,62,62,62,106,106,237,237,262,462,483,483,383,383,395,395,395,413,122,157,256,270,270,371,371,384,399,399,418,418,443,443,461,514,514],"floor_reached":44,"playtime":1326,"items_purged":["Strike_B","Strike_B"],"score":575,"play_id":"e587b292-9520-4262-afc0-167c72cb458a","local_time":"20190504165315","is_ascension_mode":true,"campfire_choices":[{"data":"Zap","floor":6,"key":"SMITH"},{"data":"Sweeping Beam","floor":8,"key":"SMITH"},{"data":"Compile Driver","floor":12,"key":"SMITH"},{"floor":15,"key":"REST"},{"data":"Electrodynamics","floor":23,"key":"SMITH"},{"data":"Conserve Battery","floor":25,"key":"SMITH"},{"data":"White Noise","floor":32,"key":"SMITH"},{"floor":41,"key":"REST"}],"neow_cost":"NONE","seed_source_timestamp":43909078335732,"circlet_count":0,"master_deck":["Strike_B","Strike_B","Defend_B","Defend_B","Defend_B","Defend_B","Zap+1","Dualcast","Doom and Gloom","Conserve Battery+1","Compile Driver+1","Sweeping Beam+1","Ball Lightning","Electrodynamics+1","White Noise+1","Core Surge","Darkness","Auto Shields+1","Core Surge","Loop+1","Coolheaded","Undo","Coolheaded+1","Writhe"],"relics":["Cracked Core","Bloody Idol","Strawberry","Happy Flower","MawBank","Sling","Cables","Oddly Smooth Stone","Cursed Key","PreservedInsect","Matryoshka","Black Star","Blood Vial","Dream Catcher","Vajra"],"potions_floor_usage":[20,24,27,33,38,42],"damage_taken":[{"damage":0,"enemies":"2 Louse","floor":1,"turns":2},{"damage":0,"enemies":"Small Slimes","floor":2,"turns":2},{"damage":10,"enemies":"Jaw Worm","floor":5,"turns":4},{"damage":6,"enemies":"Lagavulin","floor":7,"turns":5},{"damage":8,"enemies":"Gremlin Nob","floor":10,"turns":3},{"damage":9,"enemies":"3 Sentries","floor":14,"turns":3},{"damage":17,"enemies":"Slime Boss","floor":16,"turns":4},{"damage":0,"enemies":"Chosen","floor":18,"turns":4},{"damage":11,"enemies":"2 Thieves","floor":20,"turns":2},{"damage":0,"enemies":"Cultist and Chosen","floor":24,"turns":3},{"damage":2,"enemies":"Centurion and Healer","floor":27,"turns":2},{"damage":16,"enemies":"Gremlin Leader","floor":29,"turns":3},{"damage":18,"enemies":"Snake Plant","floor":31,"turns":3},{"damage":0,"enemies":"Automaton","floor":33,"turns":6},{"damage":0,"enemies":"3 Shapes","floor":35,"turns":4},{"damage":18,"enemies":"3 Darklings","floor":36,"turns":3},{"damage":10,"enemies":"Transient","floor":38,"turns":5},{"damage":26,"enemies":"Reptomancer","floor":40,"turns":6},{"damage":34,"enemies":"Spire Growth","floor":42,"turns":5},{"damage":57,"enemies":"Giant Head","floor":44,"turns":7}],"seed_played":"-1319535748924766042","potions_obtained":[{"floor":1,"key":"SteroidPotion"},{"floor":2,"key":"Strength Potion"},{"floor":7,"key":"Weak Potion"},{"floor":20,"key":"Ancient Potion"},{"floor":24,"key":"FearPotion"},{"floor":31,"key":"PowerPotion"},{"floor":38,"key":"Swift Potion"}],"is_trial":false,"path_per_floor":["M","M","?","?","M","R","E","R","T","E","$","R","T","E","R","B",null,"M","?","M","?","$","R","M","R","T","M","$","E","?","M","R","B",null,"M","M","?","M","?","E","R","M","T","E"],"character_chosen":"DEFECT","items_purchased":["Sling","PreservedInsect","Core Surge"],"campfire_rested":2,"item_purchase_floors":[11,28,28],"current_hp_per_floor":[82,82,76,65,55,55,56,56,56,48,48,48,48,39,63,46,83,83,83,72,72,72,72,77,77,77,80,80,69,74,61,61,66,83,83,70,70,65,65,44,67,40,45,0],"gold":514,"neow_bonus":"TEN_PERCENT_HP_BONUS","is_prod":false,"is_daily":false,"chose_seed":false,"campfire_upgraded":6,"win_rate":0,"timestamp":1557003195,"path_taken":["M","M","?","?","M","R","E","R","T","E","?","R","?","E","R","BOSS","M","?","?","?","$","R","M","R","T","M","?","E","?","M","R","BOSS","M","M","?","M","?","E","R","?","T","E"],"build_version":"2019-04-23","purchased_purges":2,"victory":false,"max_hp_per_floor":[82,82,76,76,76,76,83,83,83,83,83,83,83,83,83,83,83,83,83,83,83,83,83,83,83,83,83,83,83,83,83,83,83,83,83,83,79,79,79,79,79,79,79,79],"card_choices":[{"not_picked":["Hello World","Tempest"],"picked":"Doom and Gloom","floor":1},{"not_picked":["Beam Cell","Heatsinks"],"picked":"Conserve Battery","floor":2},{"not_picked":["Beam Cell","Turbo"],"picked":"Compile Driver","floor":5},{"not_picked":["Barrage","Steam"],"picked":"Sweeping Beam","floor":7},{"not_picked":["Barrage","Hello World","Static Discharge"],"picked":"SKIP","floor":10},{"not_picked":["Gash","Hello World"],"picked":"Ball Lightning","floor":14},{"not_picked":["Core Surge","Machine Learning"],"picked":"Electrodynamics","floor":16},{"not_picked":["Rebound","Aggregate","Double Energy"],"picked":"SKIP","floor":18},{"not_picked":["Go for the Eyes","Turbo","Barrage"],"picked":"SKIP","floor":20},{"not_picked":["Rebound","Beam Cell+1","Redo+1"],"picked":"SKIP","floor":24},{"not_picked":["Melter+1","Double Energy"],"picked":"White Noise","floor":27},{"not_picked":["Steam","Scrape"],"picked":"Darkness","floor":29},{"not_picked":["Streamline","Gash+1"],"picked":"Auto Shields+1","floor":31},{"not_picked":["Thunder Strike","Reboot"],"picked":"Core Surge","floor":33},{"not_picked":["Conserve Battery+1","Doom and Gloom+1"],"picked":"Loop+1","floor":35},{"not_picked":["FTL+1","Ball Lightning+1","Turbo"],"picked":"SKIP","floor":36},{"not_picked":["Redo+1","Conserve Battery","Fusion"],"picked":"SKIP","floor":38},{"not_picked":["Barrage","Reprogram+1"],"picked":"Coolheaded","floor":40},{"not_picked":["Hologram","Streamline"],"picked":"Undo","floor":41},{"not_picked":["Barrage+1","Creative AI"],"picked":"Coolheaded+1","floor":42}],"player_experience":1390304,"relics_obtained":[{"floor":7,"key":"Strawberry"},{"floor":9,"key":"Happy Flower"},{"floor":10,"key":"MawBank"},{"floor":13,"key":"Cables"},{"floor":14,"key":"Oddly Smooth Stone"},{"floor":29,"key":"Matryoshka"},{"floor":40,"key":"Blood Vial"},{"floor":40,"key":"Dream Catcher"},{"floor":43,"key":"Vajra"}],"event_choices":[{"damage_healed":0,"gold_gain":0,"player_choice":"Lose Max HP","damage_taken":0,"relics_obtained":["Golden Idol"],"max_hp_gain":0,"max_hp_loss":6,"event_name":"Golden Idol","floor":3,"gold_loss":0},{"damage_healed":0,"gold_gain":75,"player_choice":"Gather Gold","damage_taken":11,"max_hp_gain":0,"max_hp_loss":0,"event_name":"World of Goop","floor":4,"gold_loss":0},{"damage_healed":0,"gold_gain":200,"player_choice":"Gold","damage_taken":0,"max_hp_gain":0,"max_hp_loss":0,"event_name":"Wheel of Change","floor":19,"gold_loss":0},{"damage_healed":0,"gold_gain":0,"player_choice":"Gave Idol","damage_taken":0,"relics_obtained":["Bloody Idol"],"max_hp_gain":0,"max_hp_loss":0,"event_name":"Forgotten Altar","floor":21,"relics_lost":["Golden Idol"],"gold_loss":0},{"damage_healed":0,"gold_gain":99,"player_choice":"Stole From Cult","damage_taken":0,"max_hp_gain":0,"max_hp_loss":0,"event_name":"Nest","floor":30,"gold_loss":0},{"damage_healed":0,"gold_gain":0,"player_choice":"Max HP","damage_taken":0,"max_hp_gain":0,"max_hp_loss":4,"event_name":"Winding Halls","floor":37,"gold_loss":0},{"damage_healed":0,"gold_gain":0,"player_choice":"Ignored","damage_taken":0,"max_hp_gain":0,"max_hp_loss":0,"event_name":"SecretPortal","floor":39,"gold_loss":0}],"is_beta":true,"boss_relics":[{"not_picked":["Lizard Tail","Eternal Feather"],"picked":"Cursed Key"},{"not_picked":["Coffee Dripper","White Beast Statue"],"picked":"Black Star"}],"items_purged_floors":[11,22],"is_endless":false,"potions_floor_spawned":[1,2,7,20,24,31,38],"killed_by":"Giant Head","ascension_level":1}