{"gold_per_floor":[112,125,125,50,50,85,97,110,110,143,143,159,174,25,25,102,102,115,115,133,8,28,28,40,40,65,97,124,153,193,225,237,328,340,368,397,409,434,558,570,223,223,246,246,4,31,31,61,61,61],"floor_reached":51,"playtime":2337,"items_purged":["Regret","Strike_B","Pain","Parasite","Strike_B"],"score":1204,"play_id":"12561eb7-f4cd-4b73-9a72-68ee5cb72a75","local_time":"20190421205512","is_ascension_mode":true,"campfire_choices":[{"floor":11.0,"key":"DIG"},{"floor":15.0,"key":"DIG"},{"floor":23.0,"key":"DIG"},{"floor":25.0,"key":"DIG"},{"floor":32.0,"key":"REST"},{"floor":40.0,"key":"DIG"},{"floor":42.0,"key":"DIG"},{"floor":47.0,"key":"REST"},{"floor":49,"key":"REST"}],"neow_cost":"NONE","seed_source_timestamp":1990019834005182,"circlet_count":0,"master_deck":["AscendersBane","Strike_B","Defend_B","Defend_B","Defend_B","Defend_B","Zap","Dualcast","Gash","Steam","Go for the Eyes","Gash","Turbo","Genetic Algorithm+1","Gash","Leap+1","Reboot+1","Gash","Machine Learning","Streamline","Loop","Gash","Gash","Reboot+1","Leap+1","Biased Cognition","Hologram+1","Glacier+1","Gash"],"special_seed":0,"relics":["FrozenCore","NeowsBlessing","Symbiotic Virus","Mango","Shovel","Meat on the Bone","Toxic Egg 2","Sundial","WarpedTongs","Bronze Scales","Ancient Tea Set","MawBank","Kunai","Calling Bell","Boot","Cables","StoneCalendar","Incense Burner","Mummified Hand","Anchor","Potion Belt","PreservedInsect","DataDisk","Blood Vial"],"potions_floor_usage":[50,50],"damage_taken":[{"damage":0.0,"enemies":"Cultist","floor":1.0,"turns":1.0},{"damage":0.0,"enemies":"Jaw Worm","floor":2.0,"turns":1.0},{"damage":0.0,"enemies":"Gremlin Nob","floor":6.0,"turns":1.0},{"damage":3.0,"enemies":"2 Louse","floor":7.0,"turns":3.0},{"damage":14.0,"enemies":"Lots of Slimes","floor":8.0,"turns":4.0},{"damage":25.0,"enemies":"Lagavulin","floor":10.0,"turns":6.0},{"damage":9.0,"enemies":"Large Slime","floor":12.0,"turns":6.0},{"damage":2.0,"enemies":"2 Fungi Beasts","floor":13.0,"turns":4.0},{"damage":48.0,"enemies":"The Guardian","floor":16.0,"turns":10.0},{"damage":0.0,"enemies":"3 Byrds","floor":18.0,"turns":6.0},{"damage":9.0,"enemies":"Shell Parasite","floor":20.0,"turns":6.0},{"damage":13.0,"enemies":"Snake Plant","floor":22.0,"turns":4.0},{"damage":0.0,"enemies":"Centurion and Healer","floor":24.0,"turns":5.0},{"damage":18.0,"enemies":"Shelled Parasite and Fungi","floor":27.0,"turns":6.0},{"damage":15.0,"enemies":"Snecko","floor":28.0,"turns":6.0},{"damage":0.0,"enemies":"Centurion and Healer","floor":29.0,"turns":7.0},{"damage":42.0,"enemies":"Gremlin Leader","floor":30.0,"turns":6.0},{"damage":1.0,"enemies":"Sentry and Sphere","floor":31.0,"turns":4.0},{"damage":29.0,"enemies":"Automaton","floor":33.0,"turns":10.0},{"damage":20.0,"enemies":"3 Darklings","floor":35.0,"turns":4.0},{"damage":4.0,"enemies":"3 Shapes","floor":36.0,"turns":3.0},{"damage":14.0,"enemies":"Writhing Mass","floor":38.0,"turns":6.0},{"damage":0.0,"enemies":"Mind Bloom Boss Battle","floor":39.0,"turns":6.0},{"damage":10.0,"enemies":"Reptomancer","floor":48.0,"turns":6.0},{"damage":16,"enemies":"Donu and Deca","floor":50,"turns":10}],"seed_played":"2664016754581869713","potions_obtained":[{"floor":1.0,"key":"SkillPotion"},{"floor":2.0,"key":"AttackPotion"},{"floor":12.0,"key":"Regen Potion"},{"floor":13.0,"key":"Energy Potion"},{"floor":18.0,"key":"AttackPotion"},{"floor":22.0,"key":"Explosive Potion"},{"floor":27.0,"key":"FocusPotion"},{"floor":30.0,"key":"Ancient Potion"},{"floor":38.0,"key":"Block Potion"}],"is_trial":false,"path_per_floor":["M","M","?","$","$","E","M","M","T","E","R","M","M","$","R","B",null,"M","?","M","$","M","R","M","R","T","M","M","M","E","M","R","B",null,"M","M","?","M","?","R","$","R","T","?","$","T","R","E","R","B",null],"character_chosen":"DEFECT","items_purchased":["Leap+1","SteroidPotion","Anchor","Glacier+1"],"campfire_rested":3,"item_purchase_floors":[14,41,41,45],"current_hp_per_floor":[68,68,68,68,68,82,79,65,65,40,40,43,53,53,53,32,75,75,75,66,66,53,53,53,53,53,47,44,56,26,37,63,46,78,58,54,54,52,52,52,52,52,52,52,52,52,77,67,86,70],"gold":61,"neow_bonus":"THREE_ENEMY_KILL","is_prod":false,"is_daily":false,"chose_seed":false,"campfire_upgraded":0,"win_rate":0,"timestamp":1555847712,"path_taken":["M","?","?","?","$","E","M","M","T","E","R","M","M","$","R","BOSS","M","?","M","$","M","R","M","R","T","M","M","M","E","?","R","BOSS","M","M","?","?","?","R","$","R","T","?","?","?","R","E","R","BOSS"],"build_version":"2019-01-23","purchased_purges":5,"victory":true,"max_hp_per_floor":[75,75,75,75,75,89,89,89,89,89,89,89,89,89,89,89,89,89,89,89,89,89,89,89,89,89,89,89,89,89,89,89,89,89,89,89,89,89,89,89,86,86,86,86,86,86,86,86,86,86],"card_choices":[{"not_picked":["Go for the Eyes","Streamline"],"picked":"Gash","floor":1.0},{"not_picked":["Turbo","Ball Lightning"],"picked":"Steam","floor":2.0},{"not_picked":["Steam Power","Lockon"],"picked":"Go for the Eyes","floor":6.0},{"not_picked":["Compile Driver","Meteor Strike"],"picked":"Gash","floor":7.0},{"not_picked":["Double Energy","Static Discharge","Fusion"],"picked":"SKIP","floor":8.0},{"not_picked":["Compile Driver","Sweeping Beam"],"picked":"Turbo","floor":10.0},{"not_picked":["Loop","Steam Power+1"],"picked":"Genetic Algorithm+1","floor":12.0},{"not_picked":["Cold Snap","Sweeping Beam"],"picked":"Gash","floor":13.0},{"not_picked":["Meteor Strike","Seek+1"],"picked":"Reboot+1","floor":16.0},{"not_picked":["Ball Lightning+1","Darkness+1","Force Field+1"],"picked":"SKIP","floor":18.0},{"not_picked":["Leap+1","Rebound"],"picked":"Gash","floor":20.0},{"not_picked":["Recycle+1","Turbo+1"],"picked":"Machine Learning","floor":22.0},{"not_picked":["Consume+1","Storm","Darkness+1"],"picked":"SKIP","floor":24.0},{"not_picked":["Reprogram+1","Hello World","Leap+1"],"picked":"SKIP","floor":27.0},{"not_picked":["Ball Lightning","Compile Driver"],"picked":"Streamline","floor":28.0},{"not_picked":["Melter+1","Chaos+1"],"picked":"Loop","floor":29.0},{"not_picked":["Hologram+1","Chaos+1"],"picked":"Gash","floor":30.0},{"not_picked":["Genetic Algorithm+1","Hello World"],"picked":"Gash","floor":31.0},{"not_picked":["Thunder Strike","Hyperbeam"],"picked":"Reboot+1","floor":33.0},{"not_picked":["Ball Lightning","Hello World+1"],"picked":"Leap+1","floor":35.0},{"not_picked":["Turbo+1","Barrage","Cold Snap"],"picked":"SKIP","floor":36.0},{"not_picked":["Melter+1","Rip and Tear","Compile Driver"],"picked":"SKIP","floor":38.0},{"not_picked":["Go for the Eyes+1","Barrage+1"],"picked":"Hologram+1","floor":39.0},{"not_picked":["Glacier+1","Cold Snap"],"picked":"Gash","floor":48.0}],"player_experience":262782,"relics_obtained":[{"floor":6.0,"key":"Mango"},{"floor":9.0,"key":"Shovel"},{"floor":10.0,"key":"Meat on the Bone"},{"floor":11.0,"key":"Toxic Egg 2"},{"floor":15.0,"key":"Sundial"},{"floor":23.0,"key":"Bronze Scales"},{"floor":25.0,"key":"Ancient Tea Set"},{"floor":26.0,"key":"MawBank"},{"floor":30.0,"key":"Kunai"},{"floor":34.0,"key":"Boot"},{"floor":34.0,"key":"Cables"},{"floor":34.0,"key":"StoneCalendar"},{"floor":39.0,"key":"Incense Burner"},{"floor":40.0,"key":"Mummified Hand"},{"floor":42.0,"key":"Potion Belt"},{"floor":43.0,"key":"PreservedInsect"},{"floor":46.0,"key":"DataDisk"},{"floor":48.0,"key":"Blood Vial"}],"event_choices":[{"damage_healed":0.0,"max_hp_gain":0.0,"max_hp_loss":0.0,"gold_gain":0.0,"event_name":"Big Fish","player_choice":"Box","floor":3.0,"gold_loss":0.0,"damage_taken":0.0,"relics_obtained":["Symbiotic Virus"],"cards_obtained":["Regret"]},{"damage_healed":0.0,"max_hp_gain":0.0,"max_hp_loss":0.0,"gold_gain":0.0,"event_name":"Accursed Blacksmith","player_choice":"Rummage","floor":19.0,"gold_loss":0.0,"damage_taken":0.0,"relics_obtained":["WarpedTongs"],"cards_obtained":["Pain"]},{"damage_healed":0.0,"max_hp_gain":0.0,"max_hp_loss":0.0,"gold_gain":0.0,"cards_transformed":["Strike_B"],"event_name":"Transmorgrifier","player_choice":"Transformed","floor":37.0,"gold_loss":0.0,"damage_taken":0.0,"cards_obtained":["Biased Cognition"]},{"damage_healed":0.0,"max_hp_gain":0.0,"max_hp_loss":0.0,"gold_gain":0.0,"event_name":"MindBloom","player_choice":"Fight","floor":39.0,"gold_loss":0.0,"damage_taken":0.0},{"damage_healed":0.0,"max_hp_gain":0.0,"max_hp_loss":0.0,"gold_gain":0.0,"event_name":"Tomb of Lord Red Mask","player_choice":"Ignored","floor":44.0,"gold_loss":0.0,"damage_taken":0.0}],"is_beta":false,"boss_relics":[{"not_picked":["Velvet Choker","Black Star"],"picked":"FrozenCore"},{"not_picked":["Lizard Tail","Coffee Dripper"],"picked":"Calling Bell"}],"items_purged_floors":[4,14,21,41,45],"is_endless":false,"potions_floor_spawned":[1,2,12,13,18,22,27,30,38,39],"ascension_level":13}