{"path_per_floor":["M","$","?","$","M","E","R","$","T","R","M","?","M","?","R","B",null,"M","M","?","?","$","M","R","M","T"],"character_chosen":"THE_SILENT","items_purchased":["Dash","Terror","Matryoshka"],"gold_per_floor":[112,73,73,73,97,130,130,61,108,108,129,204,218,218,218,346,346,365,355,355,270,9,32,32,48,94],"floor_reached":27,"campfire_rested":4,"playtime":2399,"current_hp_per_floor":[68,68,51,51,51,22,43,43,43,64,60,49,48,65,70,26,70,55,44,44,44,44,26,46,14,14],"items_purged":[],"gold":94,"play_id":"a683ee97-aed5-4c4c-a912-0e74c0941bbb","is_prod":false,"is_daily":false,"is_ascension_mode":false,"campfire_upgraded":0,"path_taken":["M","$","?","$","M","E","R","$","T","R","?","?","M","?","R","BOSS","M","M","?","?","$","?","R","M","T","M"],"build_version":"2018-01-29-BETA1","purchased_purges":0,"victory":false,"master_deck":["Defend_G","Defend_G","Defend_G","Defend_G","Defend_G","Strike_G","Strike_G+1","Strike_G","Strike_G","Strike_G","Survivor+1","Neutralize","Poisoned Stab","Dash","Poisoned Stab+1","Bullet Time+1","Terror+1","Outmaneuver+1","Masterful Stab","Adrenaline+1","Backflip+1","Slice+1","Dagger Spray","Blade Dance+1"],"max_hp_per_floor":[70,70,70,70,70,70,70,70,70,70,70,70,70,70,70,70,70,70,70,67,67,67,67,67,67,67],"relics":["Ring of the Snake","Golden Idol","Toxic Egg 2","Oddly Smooth Stone","Question Card","Spirit Poop","Happy Flower","Matryoshka","Whetstone","Toxic Egg"],"card_choices":[{"not_picked":["Sucker Punch","Backflip"],"picked":"Poisoned Stab"},{"not_picked":["Skewer","Well Laid Plans"],"picked":"Poisoned Stab"},{"not_picked":["Prepared","PiercingWail"],"picked":"Bullet Time"},{"not_picked":["Deflect","Slice"],"picked":"Outmaneuver"},{"not_picked":["Deadly Poison","Footwork"],"picked":"Masterful Stab"},{"not_picked":["A Thousand Cuts","Wraith Form"],"picked":"Adrenaline"},{"not_picked":["PiercingWail","Prepared","Deflect"],"picked":"Backflip"},{"not_picked":["Dodge and Roll","Choke","After Image"],"picked":"Slice"},{"not_picked":["Quick Slash","Dagger Throw","Dodge and Roll"],"picked":"Dagger Spray"},{"not_picked":["Prepared","Noxious Fumes","Flechettes"],"picked":"Blade Dance"}],"player_experience":3483,"potions_floor_usage":[16,16,25,27],"damage_taken":[{"damage":2,"enemies":"2 Louse","floor":1,"turns":6},{"damage":0,"enemies":"Jaw Worm","floor":5,"turns":5},{"damage":29,"enemies":"3 Sentries","floor":6,"turns":10},{"damage":4,"enemies":"Cultist","floor":11,"turns":3},{"damage":1,"enemies":"Lots of Slimes","floor":13,"turns":5},{"damage":44,"enemies":"Hexaghost","floor":16,"turns":10},{"damage":15,"enemies":"Chosen","floor":18,"turns":5},{"damage":11,"enemies":"2 Thieves","floor":19,"turns":4},{"damage":18,"enemies":"Snecko","floor":23,"turns":6},{"damage":32,"enemies":"Cultist and Chosen","floor":25,"turns":8},{"damage":17,"enemies":"Slaver and Parasite","floor":27,"turns":5}],"event_choices":[{"event_name":"Golden Idol","player_choice":"Take Damage","floor":3,"damage_taken":0},{"event_name":"World of Goop","player_choice":"Gather Gold","floor":12,"damage_taken":0},{"event_name":"Mushrooms","player_choice":"Healed and dodged fight","floor":14,"damage_taken":0},{"event_name":"Bonfire Elementals","player_choice":"CURSE","floor":20,"damage_taken":0},{"event_name":"Addict","player_choice":"Obtained Relic","floor":21,"damage_taken":0}],"boss_relics":[{"not_picked":["Eternal Feather","White Beast Statue"],"picked":"Question Card"}],"potions_floor_spawned":[5,6,13,19],"seed_played":"-3047541003613960647","killed_by":"Slaver and Parasite","ascension_level":0,"is_trial":false}