{"gold_per_floor":[114,132,132,132,149,149,159,193,193,193,204,43,43,77,77,154,154,174,187,204,204,104,104,117,127,173,448,466,486,305,305],"floor_reached":31,"playtime":1384,"items_purged":["Strike_B","Decay","Regret"],"score":598,"play_id":"06695bee-e935-4316-b3bf-081e449bacc7","local_time":"20190428205417","is_ascension_mode":true,"campfire_choices":[{"data":"Streamline","floor":6.0,"key":"SMITH"},{"floor":10.0,"key":"REST"},{"data":"Hologram","floor":15.0,"key":"SMITH"},{"floor":23.0,"key":"REST"}],"neow_cost":"NONE","seed_source_timestamp":594173296110094,"circlet_count":0,"master_deck":["AscendersBane","Zap+1","Dualcast","Cold Snap","Conserve Battery","Streamline+1","Glacier+1","Biased Cognition","Capacitor","Capacitor","Hologram+1","Rainbow","Coolheaded","Blizzard","Loop+1","Buffer"],"special_seed":0,"relics":["Cracked Core","Ancient Tea Set","Art of War","Cables","War Paint","Mercury Hourglass","Pandora\u0027s Box","Potion Belt"],"potions_floor_usage":[24,24,29,29,31],"damage_taken":[{"damage":6.0,"enemies":"Small Slimes","floor":1.0,"turns":4.0},{"damage":0.0,"enemies":"Cultist","floor":2.0,"turns":3.0},{"damage":0.0,"enemies":"2 Louse","floor":5.0,"turns":3.0},{"damage":1.0,"enemies":"Looter","floor":7.0,"turns":2.0},{"damage":21.0,"enemies":"3 Sentries","floor":8.0,"turns":8.0},{"damage":0.0,"enemies":"Exordium Thugs","floor":11.0,"turns":3.0},{"damage":1.0,"enemies":"Lagavulin","floor":14.0,"turns":6.0},{"damage":0.0,"enemies":"The Guardian","floor":16.0,"turns":9.0},{"damage":7.0,"enemies":"Spheric Guardian","floor":18.0,"turns":4.0},{"damage":8.0,"enemies":"2 Thieves","floor":19.0,"turns":3.0},{"damage":23.0,"enemies":"Shelled Parasite and Fungi","floor":20.0,"turns":6.0},{"damage":8,"enemies":"Cultist and Chosen","floor":24,"turns":4},{"damage":13,"enemies":"Sentry and Sphere","floor":25,"turns":6},{"damage":7,"enemies":"Snecko","floor":28,"turns":4},{"damage":18,"enemies":"Shelled Parasite and Fungi","floor":29,"turns":4},{"damage":8,"enemies":"Snake Plant","floor":31,"turns":1}],"seed_played":"-5625261537285803004","potions_obtained":[{"floor":1.0,"key":"GamblersBrew"},{"floor":2.0,"key":"Strength Potion"},{"floor":16.0,"key":"FocusPotion"},{"floor":24,"key":"Fruit Juice"},{"floor":28,"key":"Block Potion"}],"is_trial":false,"path_per_floor":["M","M","?","?","M","R","M","E","T","R","M","$","?","E","R","B",null,"M","M","M","?","$","R","M","M","T","?","M","M","$","M"],"character_chosen":"DEFECT","items_purchased":["Capacitor","PowerPotion"],"campfire_rested":2,"item_purchase_floors":[12,30],"current_hp_per_floor":[58,58,40,40,40,40,39,18,18,39,39,39,32,31,31,31,61,54,46,23,23,23,44,41,28,28,28,21,3,3,0],"gold":305,"neow_bonus":"RANDOM_COMMON_RELIC","is_prod":false,"is_daily":false,"chose_seed":false,"campfire_upgraded":2,"win_rate":0,"timestamp":1556452457,"path_taken":["M","M","?","?","?","R","M","E","T","R","M","$","?","E","R","BOSS","M","M","M","?","$","R","M","M","T","?","?","M","$","?"],"build_version":"2019-01-23","purchased_purges":3,"victory":false,"max_hp_per_floor":[71,71,71,71,71,71,71,71,71,71,71,71,71,71,71,71,71,71,71,71,71,71,71,76,76,76,76,76,76,76,76],"card_choices":[{"not_picked":["Blizzard","Turbo"],"picked":"Cold Snap","floor":1.0},{"not_picked":["Sweeping Beam","Steam"],"picked":"Conserve Battery","floor":2.0},{"not_picked":["Doom and Gloom","Force Field"],"picked":"Streamline","floor":5.0},{"not_picked":["Double Energy","Blizzard"],"picked":"Glacier","floor":7.0},{"not_picked":["Steam","Rainbow"],"picked":"Biased Cognition","floor":8.0},{"not_picked":["Leap","Static Discharge"],"picked":"Capacitor","floor":11.0},{"not_picked":["Doom and Gloom","Double Energy"],"picked":"Hologram","floor":14.0},{"not_picked":["Machine Learning","Biased Cognition"],"picked":"Rainbow","floor":16.0},{"not_picked":["Fusion","Sunder"],"picked":"Coolheaded","floor":18.0},{"not_picked":["Rebound","Ball Lightning"],"picked":"Blizzard","floor":19.0},{"not_picked":["Stack","Compile Driver","Blizzard"],"picked":"SKIP","floor":20.0},{"not_picked":["Reprogram","Beam Cell","Leap"],"picked":"SKIP","floor":24},{"not_picked":["Barrage","Steam"],"picked":"Loop+1","floor":25},{"not_picked":["Compile Driver","Barrage","Cold Snap"],"picked":"SKIP","floor":28},{"not_picked":["Conserve Battery+1","Turbo+1"],"picked":"Buffer","floor":29}],"player_experience":307314,"relics_obtained":[{"floor":8.0,"key":"Cables"},{"floor":9.0,"key":"War Paint"},{"floor":14.0,"key":"Mercury Hourglass"},{"floor":26,"key":"Potion Belt"}],"event_choices":[{"damage_healed":0.0,"max_hp_gain":0.0,"max_hp_loss":0.0,"gold_gain":0.0,"event_name":"Scrap Ooze","player_choice":"Success","floor":3.0,"gold_loss":0.0,"damage_taken":18.0,"relics_obtained":["Art of War"]},{"damage_healed":0.0,"max_hp_gain":0.0,"max_hp_loss":0.0,"gold_gain":0.0,"event_name":"Upgrade Shrine","player_choice":"Upgraded","floor":4.0,"gold_loss":0.0,"damage_taken":0.0,"cards_upgraded":["Zap"]},{"cards_removed":["Strike_B"],"damage_healed":0.0,"max_hp_gain":0.0,"max_hp_loss":0.0,"gold_gain":0.0,"event_name":"Golden Wing","player_choice":"Card Removal","floor":13.0,"gold_loss":0.0,"damage_taken":7.0},{"damage_healed":0.0,"max_hp_gain":0.0,"max_hp_loss":0.0,"gold_gain":0.0,"event_name":"Forgotten Altar","player_choice":"Smashed Altar","floor":21.0,"gold_loss":0.0,"damage_taken":0.0,"cards_obtained":["Decay"]},{"damage_healed":0,"gold_gain":275,"player_choice":"Desecrate","damage_taken":0,"max_hp_gain":0,"max_hp_loss":0,"event_name":"Golden Shrine","floor":27,"gold_loss":0,"cards_obtained":["Regret"]}],"is_beta":false,"boss_relics":[{"not_picked":["Busted Crown","Eternal Feather"],"picked":"Pandora\u0027s Box"}],"items_purged_floors":[12,22,30],"is_endless":false,"potions_floor_spawned":[1,2,16,19,24,28],"killed_by":"Snake Plant","ascension_level":20}