{"path_per_floor":["M","M","M","?","?","E","M","M","T","M","R","?","R","M","R","B",null,"M","M","$","?","M","E","$","R","T","R","?","M","?","?","R","B",null,"M","M","?","?","$","R","M","$","T"],"character_chosen":"IRONCLAD","items_purchased":["Whirlwind","Juzu Bracelet"],"gold_per_floor":[17,33,51,51,51,83,93,103,180,197,197,197,197,210,210,305,305,325,345,41,41,61,89,89,89,89,89,0,19,19,19,19,123,123,140,153,0,0,0,0,20,20,44],"floor_reached":44,"campfire_rested":3,"playtime":2187,"current_hp_per_floor":[80,80,80,62,62,35,21,21,21,27,51,71,71,69,69,59,80,72,78,78,77,58,14,14,52,52,52,52,49,33,33,71,45,77,70,58,58,58,58,58,55,55,55],"items_purged":["Strike_R"],"gold":44,"score":397,"play_id":"608153b2-338c-43ff-8880-1d39367db20d","is_prod":false,"is_daily":false,"is_ascension_mode":true,"campfire_upgraded":4,"path_taken":["M","M","M","?","?","E","M","?","T","M","R","?","R","M","R","BOSS","M","M","?","?","M","E","$","R","T","R","?","M","?","?","R","BOSS","M","M","?","?","?","R","M","$","T","M"],"build_version":"2018-02-23-BETA1","purchased_purges":1,"victory":false,"master_deck":["Strike_R","Strike_R","Strike_R","Strike_R","Defend_R","Defend_R","Defend_R","Defend_R","Bash","Demon Form+1","Cleave","Inflame","Clothesline","Flex+1","Heavy Blade+1","Battle Trance","Double Tap","Spot Weakness","Whirlwind+1","Flex+1","Heavy Blade+1","Offering","Battle Trance"],"max_hp_per_floor":[80,80,80,80,80,80,80,80,80,80,80,80,80,80,80,80,80,80,80,80,77,77,77,77,77,77,77,77,77,77,77,77,77,77,77,77,77,77,77,77,77,77,77],"relics":["Burning Blood","Vajra","Charon\u0027s Ashes","Paper Frog","Velvet Choker","Juzu Bracelet","Regal Pillow","Torii","Enchiridion","Sozu","Red Mask","Singing Bowl"],"card_choices":[{"not_picked":["Feed","Exhume"],"picked":"Demon Form"},{"not_picked":["Evolve","Sentinel"],"picked":"Cleave"},{"not_picked":["Twin Strike","Armaments"],"picked":"Inflame"},{"not_picked":["Exhume","Second Wind"],"picked":"Clothesline"},{"not_picked":["Flame Barrier","Headbutt"],"picked":"Flex"},{"not_picked":["Iron Wave","Blood for Blood"],"picked":"Heavy Blade"},{"not_picked":["Armaments","Rampage"],"picked":"Battle Trance"},{"not_picked":["Brutality","Bludgeon"],"picked":"Double Tap"},{"not_picked":["Havoc","Uppercut"],"picked":"Spot Weakness"},{"not_picked":["Battle Trance","Power Through"],"picked":"Flex"},{"not_picked":["Corruption","Anger"],"picked":"Heavy Blade"},{"not_picked":["Fiend Fire","True Grit"],"picked":"Metallicize"},{"not_picked":["Fiend Fire","Impervious"],"picked":"Offering"},{"not_picked":["Armaments","True Grit"],"picked":"Battle Trance"}],"player_experience":106968,"potions_floor_usage":[10,16,16],"damage_taken":[{"damage":3,"enemies":"Jaw Worm","floor":1,"turns":4},{"damage":2,"enemies":"2 Louse","floor":2,"turns":3},{"damage":6,"enemies":"Small Slimes","floor":3,"turns":3},{"damage":33,"enemies":"3 Sentries","floor":6,"turns":7},{"damage":20,"enemies":"Exordium Wildlife","floor":7,"turns":3},{"damage":6,"enemies":"Exordium Thugs","floor":8,"turns":4},{"damage":0,"enemies":"Blue Slaver","floor":10,"turns":2},{"damage":8,"enemies":"Red Slaver","floor":14,"turns":4},{"damage":16,"enemies":"Slime Boss","floor":16,"turns":7},{"damage":14,"enemies":"Shell Parasite","floor":18,"turns":3},{"damage":0,"enemies":"Chosen","floor":19,"turns":2},{"damage":25,"enemies":"3 Cultists","floor":22,"turns":4},{"damage":50,"enemies":"Book of Stabbing","floor":23,"turns":5},{"damage":9,"enemies":"Slaver and Parasite","floor":29,"turns":4},{"damage":32,"enemies":"Automaton","floor":33,"turns":5},{"damage":13,"enemies":"Flame Bruiser 1 Orb","floor":35,"turns":2},{"damage":18,"enemies":"3 Darklings","floor":36,"turns":3},{"damage":9,"enemies":"Sphere and 2 Shapes","floor":41,"turns":2}],"event_choices":[{"event_name":"Scrap Ooze","player_choice":"success","floor":4,"damage_taken":18},{"event_name":"Upgrade Shrine","player_choice":"Upgraded","floor":5,"damage_taken":0},{"event_name":"Mushrooms","player_choice":"Healed and dodged fight","floor":12,"damage_taken":0},{"event_name":"Purifier","player_choice":"One Purge","floor":21,"damage_taken":0},{"event_name":"Masked Bandits","player_choice":"Paid Bandits 89 gold","floor":28,"damage_taken":0},{"event_name":"Cursed Tome","player_choice":"Obtained Book","floor":30,"damage_taken":0},{"event_name":"Drug Dealer","player_choice":"Ignored","floor":31,"damage_taken":0},{"event_name":"Tomb of Lord Red Mask","player_choice":"Paid","floor":37,"damage_taken":0}],"boss_relics":[{"not_picked":["Lizard Tail","Question Card"],"picked":"Velvet Choker"},{"not_picked":["White Beast Statue","Orrery"],"picked":"Sozu"}],"potions_floor_spawned":[2,6,8,10,22,23],"seed_played":"6254101568205386025","killed_by":"4 Shapes","ascension_level":1,"is_trial":false}