{"path_per_floor":["M","M","?","$","M","R","?","T","T","M","E","?","E","?","R"],"character_chosen":"DEFECT","items_purchased":["Bag of Marbles"],"gold_per_floor":[139,153,153,2,18,18,18,18,43,58,97,97,140,95,95,95],"floor_reached":16,"campfire_rested":1,"playtime":1073,"current_hp_per_floor":[77,72,72,72,61,61,61,61,61,53,20,20,11,11,35,0],"items_purged":[],"gold":95,"score":108,"play_id":"a9ac535e-e2cf-4e93-a5a6-b3a55d3560c5","local_time":"20180428131531","is_prod":false,"is_daily":false,"chose_seed":false,"is_ascension_mode":false,"campfire_upgraded":1,"timestamp":1524914131,"path_taken":["M","M","?","$","M","R","?","?","T","?","E","?","E","?","R","BOSS"],"build_version":"2018-04-27v3","seed_source_timestamp":1363913832428320,"purchased_purges":0,"victory":false,"master_deck":["Strike_B","Strike_B","Strike_B","Strike_B","Defend_B","Defend_B","Defend_B","Defend_B+1","Zap","Dualcast","Double Energy+1","Capacitor","Sweeping Beam+1","Injury","Leap","Axe Kick","Rebound","Seek"],"max_hp_per_floor":[80,80,80,80,80,80,80,80,80,80,80,80,80,80,80,80],"relics":["Tiny House","Golden Idol","Bag of Marbles","Frozen Egg 2","Lantern","Pen Nib","Juzu Bracelet"],"card_choices":[{"not_picked":["Stack","Skim"],"picked":"Double Energy","floor":0},{"not_picked":["Self Repair","Reinforced Body"],"picked":"Capacitor","floor":1},{"not_picked":["Aggregate","Reprogram"],"picked":"Sweeping Beam","floor":2},{"not_picked":["FTL","Hello World"],"picked":"Leap","floor":5},{"not_picked":["Hologram","Sweeping Beam"],"picked":"Axe Kick","floor":10},{"not_picked":["Impulse","Barrage"],"picked":"Rebound","floor":11},{"not_picked":["Skim","Coolheaded"],"picked":"Seek","floor":13}],"player_experience":249684,"potions_floor_usage":[10,11,11,13,13],"damage_taken":[{"damage":3,"enemies":"Small Slimes","floor":1,"turns":4},{"damage":5,"enemies":"Cultist","floor":2,"turns":5},{"damage":11,"enemies":"Jaw Worm","floor":5,"turns":3},{"damage":8,"enemies":"Red Slaver","floor":10,"turns":4},{"damage":33,"enemies":"Lagavulin","floor":11,"turns":9},{"damage":9,"enemies":"3 Sentries","floor":13,"turns":4},{"damage":40,"enemies":"Slime Boss","floor":16,"turns":7}],"event_choices":[{"event_name":"Golden Idol","player_choice":"Take Wound","floor":3,"damage_taken":0},{"event_name":"The Lab","player_choice":"Got Potions","floor":7,"damage_taken":0},{"event_name":"Upgrade Shrine","player_choice":"Upgraded","floor":12,"damage_taken":0},{"event_name":"World of Goop","player_choice":"Left","floor":14,"damage_taken":0}],"boss_relics":[],"potions_floor_spawned":[5,10,11],"seed_played":"-6550087987670307024","killed_by":"Slime Boss","ascension_level":0,"is_trial":false}