{"gold_per_floor":[111,130,142,142,68,94,94,129,202,217,238,238,252,252,252,373,373,356,371,184,184,184,222,222,222,222,222,236,247,247,40,40,40],"floor_reached":33,"playtime":1425,"items_purged":[],"score":275,"play_id":"c050d673-22c6-4b33-8320-c37424860ec8","local_time":"20181021171953","is_ascension_mode":false,"campfire_choices":[{"floor":12,"key":"REST"},{"floor":15,"key":"REST"},{"floor":24,"key":"REST"},{"floor":27,"key":"REST"},{"floor":30,"key":"REST"},{"data":"Blizzard","floor":32,"key":"SMITH"}],"neow_cost":"NONE","seed_source_timestamp":426425167362989,"circlet_count":0,"master_deck":["Strike_B","Strike_B+1","Strike_B+1","Strike_B","Defend_B","Defend_B","Defend_B","Defend_B","Zap+1","Dualcast","Static Discharge","Conserve Battery","Darkness","Static Discharge","Defragment+1","Coolheaded","White Noise","Cold Snap","Heatsinks","Electrodynamics","Darkness","Hello World","Glacier","Barrage","Hello World","Static Discharge","Rip and Tear","Glacier+1","Chill","Blizzard+1","Defragment"],"relics":["FrozenCore","NeowsBlessing","Shovel","Bloody Idol","Pen Nib","The Courier","Whetstone","Letter Opener","Regal Pillow"],"potions_floor_usage":[11,33],"damage_taken":[{"damage":0,"enemies":"Small Slimes","floor":1,"turns":1},{"damage":0,"enemies":"2 Louse","floor":2,"turns":1},{"damage":0,"enemies":"Cultist","floor":3,"turns":1},{"damage":23,"enemies":"3 Sentries","floor":6,"turns":7},{"damage":19,"enemies":"Gremlin Nob","floor":8,"turns":4},{"damage":7,"enemies":"Blue Slaver","floor":10,"turns":3},{"damage":3,"enemies":"Red Slaver","floor":11,"turns":3},{"damage":7,"enemies":"Exordium Wildlife","floor":13,"turns":6},{"damage":27,"enemies":"The Guardian","floor":16,"turns":11},{"damage":20,"enemies":"2 Thieves","floor":18,"turns":5},{"damage":9,"enemies":"Chosen","floor":19,"turns":5},{"damage":40,"enemies":"Book of Stabbing","floor":23,"turns":5},{"damage":21,"enemies":"Centurion and Healer","floor":28,"turns":4},{"damage":11,"enemies":"Snake Plant","floor":29,"turns":6},{"damage":51,"enemies":"Automaton","floor":33,"turns":12}],"seed_played":"8790030603052434503","potions_obtained":[{"floor":1,"key":"PowerPotion"},{"floor":2,"key":"SpeedPotion"},{"floor":10,"key":"LiquidBronze"},{"floor":13,"key":"SpeedPotion"},{"floor":23,"key":"Weak Potion"}],"is_trial":false,"path_per_floor":["M","M","M","?","$","E","?","E","T","M","M","R","M","?","R","B",null,"M","M","$","?","?","E","R","?","T","R","M","M","R","$","R"],"character_chosen":"DEFECT","items_purchased":["Static Discharge","Glacier","Barrage","Hello World","Static Discharge","Blizzard","Regal Pillow","Defragment"],"campfire_rested":5,"item_purchase_floors":[5,20,20,20,20,31,31,31],"current_hp_per_floor":[75,75,75,75,75,52,34,15,15,8,5,27,20,20,42,15,75,55,46,46,46,46,6,28,28,28,50,34,28,50,50,50,0],"gold":40,"neow_bonus":"THREE_ENEMY_KILL","is_prod":false,"is_daily":false,"chose_seed":false,"campfire_upgraded":1,"win_rate":0,"timestamp":1540156793,"path_taken":["M","M","M","?","?","E","?","E","T","M","?","R","M","?","R","BOSS","M","M","$","?","?","E","R","?","T","R","M","M","R","$","R","BOSS"],"build_version":"2018-10-18","purchased_purges":0,"victory":false,"max_hp_per_floor":[75,75,75,75,75,75,75,75,75,75,75,75,75,75,75,75,75,75,75,75,75,75,75,75,75,75,75,75,75,75,75,75,75],"card_choices":[{"not_picked":["Stack","Fusion"],"picked":"Static Discharge","floor":1},{"not_picked":["Turbo","Steam"],"picked":"Conserve Battery","floor":2},{"not_picked":["Go for the Eyes","Sweeping Beam"],"picked":"Darkness","floor":3},{"not_picked":["Ball Lightning","Creative AI"],"picked":"Defragment","floor":6},{"not_picked":["Rip and Tear","Ball Lightning"],"picked":"Coolheaded","floor":8},{"not_picked":["Gash","Stack"],"picked":"White Noise","floor":10},{"not_picked":["Loop","Turbo"],"picked":"Cold Snap","floor":11},{"not_picked":["Go for the Eyes","Stack"],"picked":"Heatsinks","floor":13},{"not_picked":["Meteor Strike","Seek"],"picked":"Electrodynamics","floor":16},{"not_picked":["Heatsinks","Loop"],"picked":"Darkness","floor":18},{"not_picked":["Gash","Tempest"],"picked":"Hello World","floor":19},{"not_picked":["Go for the Eyes","Recycle"],"picked":"Rip and Tear","floor":23},{"not_picked":["Conserve Battery+1","Thunder Strike"],"picked":"Glacier+1","floor":28},{"not_picked":["Go for the Eyes","Barrage"],"picked":"Chill","floor":29}],"player_experience":162195,"relics_obtained":[{"floor":6,"key":"Shovel"},{"floor":8,"key":"Pen Nib"},{"floor":9,"key":"The Courier"},{"floor":23,"key":"Whetstone"},{"floor":26,"key":"Letter Opener"}],"event_choices":[{"damage_healed":0,"gold_gain":0,"player_choice":"Grow","damage_taken":0,"max_hp_gain":0,"max_hp_loss":0,"event_name":"Living Wall","floor":4,"gold_loss":0,"cards_upgraded":["Zap"]},{"damage_healed":0,"gold_gain":0,"player_choice":"Take Damage","damage_taken":18,"relics_obtained":["Golden Idol"],"max_hp_gain":0,"max_hp_loss":0,"event_name":"Golden Idol","floor":7,"gold_loss":0},{"damage_healed":0,"gold_gain":0,"player_choice":"Upgraded","damage_taken":0,"max_hp_gain":0,"max_hp_loss":0,"event_name":"Upgrade Shrine","floor":14,"gold_loss":0,"cards_upgraded":["Defragment"]},{"damage_healed":0,"gold_gain":0,"player_choice":"Ignored","damage_taken":0,"max_hp_gain":0,"max_hp_loss":0,"event_name":"Beggar","floor":21,"gold_loss":0},{"damage_healed":0,"gold_gain":0,"player_choice":"Ignored","damage_taken":0,"max_hp_gain":0,"max_hp_loss":0,"event_name":"Vampires","floor":22,"gold_loss":0},{"damage_healed":0,"gold_gain":0,"player_choice":"Gave Idol","damage_taken":0,"relics_obtained":["Bloody Idol"],"max_hp_gain":0,"max_hp_loss":0,"event_name":"Forgotten Altar","floor":25,"relics_lost":["Golden Idol"],"gold_loss":0}],"is_beta":false,"boss_relics":[{"not_picked":["Philosopher\u0027s Stone","Fusion Hammer"],"picked":"FrozenCore"}],"items_purged_floors":[],"is_endless":false,"potions_floor_spawned":[1,2,10,13,23],"killed_by":"Automaton","ascension_level":0}