{"path_per_floor":["M","?","M","?","?","E","R","E","T","$","R","?","?","M","R","B",null,"M","?","M","$","?","R","M","R","T","$","?","M","E","$","R","B",null,"M","?","?","?","M","R","$","R","T","M","E","M","R","M","R","B"],"character_chosen":"IRONCLAD","items_purchased":["Whirlwind","Happy Flower","Paper Frog"],"gold_per_floor":[209,209,224,224,224,267,267,305,305,150,150,150,400,423,423,554,554,567,567,592,492,492,492,509,509,539,264,264,275,300,39,39,141,141,158,210,0,0,10,10,10,10,10,28,57,71,71,86,86,86],"floor_reached":51,"campfire_rested":1,"playtime":2500,"item_purchase_floors":[10,27,31],"current_hp_per_floor":[80,80,80,80,77,59,59,32,32,32,32,58,64,65,65,55,86,79,63,57,57,57,57,60,60,65,65,65,64,85,85,85,71,96,96,96,96,96,96,96,96,96,96,96,77,46,46,51,79,37],"items_purged":["Injury","Regret","Rampage"],"gold":86,"score":799,"play_id":"474cc61a-faef-4db6-8d4a-3e066a72c957","local_time":"20180521011949","is_prod":false,"is_daily":false,"chose_seed":false,"is_ascension_mode":false,"campfire_upgraded":9,"timestamp":1526858389,"campfire_choices":[{"data":"Bash","floor":7,"key":"SMITH"},{"data":"Whirlwind","floor":11,"key":"SMITH"},{"data":"Flex","floor":15,"key":"SMITH"},{"data":"Double Tap","floor":23,"key":"SMITH"},{"data":"Flex","floor":25,"key":"SMITH"},{"data":"Rampage","floor":32,"key":"SMITH"},{"data":"Battle Trance","floor":40,"key":"SMITH"},{"data":"Intimidate","floor":42,"key":"SMITH"},{"data":"Spot Weakness","floor":47,"key":"SMITH"},{"floor":49,"key":"REST"}],"path_taken":["M","?","?","?","?","E","R","E","T","$","R","?","?","M","R","BOSS","M","?","M","$","?","R","M","R","T","?","?","?","E","$","R","BOSS","M","?","?","?","?","R","?","R","T","M","E","M","R","M","R","BOSS"],"build_version":"2018-05-18","seed_source_timestamp":73692142692226,"purchased_purges":3,"victory":true,"master_deck":["Bash+1","Sword Boomerang","Intimidate+1","Whirlwind+1","Flex+1","Double Tap+1","Uppercut","True Grit","Battle Trance+1","Rampage+1","Iron Wave","Clash","Spot Weakness+1","Flex+1","Armaments+1","Battle Trance+1"],"max_hp_per_floor":[80,80,80,80,80,80,80,80,80,80,80,80,86,86,86,86,86,86,86,86,86,86,86,86,86,86,86,86,86,96,96,96,96,96,96,96,96,96,96,96,96,96,96,96,96,96,96,96,96,96],"relics":["Burning Blood","Bloody Idol","Self Forming Clay","Darkstone Periapt","Pen Nib","Question Card","Pandora\u0027s Box","Enchiridion","Tiny Chest","Happy Flower","Pear","Paper Frog","Sozu","Gambling Chip","Red Mask","Ornamental Fan","Bag of Preparation"],"card_choices":[{"not_picked":["Evolve","Armaments"],"picked":"Sword Boomerang","floor":1},{"not_picked":["Second Wind","Wild Strike","Hemokinesis"],"picked":"SKIP","floor":3},{"not_picked":["Havoc","Evolve","Headbutt"],"picked":"SKIP","floor":6},{"not_picked":["Spot Weakness","Warcry"],"picked":"Intimidate","floor":8},{"not_picked":["Body Slam","Clothesline","Flame Barrier"],"picked":"Flex","floor":14},{"not_picked":["Fiend Fire","Dark Embrace","Immolate"],"picked":"Double Tap","floor":16},{"not_picked":["Rage","Heavy Blade","Perfected Strike"],"picked":"Spot Weakness","floor":18},{"not_picked":["Heavy Blade","Clothesline","Perfected Strike"],"picked":"Flex","floor":20},{"not_picked":["Dropkick","Pommel Strike","Havoc+1"],"picked":"Armaments+1","floor":24},{"not_picked":["Headbutt","Flex","Metallicize","Double Tap"],"picked":"SKIP","floor":29},{"not_picked":["Dropkick","Dual Wield","Armaments+1","Thunderclap+1"],"picked":"SKIP","floor":30},{"not_picked":["Searing Blow","Clash","Body Slam","Twin Strike"],"picked":"SKIP","floor":35},{"not_picked":["Armaments","Iron Wave","Perfected Strike+1"],"picked":"Battle Trance+1","floor":36},{"not_picked":["Sever Soul+1","Shrug It Off+1","Carnage","Infernal Blade"],"picked":"SKIP","floor":39},{"not_picked":["Rampage","Flex+1","Warcry+1","Cleave+1"],"picked":"SKIP","floor":44},{"not_picked":["Anger+1","Shrug It Off","Immolate","Metallicize"],"picked":"SKIP","floor":45},{"not_picked":["Inflame","Shrug It Off","Warcry+1","Blood for Blood"],"picked":"SKIP","floor":46},{"not_picked":["Corruption","Infernal Blade","Entrench","Second Wind"],"picked":"SKIP","floor":48}],"player_experience":296134,"potions_floor_usage":[16,33,36,50,50],"damage_taken":[{"damage":5,"enemies":"Small Slimes","floor":1,"turns":3},{"damage":6,"enemies":"Jaw Worm","floor":3,"turns":3},{"damage":24,"enemies":"3 Sentries","floor":6,"turns":10},{"damage":33,"enemies":"Lagavulin","floor":8,"turns":6},{"damage":5,"enemies":"Cultist","floor":14,"turns":3},{"damage":16,"enemies":"Slime Boss","floor":16,"turns":6},{"damage":13,"enemies":"Shell Parasite","floor":18,"turns":3},{"damage":12,"enemies":"2 Thieves","floor":20,"turns":2},{"damage":8,"enemies":"Centurion and Healer","floor":24,"turns":4},{"damage":12,"enemies":"Snecko","floor":29,"turns":4},{"damage":0,"enemies":"Gremlin Leader","floor":30,"turns":2},{"damage":25,"enemies":"Collector","floor":33,"turns":6},{"damage":4,"enemies":"Flame Bruiser 1 Orb","floor":35,"turns":2},{"damage":3,"enemies":"Mysterious Sphere","floor":36,"turns":2},{"damage":8,"enemies":"3 Darklings","floor":39,"turns":2},{"damage":0,"enemies":"Flame Bruiser 2 Orb","floor":44,"turns":2},{"damage":30,"enemies":"Nemesis","floor":45,"turns":5},{"damage":42,"enemies":"4 Shapes","floor":46,"turns":2},{"damage":6,"enemies":"Maw","floor":48,"turns":5},{"damage":48,"enemies":"Awakened One","floor":50,"turns":6}],"relics_obtained":[{"floor":6,"key":"Darkstone Periapt"},{"floor":8,"key":"Pen Nib"},{"floor":9,"key":"Question Card"},{"floor":19,"key":"Enchiridion"},{"floor":26,"key":"Tiny Chest"},{"floor":30,"key":"Pear"},{"floor":36,"key":"Gambling Chip"},{"floor":43,"key":"Ornamental Fan"},{"floor":45,"key":"Bag of Preparation"}],"event_choices":[{"event_name":"Living Wall","player_choice":"Forget","floor":2,"damage_taken":0},{"event_name":"Golden Idol","player_choice":"Take Wound","floor":4,"damage_taken":0},{"event_name":"Scrap Ooze","player_choice":"success","floor":5,"damage_taken":3},{"event_name":"Big Fish","player_choice":"Banana","floor":12,"damage_taken":0},{"event_name":"Golden Shrine","player_choice":"Desecrate","floor":13,"damage_taken":0},{"event_name":"Cursed Tome","player_choice":"Obtained Book","floor":19,"damage_taken":0},{"event_name":"Forgotten Altar","player_choice":"Gave Idol","floor":22,"damage_taken":0},{"event_name":"Ghosts","player_choice":"Ignored","floor":28,"damage_taken":0},{"event_name":"Mysterious Sphere","player_choice":"Fight","floor":36,"damage_taken":0},{"event_name":"Tomb of Lord Red Mask","player_choice":"Paid","floor":37,"damage_taken":0}],"boss_relics":[{"not_picked":["Runic Pyramid","Snecko Eye"],"picked":"Pandora\u0027s Box"},{"not_picked":["Mark of Pain","White Beast Statue"],"picked":"Sozu"}],"items_purged_floors":[10,21,27],"potions_floor_spawned":[1,8,16,20,24,33,36,44,46],"seed_played":"-3901175139719614606","ascension_level":0,"potions_obtained":[{"floor":1,"key":"SneckoOil"},{"floor":8,"key":"GamblersBrew"},{"floor":16,"key":"Strength Potion"},{"floor":20,"key":"Poison Potion"},{"floor":24,"key":"Explosive Potion"},{"floor":33,"key":"Block Potion"}],"is_trial":false}