{"gold_per_floor":[109,126,141,155,155,155,169,185,185,209,209,17,49,67,67,162,162,173,88,88,104,104,104,122,122,146,146,166,166,42,53,53,148,148,166,441,441,513,513,513,513],"floor_reached":41,"playtime":4165,"items_purged":[],"score":416,"play_id":"2da42c0e-d3e2-4ef5-a18d-a9019c482e89","local_time":"20180817222607","is_ascension_mode":false,"campfire_choices":[{"data":"Blizzard","floor":6.0,"key":"SMITH"},{"floor":11.0,"key":"REST"},{"floor":15.0,"key":"REST"},{"floor":23,"key":"REST"},{"data":"Apotheosis","floor":25,"key":"SMITH"},{"data":"White Noise","floor":27,"key":"SMITH"},{"floor":32,"key":"REST"},{"data":"Defragment","floor":40,"key":"SMITH"}],"neow_cost":"NONE","seed_source_timestamp":0,"circlet_count":0,"master_deck":["Strike_B+1","Strike_B","Strike_B","Strike_B","Defend_B","Defend_B","Defend_B","Defend_B+1","Zap","Dualcast","Barrage","Blizzard+1","Glacier","White Noise+1","Streamline","Auto Shields","Creative AI","Apotheosis+1","Beam Cell","Stack","Electrodynamics","Ball Lightning","Capacitor","RitualDagger","Auto Shields+1","Conserve Battery","Coolheaded","Defragment+1","Hologram","Amplify","Darkness","Static Discharge+1","Thunder Strike","Reprogram","Sweeping Beam","Ball Lightning","Regret","Dark Shackles"],"special_seed":0,"relics":["Cracked Core","Strawberry","Bottled Lightning","Odd Mushroom","Ancient Tea Set","Inserter","Lantern","Potion Belt","Orrery","Question Card"],"potions_floor_usage":[21,28,33,41,41],"damage_taken":[{"damage":1.0,"enemies":"Cultist","floor":1.0,"turns":4.0},{"damage":0.0,"enemies":"2 Louse","floor":2.0,"turns":2.0},{"damage":10.0,"enemies":"Small Slimes","floor":3.0,"turns":2.0},{"damage":8.0,"enemies":"Looter","floor":4.0,"turns":4.0},{"damage":1.0,"enemies":"2 Fungi Beasts","floor":7.0,"turns":5.0},{"damage":9.0,"enemies":"Blue Slaver","floor":8.0,"turns":3.0},{"damage":12.0,"floor":10.0,"turns":5.0},{"damage":31.0,"enemies":"Gremlin Nob","floor":13.0,"turns":5.0},{"damage":4.0,"enemies":"Exordium Thugs","floor":14.0,"turns":3.0},{"damage":8.0,"enemies":"Hexaghost","floor":16.0,"turns":11.0},{"damage":19,"enemies":"Shell Parasite","floor":18,"turns":5},{"damage":9,"enemies":"3 Byrds","floor":21,"turns":3},{"damage":3,"enemies":"Shelled Parasite and Fungi","floor":24,"turns":4},{"damage":7,"enemies":"Centurion and Healer","floor":28,"turns":7},{"damage":34,"enemies":"Cultist and Chosen","floor":31,"turns":8},{"damage":40,"enemies":"Automaton","floor":33,"turns":14},{"damage":28,"enemies":"Orb Walker","floor":35,"turns":5},{"damage":82,"enemies":"Giant Head","floor":41,"turns":8}],"seed_played":"8109297671135217190","potions_obtained":[{"floor":2.0,"key":"Block Potion"},{"floor":4.0,"key":"FocusPotion"},{"floor":8.0,"key":"Explosive Potion"},{"floor":10.0,"key":"FearPotion"},{"floor":13.0,"key":"Weak Potion"},{"floor":16.0,"key":"Energy Potion"},{"floor":21,"key":"Ancient Potion"},{"floor":28,"key":"SteroidPotion"},{"floor":31,"key":"Energy Potion"},{"floor":33,"key":"Poison Potion"}],"is_trial":false,"path_per_floor":["M","M","M","M","?","R","M","M","T","?","R","$","E","M","R","B",null,"M","?","?","M","?","R","M","R","T","R","M","?","$","M","R","B",null,"M","?","?","T","?","R"],"character_chosen":"DEFECT","items_purchased":["Apotheosis","Coolheaded","Defragment"],"campfire_rested":4,"item_purchase_floors":[12,30,30],"current_hp_per_floor":[81,81,71,63,47,47,53,44,44,32,56,56,25,21,45,37,82,70,70,70,61,55,79,76,76,76,76,69,69,69,35,59,19,82,61,61,61,61,61,61,0],"gold":513,"neow_bonus":"RANDOM_COMMON_RELIC","is_prod":false,"is_daily":false,"chose_seed":false,"campfire_upgraded":4,"win_rate":0.0,"timestamp":1534559167,"path_taken":["M","?","M","M","?","R","M","M","T","?","R","$","E","M","R","BOSS","M","?","?","M","?","R","?","R","T","R","M","?","?","M","R","BOSS","M","?","?","?","?","R","E"],"build_version":"2018-08-16","purchased_purges":0,"victory":false,"max_hp_per_floor":[82,82,82,82,82,82,82,82,82,82,82,82,82,82,82,82,82,82,82,82,82,82,82,82,82,82,82,82,82,82,82,82,82,82,82,82,82,82,82,82,82],"card_choices":[{"not_picked":["Lockon","Skim"],"picked":"Barrage","floor":1.0},{"not_picked":["Compile Driver","Gash"],"picked":"Blizzard","floor":2.0},{"not_picked":["Loop","Steam"],"picked":"Glacier","floor":3.0},{"not_picked":["Steam","BootSequence"],"picked":"White Noise","floor":4.0},{"not_picked":["Gash","Force Field"],"picked":"Streamline","floor":7.0},{"not_picked":["BootSequence","Hologram"],"picked":"Auto Shields","floor":8.0},{"not_picked":["Redo","Streamline"],"picked":"Creative AI","floor":10.0},{"not_picked":["Auto Shields","Streamline"],"picked":"Beam Cell","floor":13.0},{"not_picked":["Streamline","Lockon"],"picked":"Stack","floor":14.0},{"not_picked":["Fission","Buffer"],"picked":"Electrodynamics","floor":16.0},{"not_picked":["Coolheaded","Stack"],"picked":"Ball Lightning","floor":18},{"not_picked":["Steam","Beam Cell+1"],"picked":"Capacitor","floor":21},{"not_picked":["BootSequence","Genetic Algorithm"],"picked":"Auto Shields+1","floor":24},{"not_picked":["Ball Lightning","Streamline+1"],"picked":"Conserve Battery","floor":28},{"not_picked":["Gash","Streamline+1"],"picked":"Hologram","floor":31},{"not_picked":["Reboot","Buffer"],"picked":"Amplify","floor":33},{"not_picked":["Stack","Go for the Eyes"],"picked":"Darkness","floor":34},{"not_picked":["Aggregate","Genetic Algorithm"],"picked":"Static Discharge+1","floor":34},{"not_picked":["Coolheaded","Steam"],"picked":"Thunder Strike","floor":34},{"not_picked":["Go for the Eyes","Gash"],"picked":"Reprogram","floor":34},{"not_picked":["Steam Power","Stack"],"picked":"Sweeping Beam","floor":34},{"not_picked":["Steam+1","Leap+1"],"picked":"Ball Lightning","floor":35},{"not_picked":["Flash of Steel","Panacea"],"picked":"Dark Shackles","floor":37}],"player_experience":15486,"relics_obtained":[{"floor":9.0,"key":"Bottled Lightning"},{"floor":10.0,"key":"Odd Mushroom"},{"floor":13.0,"key":"Ancient Tea Set"},{"floor":26,"key":"Potion Belt"},{"floor":38,"key":"Question Card"}],"event_choices":[{"event_name":"Shining Light","player_choice":"Entered Light","floor":5.0,"damage_taken":0.0},{"event_name":"Mushrooms","player_choice":"Fought Mushrooms","floor":10.0,"damage_taken":0.0},{"event_name":"Addict","player_choice":"Obtained Relic","floor":19,"damage_taken":0},{"event_name":"Beggar","player_choice":"Ignored","floor":20,"damage_taken":0},{"event_name":"Nest","player_choice":"Joined the Cult","floor":22,"damage_taken":0},{"event_name":"Ghosts","player_choice":"Ignored","floor":29,"damage_taken":0},{"event_name":"Golden Shrine","player_choice":"Desecrate","floor":36,"damage_taken":0},{"event_name":"SensoryStone","player_choice":"Memory 1","floor":37,"damage_taken":0},{"event_name":"Tomb of Lord Red Mask","player_choice":"Ignored","floor":39,"damage_taken":0}],"is_beta":false,"boss_relics":[{"not_picked":["Busted Crown","Cursed Key"],"picked":"Inserter"},{"not_picked":["Astrolabe","Runic Dome"],"picked":"Orrery"}],"items_purged_floors":[],"is_endless":false,"potions_floor_spawned":[2,4,8,10,13,16,21,28,31,33],"killed_by":"Giant Head","ascension_level":0}