{"gold_per_floor":[119,132,82,257,270,301,301,336,363,378,405,405,405,60,60,60],"floor_reached":16,"playtime":618,"items_purged":[],"score":195,"play_id":"5e26705a-cedd-42b1-886b-af3527787c16","local_time":"20190520193351","is_ascension_mode":true,"campfire_choices":[{"data":"Bash","floor":7.0,"key":"SMITH"},{"floor":12,"key":"REST"},{"floor":15,"key":"REST"}],"neow_cost":"NONE","seed_source_timestamp":487558107960428,"circlet_count":0,"master_deck":["AscendersBane","Strike_R","Strike_R","Strike_R","Strike_R","Strike_R","Defend_R","Defend_R","Defend_R","Bash+1","Thunderclap","Clothesline","Dropkick","Reaper","Anger","Power Through","Cleave","Limit Break","Corruption"],"special_seed":0,"relics":["Burning Blood","NeowsBlessing","Blood Vial","Centennial Puzzle","Strawberry","Bag of Preparation","Chemical X"],"potions_floor_usage":[10,11],"damage_taken":[{"damage":0.0,"enemies":"2 Louse","floor":1.0,"turns":2.0},{"damage":0.0,"enemies":"Jaw Worm","floor":2.0,"turns":1.0},{"damage":0.0,"enemies":"Cultist","floor":5.0,"turns":1.0},{"damage":27.0,"enemies":"3 Sentries","floor":6.0,"turns":7.0},{"damage":46.0,"enemies":"Lagavulin","floor":8.0,"turns":9.0},{"damage":21,"enemies":"3 Louse","floor":10,"turns":4},{"damage":39,"enemies":"3 Sentries","floor":11,"turns":8},{"damage":74,"enemies":"The Guardian","floor":16,"turns":9}],"seed_played":"6354063883957773265","potions_obtained":[{"floor":2.0,"key":"Weak Potion"},{"floor":5.0,"key":"AttackPotion"},{"floor":8.0,"key":"SkillPotion"},{"floor":10,"key":"LiquidBronze"}],"is_trial":false,"path_per_floor":["M","M","?","?","M","E","R","E","T","M","E","R","?","$","R","B"],"character_chosen":"IRONCLAD","items_purchased":["Chemical X","Limit Break","Corruption"],"campfire_rested":2,"item_purchase_floors":[14,14,14],"current_hp_per_floor":[78,80,80,80,80,59,59,22,29,28,9,35,35,35,61,0],"gold":60,"neow_bonus":"THREE_ENEMY_KILL","is_prod":false,"is_daily":false,"chose_seed":false,"campfire_upgraded":1,"win_rate":0,"timestamp":1558373631,"path_taken":["M","M","?","?","M","E","R","E","T","M","E","R","?","$","R","BOSS"],"build_version":"2019-05-07","purchased_purges":0,"victory":false,"max_hp_per_floor":[80,80,80,80,80,80,80,80,87,87,87,87,87,87,87,87],"card_choices":[{"not_picked":["Wild Strike","Headbutt"],"picked":"Thunderclap","floor":1.0},{"not_picked":["Intimidate","Burning Pact"],"picked":"Clothesline","floor":2.0},{"not_picked":["Burning Pact","Entrench"],"picked":"Dropkick","floor":5.0},{"not_picked":["Hemokinesis","Sentinel"],"picked":"Reaper","floor":6.0},{"not_picked":["Clash","Burning Pact"],"picked":"Anger","floor":8.0},{"not_picked":["Sword Boomerang","Rage"],"picked":"Power Through","floor":10},{"not_picked":["Pommel Strike","Sword Boomerang"],"picked":"Cleave","floor":11}],"player_experience":405335,"relics_obtained":[{"floor":6.0,"key":"Blood Vial"},{"floor":8.0,"key":"Centennial Puzzle"},{"floor":9.0,"key":"Strawberry"},{"floor":11,"key":"Bag of Preparation"}],"event_choices":[{"cards_removed":["Defend_R"],"damage_healed":0.0,"max_hp_gain":0.0,"max_hp_loss":0.0,"gold_gain":0.0,"event_name":"The Cleric","player_choice":"Card Removal","floor":3.0,"gold_loss":50.0,"damage_taken":0.0},{"damage_healed":0.0,"max_hp_gain":0.0,"max_hp_loss":0.0,"gold_gain":175.0,"event_name":"Liars Game","player_choice":"AGREE","floor":4.0,"gold_loss":0.0,"damage_taken":0.0,"cards_obtained":["Doubt"]},{"cards_removed":["Doubt"],"damage_healed":0,"gold_gain":0,"player_choice":"Removed Curses","damage_taken":0,"max_hp_gain":0,"max_hp_loss":0,"event_name":"Fountain of Cleansing","floor":13,"gold_loss":0}],"is_beta":true,"boss_relics":[],"items_purged_floors":[],"is_endless":false,"potions_floor_spawned":[2,5,8,10],"killed_by":"The Guardian","ascension_level":13}