{"path_per_floor":["M","$","?","?","M","R","?","M","T","M","R","M","E","M","R","B",null,"M","M","?","?","?","R","M","R","T","R","M","M","M","M","R","B",null,"M","M","?","?","M","R","E","M","T","M","?","R","$","M","R","B"],"character_chosen":"IRONCLAD","items_purchased":["Flex","Ice Cream","Shuriken","Thinking Ahead"],"gold_per_floor":[112,59,59,59,76,76,96,107,107,125,125,135,165,182,182,286,286,297,309,309,339,339,339,352,352,352,352,365,385,401,416,416,512,512,531,542,764,817,837,837,864,878,878,889,889,889,82,94,94,94],"floor_reached":51,"campfire_rested":5,"playtime":2901,"current_hp_per_floor":[80,80,77,77,77,77,59,65,65,69,69,64,40,46,70,42,80,80,79,63,43,43,43,18,42,42,42,48,54,44,50,74,45,83,66,76,76,51,19,43,36,42,42,47,68,68,68,40,64,10],"items_purged":["Writhe"],"gold":94,"score":533,"play_id":"ccc2e49d-2447-49c6-a6b0-c4a6476bf537","is_prod":false,"is_daily":false,"is_ascension_mode":false,"campfire_upgraded":5,"path_taken":["M","$","?","?","M","R","?","M","T","M","R","M","E","M","R","BOSS","M","M","?","?","?","R","M","R","T","R","M","M","?","M","R","BOSS","M","?","?","?","?","R","E","M","T","M","?","R","$","M","R","BOSS"],"build_version":"2018-02-16-BETA2","purchased_purges":1,"victory":true,"master_deck":["Strike_R","Strike_R","Strike_R","Strike_R","Strike_R","Defend_R","Defend_R","Defend_R","Defend_R","Bash","Demon Form+1","Flex+1","Ghostly Armor","Infernal Blade+1","Flex+1","Limit Break+1","Inflame","Pommel Strike","Perfected Strike","Havoc+1","Flex+1","Heavy Blade","Whirlwind+1","Cleave+1","Cleave+1","Thinking Ahead"],"max_hp_per_floor":[80,80,80,80,80,80,80,80,80,80,80,80,80,80,80,80,80,80,80,80,80,80,80,83,83,83,83,83,83,83,83,83,83,83,83,83,83,83,83,83,83,83,83,83,83,83,83,83,83,83],"relics":["Burning Blood","Calipers","Odd Mushroom","Bag of Preparation","Bag of Marbles","Sozu","Enchiridion","Red Mask","Mummified Hand","Black Star","Gambling Chip","Toolbox","Centennial Puzzle","Thread and Needle","Ice Cream","Shuriken"],"card_choices":[{"not_picked":["Flame Barrier","Havoc"],"picked":"Ghostly Armor"},{"not_picked":["True Grit","Clothesline"],"picked":"Infernal Blade"},{"not_picked":["Havoc","Uppercut"],"picked":"Flex"},{"not_picked":["Brutality","Juggernaut"],"picked":"Limit Break"},{"not_picked":["Carnage","Dropkick"],"picked":"Inflame"},{"not_picked":["Shrug It Off","Twin Strike"],"picked":"Pommel Strike"},{"not_picked":["Corruption","Twin Strike"],"picked":"Perfected Strike"},{"not_picked":["Power Through","Fiend Fire"],"picked":"Havoc"},{"not_picked":["Headbutt","Twin Strike"],"picked":"Flex"},{"not_picked":["Body Slam","Pommel Strike"],"picked":"Heavy Blade"},{"not_picked":["Warcry","Rage"],"picked":"Whirlwind"},{"not_picked":["True Grit","Hemokinesis"],"picked":"Cleave"},{"not_picked":["Havoc","Evolve"],"picked":"Cleave"}],"player_experience":67268,"potions_floor_usage":[8],"damage_taken":[{"damage":3,"enemies":"2 Louse","floor":1,"turns":4},{"damage":6,"enemies":"Cultist","floor":5,"turns":3},{"damage":24,"enemies":"The Mushroom Lair","floor":7,"turns":5},{"damage":0,"enemies":"Small Slimes","floor":8,"turns":2},{"damage":2,"enemies":"Blue Slaver","floor":10,"turns":4},{"damage":11,"enemies":"Red Slaver","floor":12,"turns":5},{"damage":30,"enemies":"Gremlin Nob","floor":13,"turns":4},{"damage":0,"enemies":"Looter","floor":14,"turns":1},{"damage":34,"enemies":"Hexaghost","floor":16,"turns":8},{"damage":5,"enemies":"Spheric Guardian","floor":18,"turns":3},{"damage":7,"enemies":"Shell Parasite","floor":19,"turns":5},{"damage":26,"enemies":"Masked Bandits","floor":21,"turns":5},{"damage":34,"enemies":"Cultist and Chosen","floor":24,"turns":6},{"damage":0,"enemies":"Chosen and Byrds","floor":28,"turns":6},{"damage":0,"enemies":"Snecko","floor":29,"turns":2},{"damage":16,"enemies":"Sentry and Sphere","floor":30,"turns":5},{"damage":0,"enemies":"Centurion and Healer","floor":31,"turns":1},{"damage":35,"enemies":"Automaton","floor":33,"turns":5},{"damage":23,"enemies":"Flame Bruiser 1 Orb","floor":35,"turns":3},{"damage":4,"enemies":"3 Shapes","floor":36,"turns":3},{"damage":31,"enemies":"Mysterious Sphere","floor":38,"turns":3},{"damage":38,"enemies":"Maw","floor":39,"turns":6},{"damage":13,"enemies":"2 Orb Walkers","floor":41,"turns":3},{"damage":0,"enemies":"Flame Bruiser 2 Orb","floor":42,"turns":2},{"damage":1,"enemies":"Sphere and 2 Shapes","floor":44,"turns":1},{"damage":34,"enemies":"4 Shapes","floor":48,"turns":3},{"damage":60,"enemies":"Time Eater","floor":50,"turns":8}],"event_choices":[{"event_name":"Scrap Ooze","player_choice":"success","floor":3,"damage_taken":3},{"event_name":"Living Wall","player_choice":"Grow","floor":4,"damage_taken":0},{"event_name":"Mushrooms","player_choice":"Fought Mushrooms","floor":7,"damage_taken":0},{"event_name":"Cursed Tome","player_choice":"Obtained Book","floor":20,"damage_taken":0},{"event_name":"Masked Bandits","player_choice":"Fought over 309 gold","floor":21,"damage_taken":0},{"event_name":"Vampires","player_choice":"Ignored","floor":22,"damage_taken":0},{"event_name":"Tomb of Lord Red Mask","player_choice":"Wore Mask","floor":37,"damage_taken":0},{"event_name":"Mysterious Sphere","player_choice":"Fight","floor":38,"damage_taken":0},{"event_name":"Winding Halls","player_choice":"Writhe","floor":45,"damage_taken":0}],"boss_relics":[{"not_picked":["Astrolabe","Ectoplasm"],"picked":"Sozu"},{"not_picked":["Velvet Choker","White Beast Statue"],"picked":"Black Star"}],"potions_floor_spawned":[5,7,12,13,19,21,24,29,33,38,39,41,42,48],"seed_played":"8258956433961337997","ascension_level":0,"is_trial":false}