{"path_per_floor":["M","?","?","?","?","R","M","R","T","E","M","M","M","E","R","B",null,"M","M","?","?","$","R","?","?","T","M","?","M","R","M","R","B",null,"M","M","M","?","?","R","?","M","T","R","M","M"],"character_chosen":"IRONCLAD","items_purchased":["Gambling Chip"],"gold_per_floor":[111,111,286,286,286,286,296,296,364,396,415,426,436,466,466,564,564,582,597,597,597,218,218,243,168,168,178,148,159,159,173,173,269,269,285,302,316,316,316,316,316,335,335,335,350,370],"floor_reached":47,"campfire_rested":4,"playtime":4042,"current_hp_per_floor":[72,72,72,60,60,60,65,65,65,57,62,56,52,41,62,25,72,40,18,18,2,2,23,26,26,26,19,19,12,33,39,61,46,75,75,75,69,69,60,60,53,38,38,38,48,40],"items_purged":["Doubt"],"gold":370,"score":437,"play_id":"4a14f4d0-378f-4c4f-9faf-bf3fb9cbf93c","is_prod":false,"is_daily":false,"is_ascension_mode":false,"campfire_upgraded":4,"path_taken":["M","?","?","?","?","R","?","R","T","E","M","?","M","E","R","BOSS","M","M","?","?","$","R","?","?","T","M","?","M","R","M","R","BOSS","M","M","M","?","?","R","?","M","T","R","M","?","?"],"build_version":"2018-02-19-BETA1","purchased_purges":1,"victory":false,"master_deck":["Strike_R","Strike_R","Strike_R+1","Defend_R","Defend_R","Defend_R","Bash+1","Inflame+1","Pommel Strike","Pommel Strike","Limit Break+1","Dual Wield","Infernal Blade+1","Demon Form+1","Cleave","Armaments+1","Armaments+1","Madness","Madness","Parasite","Flex+1","Heavy Blade+1"],"max_hp_per_floor":[72,72,72,72,72,72,72,72,72,72,72,72,72,72,72,72,72,72,72,72,72,72,72,72,72,72,72,72,72,72,75,75,75,75,75,75,75,75,75,75,75,75,75,75,75,75],"relics":["Black Blood","Dodecahedron","Mercury Hourglass","Toolbox","Ginger","Charon\u0027s Ashes","Nilry\u0027s Codex","Gambling Chip","Red Mask","Vajra","Cursed Key","Du-Vu Doll"],"card_choices":[{"not_picked":["Cleave","Uppercut"],"picked":"Inflame"},{"not_picked":["Evolve","Blood for Blood"],"picked":"Pommel Strike"},{"not_picked":["Bloodletting","Metallicize"],"picked":"Pommel Strike"},{"not_picked":["Blood for Blood","Inflame"],"picked":"Limit Break"},{"not_picked":["Headbutt","Clothesline"],"picked":"Dual Wield"},{"not_picked":["Shockwave","Flame Barrier"],"picked":"Infernal Blade"},{"not_picked":["Fiend Fire","Feed"],"picked":"Demon Form"},{"not_picked":["Heavy Blade","Infernal Blade"],"picked":"Cleave"},{"not_picked":["Flame Barrier","True Grit"],"picked":"Armaments"},{"not_picked":["Shrug It Off","Clash"],"picked":"Armaments"},{"not_picked":["Headbutt","Entrench"],"picked":"Flex"},{"not_picked":["Havoc","Pommel Strike"],"picked":"Heavy Blade"}],"player_experience":94562,"potions_floor_usage":[10,16,24,24,27,27,29,31,36,45,46],"damage_taken":[{"damage":2,"enemies":"2 Louse","floor":1,"turns":3},{"damage":1,"enemies":"Cultist","floor":7,"turns":3},{"damage":14,"enemies":"Gremlin Nob","floor":10,"turns":3},{"damage":1,"enemies":"Jaw Worm","floor":11,"turns":2},{"damage":12,"enemies":"2 Fungi Beasts","floor":12,"turns":3},{"damage":10,"enemies":"Looter","floor":13,"turns":2},{"damage":21,"enemies":"Lagavulin","floor":14,"turns":5},{"damage":43,"enemies":"Hexaghost","floor":16,"turns":6},{"damage":42,"enemies":"2 Thieves","floor":18,"turns":4},{"damage":32,"enemies":"Shell Parasite","floor":19,"turns":4},{"damage":13,"enemies":"Masked Bandits","floor":24,"turns":3},{"damage":17,"enemies":"Centurion and Healer","floor":27,"turns":5},{"damage":17,"enemies":"Slaver and Parasite","floor":29,"turns":5},{"damage":7,"enemies":"Chosen and Byrds","floor":31,"turns":3},{"damage":25,"enemies":"Collector","floor":33,"turns":6},{"damage":6,"enemies":"Flame Bruiser 1 Orb","floor":35,"turns":3},{"damage":9,"enemies":"Orb Walker","floor":36,"turns":3},{"damage":16,"enemies":"Flame Bruiser 2 Orb","floor":37,"turns":3},{"damage":25,"enemies":"Maw","floor":42,"turns":6},{"damage":0,"enemies":"3 Darklings","floor":45,"turns":1},{"damage":18,"enemies":"Flame Bruiser 2 Orb","floor":46,"turns":4},{"damage":48,"enemies":"Spire Growth","floor":47,"turns":4}],"event_choices":[{"event_name":"Upgrade Shrine","player_choice":"Upgraded","floor":2,"damage_taken":0},{"event_name":"Liars Game","player_choice":"agreed","floor":3,"damage_taken":0},{"event_name":"Scrap Ooze","player_choice":"success","floor":4,"damage_taken":12},{"event_name":"The Lab","player_choice":"Got Potions","floor":5,"damage_taken":0},{"event_name":"The Mausoleum","player_choice":"Yes","floor":20,"damage_taken":0},{"event_name":"Cursed Tome","player_choice":"Obtained Book","floor":21,"damage_taken":0},{"event_name":"Masked Bandits","player_choice":"Fought over 218 gold","floor":24,"damage_taken":0},{"event_name":"Beggar","player_choice":"Gave Gold","floor":25,"damage_taken":0},{"event_name":"The Woman in Blue","player_choice":"Bought 2 Potions","floor":28,"damage_taken":0},{"event_name":"Mysterious Sphere","player_choice":"Ignore","floor":38,"damage_taken":0},{"event_name":"Winding Halls","player_choice":"Embrace Madness","floor":39,"damage_taken":0},{"event_name":"Wheel of Change","player_choice":"Damage","floor":41,"damage_taken":0}],"boss_relics":[{"not_picked":["Snecko Eye","Orrery"],"picked":"Black Blood"},{"not_picked":["Question Card","Astrolabe"],"picked":"Cursed Key"}],"potions_floor_spawned":[7,16,19,24,27,36,42],"seed_played":"2725056539253293017","killed_by":"Spire Growth","ascension_level":0,"is_trial":false}