{"gold_per_floor":[116,132,132,150,150,150,184,194,194,194,204,215,16,16,16,16],"floor_reached":16,"playtime":609,"items_purged":["Strike_R"],"score":179,"play_id":"67095120-ec64-4e5c-bd30-ebf0d08df8c0","local_time":"20190521214337","is_ascension_mode":true,"campfire_choices":[{"data":"Armaments","floor":6,"key":"SMITH"},{"floor":10,"key":"REST"},{"floor":15,"key":"REST"}],"neow_cost":"PERCENT_DAMAGE","seed_source_timestamp":581806895341056,"circlet_count":0,"master_deck":["AscendersBane","Strike_R+1","Strike_R","Strike_R","Strike_R","Defend_R+1","Defend_R","Defend_R","Bash+1","Armaments+1","Shrug It Off+1","Iron Wave","Thunderclap","Bash","Inflame","Dropkick"],"relics":["Burning Blood","War Paint","Smiling Mask","PreservedInsect"],"potions_floor_usage":[12,16,16],"damage_taken":[{"damage":9,"enemies":"2 Louse","floor":1,"turns":4},{"damage":1,"enemies":"Cultist","floor":2,"turns":3},{"damage":10,"enemies":"Small Slimes","floor":4,"turns":4},{"damage":40,"enemies":"Gremlin Nob","floor":7,"turns":5},{"damage":15,"enemies":"Exordium Thugs","floor":8,"turns":6},{"damage":4,"enemies":"Looter","floor":11,"turns":4},{"damage":9,"enemies":"Exordium Wildlife","floor":12,"turns":3},{"damage":59,"enemies":"The Guardian","floor":16,"turns":13}],"seed_played":"8390417074362369383","potions_obtained":[{"floor":2,"key":"BloodPotion"},{"floor":11,"key":"Weak Potion"},{"floor":12,"key":"BloodPotion"}],"is_trial":false,"path_per_floor":["M","M","?","M","?","R","E","M","T","R","M","M","$","?","R","B"],"character_chosen":"IRONCLAD","items_purchased":["PreservedInsect"],"campfire_rested":2,"item_purchase_floors":[13],"current_hp_per_floor":[61,66,66,62,62,62,28,19,19,45,47,52,52,25,51,0],"gold":16,"neow_bonus":"TWENTY_PERCENT_HP_BONUS","is_prod":false,"is_daily":false,"chose_seed":false,"campfire_upgraded":1,"win_rate":0,"timestamp":1558467817,"path_taken":["M","M","?","?","?","R","E","M","T","R","M","?","$","?","R","BOSS"],"build_version":"2019-05-07","purchased_purges":1,"victory":false,"max_hp_per_floor":[89,89,89,89,89,89,89,89,89,89,89,89,89,89,89,89],"card_choices":[{"not_picked":["Heavy Blade","Havoc"],"picked":"Armaments","floor":1},{"not_picked":["Heavy Blade","Metallicize"],"picked":"Shrug It Off","floor":2},{"not_picked":["Perfected Strike","Armaments"],"picked":"Iron Wave","floor":4},{"not_picked":["Flex","Dual Wield"],"picked":"Dropkick","floor":7},{"not_picked":["Thunderclap","Burning Pact","Warcry"],"picked":"SKIP","floor":8},{"not_picked":["Body Slam","Wild Strike","Sword Boomerang"],"picked":"SKIP","floor":11},{"not_picked":["Seeing Red","Power Through","Wild Strike"],"picked":"SKIP","floor":12}],"player_experience":418998,"relics_obtained":[{"floor":7,"key":"War Paint"},{"floor":9,"key":"Smiling Mask"}],"event_choices":[{"cards_removed":["Defend_R"],"damage_healed":0,"gold_gain":0,"player_choice":"Offered Basic","damage_taken":0,"max_hp_gain":0,"max_hp_loss":0,"event_name":"Bonfire Elementals","floor":3,"gold_loss":0},{"damage_healed":0,"gold_gain":0,"player_choice":"3 cards matched","damage_taken":0,"max_hp_gain":0,"max_hp_loss":0,"event_name":"Match and Keep!","floor":5,"gold_loss":0,"cards_obtained":["Thunderclap","Bash","Inflame"]},{"damage_healed":0,"gold_gain":0,"player_choice":"Entered Light","damage_taken":27,"max_hp_gain":0,"max_hp_loss":0,"event_name":"Shining Light","floor":14,"gold_loss":0,"cards_upgraded":["Bash","Strike_R"]}],"is_beta":true,"boss_relics":[],"items_purged_floors":[13],"is_endless":false,"potions_floor_spawned":[2,11,12],"killed_by":"The Guardian","ascension_level":15}