{"path_per_floor":["M","?","?","M","$","R","E","R","T","E","?","?","?","M","R","B",null,"M","?","M","$","T","R","$","R","T","E","?","M","?","E","R","B",null,"M","?","M","M","?","?"],"character_chosen":"IRONCLAD","items_purchased":["Singing Bowl","Secret Weapon","Flex","Shrug It Off","Offering"],"gold_per_floor":[118,118,193,205,48,48,82,82,82,114,114,114,79,97,97,221,221,234,434,459,145,215,215,7,7,7,48,48,69,69,102,102,233,233,252,252,271,294,294,627],"floor_reached":41,"campfire_rested":2,"playtime":2929,"current_hp_per_floor":[72,72,61,57,57,57,29,50,50,36,36,36,54,62,62,54,76,56,56,57,57,59,59,59,59,61,53,37,53,53,39,82,20,95,89,100,90,50,50,50],"items_purged":["Strike_R","Injury"],"gold":627,"score":534,"play_id":"92839dcb-d221-4707-baa5-7a7de7fcf948","local_time":"20180302201812","is_prod":false,"is_daily":false,"is_ascension_mode":true,"campfire_upgraded":4,"timestamp":1520018292,"path_taken":["M","?","?","?","$","R","E","R","T","E","?","?","?","M","R","BOSS","M","?","?","?","?","R","$","R","T","E","?","M","?","E","R","BOSS","M","?","M","M","?","?","E"],"build_version":"2018-03-01-BETA2","purchased_purges":2,"victory":false,"master_deck":["Strike_R+1","Strike_R+1","Strike_R+1","Defend_R+1","Defend_R+1","Defend_R+1","Bash","Flex+1","Pommel Strike","Pommel Strike","Rampage+1","Double Tap","Secret Weapon+1","Flex","Shrug It Off","Offering+1","Necronomicurse","Burning Pact+1","Feed","Writhe","Shrug It Off+1"],"max_hp_per_floor":[72,72,72,72,72,72,72,72,72,72,72,72,72,74,74,76,76,78,78,80,80,82,82,82,82,84,86,86,88,88,95,95,95,95,100,100,102,102,102,102],"relics":["Burning Blood","Smiling Mask","Singing Bowl","Prayer Wheel","Meat on the Bone","Orichalcum","Spirit Poop","Lizard Tail","Gremlin Horn","Juzu Bracelet","Regal Pillow","Necronomicon","Strawberry","Black Star"],"card_choices":[{"not_picked":["Anger","Pummel"],"picked":"Flex"},{"not_picked":["Sever Soul","Dual Wield"],"picked":"Pommel Strike"},{"not_picked":["Thunderclap","Second Wind"],"picked":"Pommel Strike"},{"not_picked":["Havoc","Cleave"],"picked":"Rampage"},{"not_picked":["Warcry","Entrench"],"picked":"Double Tap"},{"not_picked":["Second Wind","Rampage"],"picked":"Burning Pact"},{"not_picked":["Immolate","Berserk"],"picked":"Feed"},{"not_picked":["Warcry","Cleave"],"picked":"Shrug It Off"}],"player_experience":152888,"potions_floor_usage":[16,27,31,33,35,38,41],"damage_taken":[{"damage":6,"enemies":"Cultist","floor":1,"turns":3},{"damage":10,"enemies":"Jaw Worm","floor":4,"turns":3},{"damage":34,"enemies":"Gremlin Nob","floor":7,"turns":4},{"damage":32,"enemies":"Lagavulin","floor":10,"turns":6},{"damage":0,"enemies":"2 Louse","floor":14,"turns":1},{"damage":28,"enemies":"Slime Boss","floor":16,"turns":7},{"damage":40,"enemies":"Shell Parasite","floor":18,"turns":5},{"damage":7,"enemies":"3 Byrds","floor":20,"turns":6},{"damage":28,"enemies":"Gremlin Leader","floor":27,"turns":4},{"damage":4,"enemies":"Sentry and Sphere","floor":29,"turns":3},{"damage":39,"enemies":"Slavers","floor":31,"turns":5},{"damage":148,"enemies":"Collector","floor":33,"turns":7},{"damage":17,"enemies":"3 Shapes","floor":35,"turns":4},{"damage":18,"enemies":"Orb Walker","floor":37,"turns":4},{"damage":58,"enemies":"4 Shapes","floor":38,"turns":7},{"damage":71,"enemies":"Giant Head","floor":41,"turns":6}],"event_choices":[{"event_name":"Big Fish","player_choice":"Box","floor":2,"damage_taken":0},{"event_name":"World of Goop","player_choice":"Gather Gold","floor":3,"damage_taken":0},{"event_name":"Golden Idol","player_choice":"Take Wound","floor":11,"damage_taken":0},{"event_name":"Bonfire Elementals","player_choice":"CURSE","floor":12,"damage_taken":0},{"event_name":"The Cleric","player_choice":"Healed","floor":13,"damage_taken":0},{"event_name":"Wheel of Change","player_choice":"Gold","floor":19,"damage_taken":0},{"event_name":"Cursed Tome","player_choice":"Obtained Book","floor":28,"damage_taken":0},{"event_name":"Back to Basics","player_choice":"Simplicity","floor":30,"damage_taken":0},{"event_name":"Winding Halls","player_choice":"Writhe","floor":36,"damage_taken":0},{"event_name":"Mysterious Sphere","player_choice":"Ignore","floor":39,"damage_taken":0},{"event_name":"The Moai Head","player_choice":"Gave Idol","floor":40,"damage_taken":0}],"boss_relics":[{"not_picked":["Velvet Choker","Pandora\u0027s Box"],"picked":"Lizard Tail"},{"not_picked":["White Beast Statue","Runic Dome"],"picked":"Black Star"}],"potions_floor_spawned":[4,7,10,20,31,33,37],"seed_played":"-2454392757700323466","killed_by":"Giant Head","ascension_level":4,"is_trial":false}