{"gold_per_floor":[16,27,39,49,68,96,151,151,151,177,190,217,167,184,184,285,285,297,312,323,79,93,122,122,151,175,206,221,221,256,10,10,108,108,123,143,156,0,0,0,0,12,12,24,41,56,66,76,76,76,76,76,17,45,45],"floor_reached":56,"playtime":9782,"items_purged":["Strike_R","Defend_R"],"score":1832,"play_id":"900c282b-f343-4122-a7a7-f3020f0c0c51","local_time":"20190521210532","is_ascension_mode":true,"campfire_choices":[{"floor":8.0,"key":"REST"},{"data":"Warcry","floor":15.0,"key":"SMITH"},{"data":"Havoc","floor":29,"key":"SMITH"},{"data":"Seeing Red","floor":32,"key":"SMITH"},{"floor":40,"key":"RECALL"},{"data":"Burning Pact","floor":49,"key":"SMITH"},{"floor":52,"key":"REST"}],"neow_cost":"NO_GOLD","seed_source_timestamp":0,"circlet_count":0,"master_deck":["Strike_R+1","Defend_R+1","Bash+1","Shrug It Off+1","Second Wind+1","Warcry+1","Shrug It Off+1","Flame Barrier+1","Infernal Blade+1","Seeing Red+1","Feel No Pain+1","Second Wind+1","Feed+1","Warcry+1","Havoc+1","Warcry+1","Burning Pact+1","Burning Pact+1","Havoc+1","Fiend Fire+1","Barricade+1","Violence+1","Burning Pact+1","Sentinel"],"special_seed":0,"relics":["Burning Blood","Dead Branch","Singing Bowl","Smiling Mask","Bag of Marbles","Gremlin Horn","Whetstone","Sozu","Medical Kit","Vajra","Centennial Puzzle","Happy Flower","The Courier","Question Card","Dodecahedron","Empty Cage","Mark of the Bloom","Lantern"],"potions_floor_usage":[54,55],"damage_taken":[{"damage":4.0,"enemies":"Small Slimes","floor":1.0,"turns":5.0},{"damage":2.0,"enemies":"2 Louse","floor":2.0,"turns":4.0},{"damage":6.0,"enemies":"Cultist","floor":3.0,"turns":3.0},{"damage":8.0,"enemies":"Blue Slaver","floor":4.0,"turns":4.0},{"damage":0.0,"enemies":"3 Louse","floor":5.0,"turns":3.0},{"damage":19.0,"enemies":"Gremlin Nob","floor":6.0,"turns":5.0},{"damage":15.0,"enemies":"3 Sentries","floor":7.0,"turns":11.0},{"damage":0.0,"enemies":"3 Sentries","floor":10.0,"turns":6.0},{"damage":0.0,"enemies":"Exordium Thugs","floor":11.0,"turns":2.0},{"damage":3.0,"enemies":"Lagavulin","floor":12.0,"turns":6.0},{"damage":4.0,"enemies":"Lots of Slimes","floor":14.0,"turns":3.0},{"damage":23.0,"enemies":"The Guardian","floor":16.0,"turns":10.0},{"damage":5.0,"enemies":"3 Byrds","floor":18.0,"turns":4.0},{"damage":2.0,"enemies":"Chosen","floor":19.0,"turns":5.0},{"damage":0.0,"enemies":"Snake Plant","floor":20.0,"turns":3.0},{"damage":5,"enemies":"Snecko","floor":22,"turns":3},{"damage":5,"enemies":"Gremlin Leader","floor":23,"turns":5},{"damage":0,"enemies":"Book of Stabbing","floor":25,"turns":3},{"damage":0,"enemies":"Gremlin Leader","floor":27,"turns":4},{"damage":0,"enemies":"Cultist and Chosen","floor":28,"turns":4},{"damage":0,"enemies":"Slavers","floor":30,"turns":2},{"damage":0,"enemies":"Champ","floor":33,"turns":5},{"damage":0,"enemies":"Orb Walker","floor":35,"turns":2},{"damage":0,"enemies":"3 Darklings","floor":36,"turns":3},{"damage":3,"enemies":"Maw","floor":37,"turns":4},{"damage":0,"enemies":"4 Shapes","floor":42,"turns":3},{"damage":0,"enemies":"Sphere and 2 Shapes","floor":44,"turns":4},{"damage":0,"enemies":"Writhing Mass","floor":45,"turns":3},{"damage":0,"enemies":"Jaw Worm Horde","floor":46,"turns":3},{"damage":0,"enemies":"Maw","floor":47,"turns":1},{"damage":0,"enemies":"Spire Growth","floor":48,"turns":2},{"damage":0,"enemies":"Donu and Deca","floor":50,"turns":7},{"damage":0,"enemies":"Shield and Spear","floor":54,"turns":7},{"damage":0,"enemies":"The Heart","floor":55,"turns":8}],"seed_played":"-2821202368948950574","potions_obtained":[{"floor":2.0,"key":"Fire Potion"},{"floor":3.0,"key":"Poison Potion"},{"floor":5.0,"key":"SteroidPotion"},{"floor":10.0,"key":"PowerPotion"},{"floor":14.0,"key":"Swift Potion"},{"floor":16.0,"key":"Fruit Juice"}],"is_trial":false,"path_per_floor":["M","M","M","M","M","E","?","R","T","E","M","E","?","M","R","B",null,"M","M","M","$","M","E","?","E","T","E","M","R","E","$","R","B",null,"M","M","M","$","?","R","?","M","T","M","M","M","M","M","R","B",null,"R","$","E","B",null],"character_chosen":"IRONCLAD","items_purchased":["Medical Kit","Dodecahedron","Violence","Sentinel"],"campfire_rested":2,"item_purchase_floors":[21,31,38,53],"current_hp_per_floor":[80,80,80,78,80,67,58,80,80,80,80,80,80,83,83,71,88,88,88,90,90,90,90,90,90,90,90,92,92,94,94,94,94,94,96,98,100,100,100,100,100,100,100,100,100,100,100,100,100,100,100,100,100,100,100],"gold":45,"neow_bonus":"ONE_RARE_RELIC","is_prod":false,"is_daily":false,"chose_seed":false,"campfire_upgraded":4,"win_rate":0,"timestamp":1558465532,"path_taken":["M","M","M","M","M","E","?","R","T","E","M","E","?","M","R","BOSS","M","M","M","$","M","E","?","E","T","E","M","R","E","$","R","BOSS","M","?","M","$","?","R","?","M","T","M","?","?","M","M","R","BOSS","R","$","E","BOSS"],"build_version":"2019-01-23","purchased_purges":2,"victory":true,"max_hp_per_floor":[80,80,80,80,80,80,80,80,80,80,80,80,80,83,83,88,88,88,88,90,90,90,90,90,90,90,90,92,92,94,94,94,94,94,96,98,100,100,100,100,100,102,102,108,110,112,112,114,114,114,114,114,114,116,116],"card_choices":[{"not_picked":["Cleave","Heavy Blade"],"picked":"Shrug It Off","floor":1.0},{"not_picked":["Pommel Strike","Metallicize"],"picked":"Second Wind","floor":2.0},{"not_picked":["Armaments","Headbutt"],"picked":"Warcry","floor":3.0},{"not_picked":["Entrench","Armaments"],"picked":"Shrug It Off","floor":4.0},{"not_picked":["Reckless Charge","Entrench"],"picked":"Flame Barrier","floor":5.0},{"not_picked":["Bloodletting","Ghostly Armor"],"picked":"Infernal Blade","floor":6.0},{"not_picked":["Metallicize","Body Slam"],"picked":"Seeing Red","floor":7.0},{"not_picked":["Demon Form","Cleave"],"picked":"Feel No Pain","floor":10.0},{"not_picked":["Twin Strike","Hemokinesis"],"picked":"Second Wind","floor":11.0},{"not_picked":["Ghostly Armor","Battle Trance"],"picked":"Feed","floor":12.0},{"not_picked":["True Grit","Twin Strike"],"picked":"Warcry","floor":14.0},{"not_picked":["Brutality","Dark Embrace","Limit Break"],"picked":"Singing Bowl","floor":16.0},{"not_picked":["Disarm","Rage"],"picked":"Havoc+1","floor":18.0},{"not_picked":["Clothesline+1","Anger"],"picked":"Warcry","floor":19.0},{"not_picked":["Twin Strike+1","True Grit","Entrench"],"picked":"Singing Bowl","floor":20.0},{"not_picked":["Sword Boomerang","Heavy Blade+1"],"picked":"Burning Pact","floor":22},{"not_picked":["Headbutt","Cleave"],"picked":"Burning Pact","floor":23},{"not_picked":["Dark Embrace","Shockwave+1"],"picked":"Havoc","floor":25},{"not_picked":["Pommel Strike+1","Shrug It Off"],"picked":"Fiend Fire","floor":27},{"not_picked":["Wild Strike","Headbutt","Rage+1"],"picked":"Singing Bowl","floor":28},{"not_picked":["Pommel Strike+1","Sword Boomerang","Metallicize"],"picked":"Singing Bowl","floor":30},{"not_picked":["Double Tap","Reaper","Dark Embrace"],"picked":"Barricade","floor":33},{"not_picked":["Heavy Blade+1","Thunderclap","Warcry","Armaments+1"],"picked":"Singing Bowl","floor":35},{"not_picked":["Combust+1","Iron Wave","Sword Boomerang+1","Shrug It Off"],"picked":"Singing Bowl","floor":36},{"not_picked":["True Grit","Fiend Fire","Clothesline","Rage"],"picked":"Singing Bowl","floor":37},{"not_picked":["Clash","Wild Strike+1","Anger","Heavy Blade+1"],"picked":"Singing Bowl","floor":42},{"not_picked":["Heavy Blade+1","Headbutt","Clothesline","Flex"],"picked":"Singing Bowl","floor":44},{"not_picked":["Cleave+1","Double Tap","Perfected Strike","Clothesline"],"picked":"Singing Bowl","floor":45},{"not_picked":["Wild Strike+1","Havoc","Sword Boomerang+1","Metallicize+1"],"picked":"Singing Bowl","floor":46},{"not_picked":["Intimidate+1","Twin Strike","Armaments+1"],"picked":"Burning Pact","floor":47},{"not_picked":["Second Wind","Shrug It Off+1","Twin Strike","Sword Boomerang+1"],"picked":"Singing Bowl","floor":48},{"not_picked":["Anger","Brutality","Shrug It Off","Clash+1"],"picked":"Singing Bowl","floor":54}],"player_experience":146173,"relics_obtained":[{"floor":6.0,"key":"Singing Bowl"},{"floor":9.0,"key":"Bag of Marbles"},{"floor":10.0,"key":"Gremlin Horn"},{"floor":12.0,"key":"Whetstone"},{"floor":23,"key":"Vajra"},{"floor":25,"key":"Centennial Puzzle"},{"floor":26,"key":"Happy Flower"},{"floor":27,"key":"The Courier"},{"floor":30,"key":"Question Card"},{"floor":54,"key":"Lantern"}],"event_choices":[{"damage_healed":0.0,"max_hp_gain":0.0,"max_hp_loss":0.0,"gold_gain":0.0,"event_name":"Dead Adventurer","player_choice":"Searched \u00273\u0027 times","floor":7.0,"gold_loss":0.0,"damage_taken":0.0,"relics_obtained":["Smiling Mask"]},{"cards_removed":["Strike_R"],"damage_healed":0.0,"max_hp_gain":0.0,"max_hp_loss":0.0,"gold_gain":0.0,"event_name":"The Cleric","player_choice":"Card Removal","floor":13.0,"gold_loss":50.0,"damage_taken":0.0},{"cards_removed":["Defend_R"],"damage_healed":0,"gold_gain":0,"player_choice":"Offered Basic","damage_taken":0,"max_hp_gain":0,"max_hp_loss":0,"event_name":"Bonfire Elementals","floor":24,"gold_loss":0},{"damage_healed":0,"gold_gain":0,"player_choice":"Upgrade","damage_taken":0,"relics_obtained":["Mark of the Bloom"],"max_hp_gain":0,"max_hp_loss":0,"event_name":"MindBloom","floor":39,"gold_loss":0,"cards_upgraded":["Strike_R","Defend_R","Shrug It Off","Second Wind","Warcry","Shrug It Off","Flame Barrier","Infernal Blade","Feel No Pain","Second Wind","Feed","Warcry","Burning Pact","Burning Pact","Fiend Fire","Barricade","Violence"]},{"cards_removed":["Strike_R"],"damage_healed":0,"gold_gain":0,"player_choice":"Removed Attack","damage_taken":0,"max_hp_gain":0,"max_hp_loss":0,"event_name":"Falling","floor":41,"gold_loss":0}],"is_beta":false,"boss_relics":[{"not_picked":["Busted Crown","Black Blood"],"picked":"Sozu"},{"not_picked":["Velvet Choker","Fusion Hammer"],"picked":"Empty Cage"}],"items_purged_floors":[21,31],"is_endless":false,"potions_floor_spawned":[2,3,5,10,14,16,20,22,23,28,35,42,45,46],"ascension_level":3}