{"path_per_floor":["M","?","?","M","M","R","$","M","T","R","$","?","R","M","R","B",null,"M","?","M","?","M","R","E","R","T","M","?","M","T","M","R","B",null,"M","?","$","?","M","R","M","M","T","R","$","R","M","M","R","B"],"character_chosen":"IRONCLAD","items_purchased":["Headbutt","Apotheosis"],"gold_per_floor":[115,115,65,80,97,97,22,36,63,63,11,11,11,21,21,117,117,135,135,149,49,63,63,94,94,94,112,112,127,127,142,142,243,243,258,258,47,47,58,58,70,86,86,86,86,86,104,114,114,114],"floor_reached":51,"campfire_rested":5,"playtime":2067,"current_hp_per_floor":[80,80,80,75,76,76,76,66,66,66,66,63,63,57,80,77,80,80,80,80,80,60,60,45,45,45,30,30,33,33,27,51,31,80,54,54,54,54,51,51,42,12,12,36,36,60,76,58,80,8],"items_purged":["Strike_R"],"gold":114,"score":709,"play_id":"c0c57cc7-16d4-47a7-af9a-3da78afc75e5","local_time":"20180306220827","is_prod":false,"is_daily":false,"is_ascension_mode":false,"campfire_upgraded":6,"timestamp":1520370507,"path_taken":["M","?","?","M","?","R","$","M","T","R","?","?","R","M","R","BOSS","M","?","M","?","M","R","E","R","T","M","?","?","?","M","R","BOSS","M","?","?","?","M","R","M","M","T","R","$","R","?","?","R","BOSS"],"build_version":"2018-03-05-BETAv2","purchased_purges":1,"victory":true,"master_deck":["Strike_R","Strike_R","Strike_R","Defend_R","Defend_R+1","Spot Weakness+1","Limit Break+1","Seeing Red+1","Headbutt","Pummel","Double Tap+1","Sword Boomerang+1","Heavy Blade+1","J.A.X.","Inflame","Shockwave","Shrug It Off+1","Battle Trance","Demon Form","Infernal Blade+1","Apotheosis+1","Pommel Strike+1","Inflame+1","Iron Wave+1"],"max_hp_per_floor":[80,80,80,80,80,80,80,80,80,80,80,80,80,80,80,80,80,80,80,80,80,80,80,80,80,80,80,80,80,80,80,80,80,80,80,80,80,80,80,80,80,80,80,80,80,80,80,80,80,80],"relics":["Burning Blood","War Paint","Charon\u0027s Ashes","Runic Dome","Prayer Wheel","Ornamental Fan","Girya","Dead Branch","Lizard Tail","Peace Pipe"],"card_choices":[{"not_picked":["Shockwave","Armaments"],"picked":"Spot Weakness"},{"not_picked":["Combust","Dropkick"],"picked":"Limit Break"},{"not_picked":["Perfected Strike","Blood for Blood"],"picked":"Seeing Red"},{"not_picked":["Twin Strike","Power Through"],"picked":"Pummel"},{"not_picked":["Feed","Berserk"],"picked":"Double Tap"},{"not_picked":["Corruption","Carnage"],"picked":"Sword Boomerang"},{"not_picked":["Headbutt","Sword Boomerang"],"picked":"Heavy Blade"},{"not_picked":["Heavy Blade","Sentinel"],"picked":"Inflame"},{"not_picked":["Armaments","Pommel Strike"],"picked":"Shockwave"},{"not_picked":["Hemokinesis","True Grit"],"picked":"Shrug It Off"},{"not_picked":["Thunderclap","True Grit"],"picked":"Battle Trance"},{"not_picked":["Double Tap","Berserk"],"picked":"Demon Form"},{"not_picked":["Wild Strike","Perfected Strike"],"picked":"Infernal Blade"},{"not_picked":["Clash","Twin Strike"],"picked":"Pommel Strike"},{"not_picked":["Flame Barrier","Rupture"],"picked":"Inflame"},{"not_picked":["Body Slam","Warcry"],"picked":"Iron Wave"}],"player_experience":185841,"potions_floor_usage":[16,24,33,33,48,50],"damage_taken":[{"damage":0,"enemies":"2 Louse","floor":1,"turns":3},{"damage":11,"enemies":"Jaw Worm","floor":4,"turns":2},{"damage":5,"enemies":"Small Slimes","floor":5,"turns":3},{"damage":16,"enemies":"2 Fungi Beasts","floor":8,"turns":4},{"damage":12,"enemies":"3 Louse","floor":14,"turns":3},{"damage":9,"enemies":"Slime Boss","floor":16,"turns":3},{"damage":5,"enemies":"Spheric Guardian","floor":18,"turns":3},{"damage":0,"enemies":"Chosen","floor":20,"turns":4},{"damage":26,"enemies":"Centurion and Healer","floor":22,"turns":3},{"damage":24,"enemies":"Book of Stabbing","floor":24,"turns":2},{"damage":21,"enemies":"Snake Plant","floor":27,"turns":2},{"damage":3,"enemies":"3 Cultists","floor":29,"turns":3},{"damage":12,"enemies":"Centurion and Healer","floor":31,"turns":4},{"damage":26,"enemies":"Collector","floor":33,"turns":3},{"damage":32,"enemies":"3 Shapes","floor":35,"turns":3},{"damage":9,"enemies":"Flame Bruiser 1 Orb","floor":39,"turns":3},{"damage":15,"enemies":"Spire Growth","floor":41,"turns":3},{"damage":36,"enemies":"3 Darklings","floor":42,"turns":4},{"damage":3,"enemies":"Maw","floor":47,"turns":4},{"damage":24,"enemies":"Sphere and 2 Shapes","floor":48,"turns":3},{"damage":78,"enemies":"Awakened One","floor":50,"turns":5}],"event_choices":[{"event_name":"Living Wall","player_choice":"Forget","floor":2,"damage_taken":0},{"event_name":"The Cleric","player_choice":"Card Removal","floor":3,"damage_taken":0},{"event_name":"Scrap Ooze","player_choice":"success","floor":12,"damage_taken":3},{"event_name":"Back to Basics","player_choice":"Elegance","floor":19,"damage_taken":0},{"event_name":"Drug Dealer","player_choice":"Got JAXXED","floor":21,"damage_taken":0},{"event_name":"The Mausoleum","player_choice":"Yes","floor":28,"damage_taken":0},{"event_name":"Mysterious Sphere","player_choice":"Ignore","floor":38,"damage_taken":0}],"boss_relics":[{"not_picked":["Runic Cube","Tiny House"],"picked":"Runic Dome"},{"not_picked":["Orrery","Black Blood"],"picked":"Lizard Tail"}],"potions_floor_spawned":[1,16,18,24,27,29,41,42,48],"seed_played":"-5692124971740311005","ascension_level":0,"is_trial":false}