{"gold_per_floor":[110,124,124,144,144,144,182,207,207,230,250,250,264,285,285,410,410,433,433,433,433,449,449,548,548,548,175,214,22,22,22,22,152,152,170,170,194,209,234,234,268,286,332,353,55,55,55,71,71,71],"floor_reached":51,"playtime":3017,"items_purged":[],"score":799,"play_id":"5edc3ce8-cfdc-4e82-a0f8-6f489fa37f02","local_time":"20181020134641","is_ascension_mode":false,"campfire_choices":[{"data":"Defragment","floor":6.0,"key":"SMITH"},{"data":"Capacitor","floor":15.0,"key":"SMITH"},{"data":"Storm","floor":23.0,"key":"SMITH"},{"data":"Storm","floor":25.0,"key":"SMITH"},{"floor":30.0,"key":"REST"},{"data":"Darkness","floor":32.0,"key":"SMITH"},{"floor":40.0,"key":"REST"},{"floor":46.0,"key":"REST"},{"data":"Storm","floor":49,"key":"SMITH"}],"neow_cost":"NONE","seed_source_timestamp":0,"circlet_count":0,"master_deck":["Strike_B","Strike_B","Strike_B","Strike_B","Defend_B","Defend_B","Defend_B","Defend_B","Zap+1","Dualcast","Self Repair","Rebound","Defragment+1","Coolheaded","Blizzard","Darkness","Storm+1","Capacitor+1","Cold Snap","Cold Snap","Reinforced Body","Storm+1","Blizzard","Chill","Ball Lightning+1","Barrage","Necronomicurse","Conserve Battery","Darkness","Darkness+1","FTL+1","Amplify","Storm+1","Beam Cell","Bandage Up","Cold Snap+1","Scrape+1","Reinforced Body+1","Sunder+1","Heatsinks","Storm","Hello World+1","Steam Power+1","Reinforced Body+1","Chill","Capacitor","Leap","Go for the Eyes+1","Compile Driver+1","Force Field+1"],"special_seed":0,"relics":["FrozenCore","Golden Idol","FossilizedHelix","Prayer Wheel","Mummified Hand","Gremlin Horn","Philosopher\u0027s Stone","Bronze Scales","Necronomicon","Meat on the Bone","Pen Nib","Orichalcum","Pantograph","Chemical X","Bag of Preparation","Vajra","Runic Capacitor","Incense Burner"],"potions_floor_usage":[],"damage_taken":[{"damage":0.0,"enemies":"2 Louse","floor":1.0,"turns":2.0},{"damage":10.0,"enemies":"Jaw Worm","floor":2.0,"turns":4.0},{"damage":0.0,"enemies":"Small Slimes","floor":4.0,"turns":2.0},{"damage":10.0,"enemies":"Gremlin Nob","floor":7.0,"turns":4.0},{"damage":2.0,"enemies":"Exordium Wildlife","floor":8.0,"turns":5.0},{"damage":7.0,"enemies":"Blue Slaver","floor":10.0,"turns":3.0},{"damage":8.0,"enemies":"Red Slaver","floor":11.0,"turns":3.0},{"damage":4.0,"enemies":"2 Fungi Beasts","floor":13.0,"turns":3.0},{"damage":0.0,"enemies":"Blue Slaver","floor":14.0,"turns":4.0},{"damage":0.0,"enemies":"Slime Boss","floor":16.0,"turns":6.0},{"damage":20.0,"enemies":"3 Byrds","floor":18.0,"turns":3.0},{"damage":6.0,"enemies":"Shell Parasite","floor":22.0,"turns":4.0},{"damage":46.0,"enemies":"Gremlin Leader","floor":28.0,"turns":6.0},{"damage":67.0,"enemies":"Champ","floor":33.0,"turns":9.0},{"damage":25.0,"enemies":"3 Darklings","floor":35.0,"turns":5.0},{"damage":10.0,"enemies":"Orb Walker","floor":37.0,"turns":2.0},{"damage":21.0,"enemies":"Spire Growth","floor":38.0,"turns":5.0},{"damage":27.0,"enemies":"Reptomancer","floor":39.0,"turns":5.0},{"damage":38.0,"enemies":"Nemesis","floor":41.0,"turns":7.0},{"damage":18.0,"enemies":"Maw","floor":42.0,"turns":6.0},{"damage":13.0,"enemies":"3 Darklings","floor":44.0,"turns":3.0},{"damage":0.0,"enemies":"Mind Bloom Boss Battle","floor":47.0,"turns":4.0},{"damage":0,"enemies":"Reptomancer","floor":48,"turns":4},{"damage":64,"enemies":"Donu and Deca","floor":50,"turns":7}],"seed_played":"-2481218937384366047","potions_obtained":[{"floor":1.0,"key":"AttackPotion"},{"floor":8.0,"key":"Regen Potion"},{"floor":10.0,"key":"Dexterity Potion"},{"floor":18.0,"key":"Fire Potion"},{"floor":28.0,"key":"Explosive Potion"},{"floor":44.0,"key":"FearPotion"},{"floor":47.0,"key":"PowerPotion"}],"is_trial":false,"path_per_floor":["M","M","?","M","T","R","E","M","T","M","M","T","M","M","R","B",null,"M","?","?","?","M","R","?","R","T","$","E","$","R","$","R","B",null,"M","?","M","M","M","R","E","M","T","M","$","R","?","M","R","B"],"character_chosen":"DEFECT","items_purchased":["Darkness","Pen Nib","Orichalcum","Chemical X","Capacitor","Leap","Runic Capacitor"],"campfire_rested":3,"item_purchase_floors":[27,27,27,29,45,45,45],"current_hp_per_floor":[75,72,54,54,54,54,51,56,56,56,48,48,51,58,58,65,75,62,62,85,69,63,63,63,63,63,63,36,36,61,61,61,30,85,67,67,64,47,36,61,46,53,53,51,51,76,85,85,85,47],"gold":71,"neow_bonus":"UPGRADE_CARD","is_prod":false,"is_daily":false,"chose_seed":false,"campfire_upgraded":6,"win_rate":0,"timestamp":1540057601,"path_taken":["M","M","?","M","?","R","E","M","T","M","M","?","M","M","R","BOSS","M","?","?","?","M","R","?","R","T","$","E","$","R","$","R","BOSS","M","?","M","?","?","R","E","M","T","M","$","R","?","M","R","BOSS"],"build_version":"2018-10-18","purchased_purges":0,"victory":true,"max_hp_per_floor":[75,75,75,75,75,75,75,75,75,75,75,75,75,75,75,75,75,75,75,85,85,85,85,85,85,85,85,85,85,85,85,85,85,85,85,85,85,85,85,85,85,85,85,85,85,85,85,85,85,85],"card_choices":[{"not_picked":["Chaos","Hologram"],"picked":"Self Repair","floor":1.0},{"not_picked":["Compile Driver","Go for the Eyes"],"picked":"Rebound","floor":2.0},{"not_picked":["Auto Shields","Genetic Algorithm"],"picked":"Defragment","floor":4.0},{"not_picked":["Undo","Compile Driver"],"picked":"Coolheaded","floor":7.0},{"not_picked":["Sunder","Rebound"],"picked":"Blizzard","floor":8.0},{"not_picked":["Conserve Battery","Fusion"],"picked":"Darkness","floor":8.0},{"not_picked":["Conserve Battery","Barrage"],"picked":"Storm","floor":10.0},{"not_picked":["Sunder","Rebound"],"picked":"Capacitor","floor":10.0},{"not_picked":["Leap","Genetic Algorithm"],"picked":"Cold Snap","floor":11.0},{"not_picked":["Rebound","Blizzard"],"picked":"Cold Snap","floor":11.0},{"not_picked":["Leap","Conserve Battery"],"picked":"Reinforced Body","floor":13.0},{"not_picked":["Steam Power","Redo"],"picked":"Storm","floor":13.0},{"not_picked":["Creative AI","Steam"],"picked":"Blizzard","floor":14.0},{"not_picked":["Streamline","Melter"],"picked":"Chill","floor":14.0},{"not_picked":["Fission","Reboot"],"picked":"Machine Learning","floor":16.0},{"not_picked":["Beam Cell","Hologram+1"],"picked":"Ball Lightning+1","floor":18.0},{"not_picked":["FTL+1","Skim"],"picked":"Barrage","floor":18.0},{"not_picked":["Sweeping Beam","Turbo"],"picked":"Conserve Battery","floor":22.0},{"not_picked":["Conserve Battery","Steam"],"picked":"Darkness","floor":22.0},{"not_picked":["Rip and Tear+1","Beam Cell"],"picked":"FTL+1","floor":28.0},{"not_picked":["Meteor Strike","All For One"],"picked":"Amplify","floor":33.0},{"not_picked":["Beam Cell","Redo"],"picked":"Storm","floor":35.0},{"not_picked":["Stack","Sweeping Beam"],"picked":"Beam Cell","floor":35.0},{"not_picked":["Trip","Sadistic Nature"],"picked":"Bandage Up","floor":36.0},{"not_picked":["Streamline","Conserve Battery+1"],"picked":"Cold Snap+1","floor":37.0},{"not_picked":["Stack","Sweeping Beam"],"picked":"Scrape+1","floor":37.0},{"not_picked":["Barrage+1","Beam Cell"],"picked":"Reinforced Body+1","floor":38.0},{"not_picked":["Conserve Battery","Chaos"],"picked":"Sunder+1","floor":38.0},{"not_picked":["Redo+1","Compile Driver+1"],"picked":"Heatsinks","floor":39.0},{"not_picked":["Cold Snap+1","Ball Lightning+1","Streamline+1"],"picked":"SKIP","floor":39.0},{"not_picked":["Aggregate+1","Stack"],"picked":"Storm","floor":41.0},{"not_picked":["Streamline","Chaos+1"],"picked":"Hello World+1","floor":42.0},{"not_picked":["Beam Cell","Redo+1"],"picked":"Steam Power+1","floor":42.0},{"not_picked":["Seek","Leap"],"picked":"Reinforced Body+1","floor":44.0},{"not_picked":["Go for the Eyes+1","Double Energy"],"picked":"Chill","floor":44.0},{"not_picked":["Streamline","Reprogram+1"],"picked":"Go for the Eyes+1","floor":47.0},{"not_picked":["Turbo","Sweeping Beam"],"picked":"Compile Driver+1","floor":48},{"not_picked":["Gash+1","Redo"],"picked":"Force Field+1","floor":48}],"player_experience":149439,"relics_obtained":[{"floor":5.0,"key":"FossilizedHelix"},{"floor":7.0,"key":"Prayer Wheel"},{"floor":9.0,"key":"Mummified Hand"},{"floor":12.0,"key":"Gremlin Horn"},{"floor":21.0,"key":"Necronomicon"},{"floor":26.0,"key":"Meat on the Bone"},{"floor":28.0,"key":"Pantograph"},{"floor":41.0,"key":"Bag of Preparation"},{"floor":43.0,"key":"Vajra"},{"floor":47.0,"key":"Incense Burner"}],"event_choices":[{"event_name":"Golden Idol","player_choice":"Take Damage","floor":3.0,"damage_taken":0.0},{"event_name":"WeMeetAgain","player_choice":"Potion","floor":19.0,"damage_taken":0.0},{"event_name":"Bonfire Elementals","player_choice":"RARE","floor":20.0,"damage_taken":0.0},{"event_name":"Cursed Tome","player_choice":"Obtained Book","floor":21.0,"damage_taken":0.0},{"event_name":"Nest","player_choice":"Stole From Cult","floor":24.0,"damage_taken":0.0},{"event_name":"SensoryStone","player_choice":"Memory 1","floor":36.0,"damage_taken":0.0},{"damage_healed":0.0,"max_hp_gain":0.0,"max_hp_loss":0.0,"gold_gain":0.0,"event_name":"MindBloom","player_choice":"Fight","floor":47.0,"gold_loss":0.0,"damage_taken":0.0}],"is_beta":false,"boss_relics":[{"not_picked":["Snecko Eye","Sozu"],"picked":"Philosopher\u0027s Stone"},{"not_picked":["Lizard Tail","Inserter"],"picked":"FrozenCore"}],"items_purged_floors":[],"is_endless":false,"potions_floor_spawned":[1,8,10,13,18,28,44,47],"ascension_level":0}