{"gold_per_floor":[17,92,92,41,61,77,77,108,108,108,108,119,138,157,157,260,260,279,279,48,61,61,61],"floor_reached":23,"playtime":767,"items_purged":["Decay"],"score":191,"play_id":"d5f47ee2-8c73-4955-98d4-3cf14cb10124","local_time":"20190508221207","is_ascension_mode":false,"campfire_choices":[{"floor":11,"key":"REST"},{"floor":15,"key":"REST"}],"neow_cost":"NO_GOLD","seed_source_timestamp":217864957416786,"circlet_count":0,"master_deck":["Strike_B","Defend_B","Defend_B","Defend_B","Defend_B","Zap","Dualcast","Ball Lightning","Steam","Go for the Eyes","Static Discharge+1","Gash","Chill","Loop","Static Discharge","Thunder Strike","Auto Shields","Steam"],"special_seed":0,"relics":["Cracked Core","Unceasing Top","Emotion Chip","Bottled Tornado","Empty Cage","Dream Catcher"],"potions_floor_usage":[14,16],"damage_taken":[{"damage":7.0,"enemies":"2 Louse","floor":1.0,"turns":2.0},{"damage":8,"enemies":"Jaw Worm","floor":5,"turns":2},{"damage":1,"enemies":"Cultist","floor":6,"turns":3},{"damage":59,"enemies":"Gremlin Nob","floor":8,"turns":4},{"damage":4,"enemies":"Large Slime","floor":12,"turns":4},{"damage":6,"enemies":"3 Louse","floor":13,"turns":3},{"damage":24,"enemies":"Gremlin Gang","floor":14,"turns":4},{"damage":14,"enemies":"Hexaghost","floor":16,"turns":7},{"damage":18,"enemies":"Shell Parasite","floor":18,"turns":4},{"damage":10,"enemies":"Spheric Guardian","floor":21,"turns":4},{"damage":48,"enemies":"Gremlin Leader","floor":23,"turns":4}],"seed_played":"2577879880921419014","potions_obtained":[{"floor":13,"key":"SkillPotion"},{"floor":14,"key":"SkillPotion"}],"is_trial":false,"path_per_floor":["M","?","?","$","M","M","?","E","T","?","R","M","M","M","R","B",null,"M","?","$","M","$","E"],"character_chosen":"DEFECT","items_purchased":["Steam","Dream Catcher"],"campfire_rested":2,"item_purchase_floors":[4,20],"current_hp_per_floor":[68,57,57,57,49,48,73,14,14,14,36,32,26,2,24,10,75,57,57,57,47,47,0],"gold":61,"neow_bonus":"ONE_RARE_RELIC","is_prod":false,"is_daily":false,"chose_seed":false,"campfire_upgraded":0,"win_rate":0,"timestamp":1557367927,"path_taken":["M","?","?","$","?","M","?","E","T","?","R","?","M","M","R","BOSS","M","?","?","M","$","E"],"build_version":"2019-01-23","purchased_purges":1,"victory":false,"max_hp_per_floor":[75,75,75,75,75,75,75,75,75,75,75,75,75,75,75,75,75,75,75,75,75,75,75],"card_choices":[{"not_picked":["Streamline","Steam Power"],"picked":"Ball Lightning","floor":1.0},{"not_picked":["Leap","Ball Lightning"],"picked":"Go for the Eyes","floor":5},{"not_picked":["Streamline","Leap"],"picked":"Static Discharge","floor":6},{"not_picked":["Heatsinks","Barrage"],"picked":"Gash","floor":8},{"not_picked":["Beam Cell","Skim"],"picked":"Chill","floor":12},{"not_picked":["Tempest","Steam Power"],"picked":"Loop","floor":13},{"not_picked":["Barrage","Rebound"],"picked":"Static Discharge","floor":14},{"not_picked":["Biased Cognition","Fission"],"picked":"Thunder Strike","floor":16},{"not_picked":["Force Field","Barrage"],"picked":"Auto Shields","floor":18},{"not_picked":["Doom and Gloom","Ball Lightning"],"picked":"Steam","floor":21}],"player_experience":283033,"relics_obtained":[{"floor":8,"key":"Emotion Chip"},{"floor":9,"key":"Bottled Tornado"}],"event_choices":[{"damage_healed":0.0,"max_hp_gain":0.0,"max_hp_loss":0.0,"gold_gain":75.0,"event_name":"World of Goop","player_choice":"Gather Gold","floor":2.0,"gold_loss":0.0,"damage_taken":11.0},{"damage_healed":0,"gold_gain":0,"player_choice":"Cursed","damage_taken":0,"max_hp_gain":0,"max_hp_loss":0,"event_name":"Wheel of Change","floor":3,"gold_loss":0,"cards_obtained":["Decay"]},{"damage_healed":25,"gold_gain":0,"player_choice":"Banana","damage_taken":0,"max_hp_gain":0,"max_hp_loss":0,"event_name":"Big Fish","floor":7,"gold_loss":0},{"cards_removed":["Strike_B"],"damage_healed":0,"gold_gain":0,"player_choice":"Purged","damage_taken":0,"max_hp_gain":0,"max_hp_loss":0,"event_name":"Purifier","floor":10,"gold_loss":0},{"damage_healed":0,"gold_gain":0,"player_choice":"Upgraded","damage_taken":0,"max_hp_gain":0,"max_hp_loss":0,"event_name":"Upgrade Shrine","floor":19,"gold_loss":0,"cards_upgraded":["Static Discharge"]}],"is_beta":false,"boss_relics":[{"not_picked":["Tiny House","Velvet Choker"],"picked":"Empty Cage"}],"items_purged_floors":[20],"is_endless":false,"potions_floor_spawned":[13,14],"killed_by":"Gremlin Leader","ascension_level":0}