{"path_per_floor":["M","M","?","?","M","E","R","M","T","$","M","M","E","$","R","B",null,"M","?","?","?","$","M","M","R","T","M","$","E","M","?","R","B",null,"M","$","M","M","M","R","?","R","T","R","M","M","$","?","R","B"],"character_chosen":"THE_SILENT","items_purchased":["Bag of Marbles","Accuracy","Cloak And Dagger"],"gold_per_floor":[210,228,228,228,241,267,267,279,279,48,66,82,112,12,12,108,108,128,128,128,128,3,22,36,36,111,123,50,85,101,26,26,121,121,138,86,102,119,133,133,133,133,133,133,148,164,14,0,0,0],"floor_reached":51,"campfire_rested":4,"playtime":4888,"current_hp_per_floor":[57,51,51,70,70,42,63,60,60,60,55,52,46,46,46,1,70,62,49,74,74,74,74,67,67,67,67,67,61,46,46,68,22,75,63,63,53,37,21,43,43,43,43,43,36,43,43,43,65,29],"items_purged":["Strike_G","Strike_G","Strike_G","Strike_G"],"gold":0,"score":504,"play_id":"acf9b965-0b2f-4c94-8edb-463293eecd4e","is_prod":false,"is_daily":false,"is_ascension_mode":false,"campfire_upgraded":1,"path_taken":["M","M","?","?","M","E","R","M","T","?","M","?","E","$","R","BOSS","M","?","?","?","?","M","?","R","T","M","$","E","M","?","R","BOSS","M","$","M","?","?","R","?","R","T","R","?","M","$","?","R","BOSS"],"build_version":"2018-02-23-BETA1","purchased_purges":4,"victory":true,"master_deck":["Defend_G","Defend_G","Strike_G","Survivor","Neutralize","Flying Knee","Backstab","Outmaneuver","Backflip","Infinite Blades","Adrenaline","Adrenaline","Infinite Blades+1","Heel Hook+1","Clumsy","Flying Knee+1","Accuracy+1","Infinite Blades+1","Acrobatics+1","A Thousand Cuts+1","Cloak And Dagger+1","Backflip+1","Choke+1","Writhe"],"max_hp_per_floor":[70,70,70,70,70,70,70,70,70,70,70,70,70,70,70,70,70,70,75,75,75,75,75,75,75,75,75,75,75,75,75,75,75,75,75,75,75,75,75,75,75,75,75,75,75,75,75,75,75,75],"relics":["Ring of the Snake","Sundial","Girya","Bag of Marbles","Bag of Preparation","Cursed Key","Frozen Egg 2","Pen Nib","Runic Dome","Bird Faced Urn","Red Mask"],"card_choices":[{"not_picked":["Cloak And Dagger","Backflip"],"picked":"Flying Knee"},{"not_picked":["Blur","Dodge and Roll"],"picked":"Backstab"},{"not_picked":["Skewer","Flechettes"],"picked":"Outmaneuver"},{"not_picked":["Acrobatics","Well Laid Plans"],"picked":"Backflip"},{"not_picked":["Poisoned Stab","Flying Knee"],"picked":"Infinite Blades"},{"not_picked":["Sucker Punch","PiercingWail"],"picked":"Adrenaline"},{"not_picked":["Die Die Die","Envenom"],"picked":"Adrenaline"},{"not_picked":["Crippling Poison","Eviscerate"],"picked":"Infinite Blades"},{"not_picked":["Malaise","Slice"],"picked":"Heel Hook"},{"not_picked":["Choke","Dodge and Roll"],"picked":"Flying Knee"},{"not_picked":["Prepared","After Image"],"picked":"Infinite Blades"},{"not_picked":["Dodge and Roll","Footwork"],"picked":"Acrobatics"},{"not_picked":["Envenom","Phantasmal Killer"],"picked":"A Thousand Cuts"},{"not_picked":["Bane","Poisoned Stab"],"picked":"Backflip"},{"not_picked":["Deadly Poison","Deflect"],"picked":"Choke"}],"player_experience":98604,"potions_floor_usage":[46,50,50],"damage_taken":[{"damage":13.0,"enemies":"Jaw Worm","floor":1.0,"turns":8.0},{"damage":6.0,"enemies":"Cultist","floor":2.0,"turns":4.0},{"damage":0.0,"enemies":"Small Slimes","floor":5.0,"turns":3.0},{"damage":28.0,"enemies":"Gremlin Nob","floor":6.0,"turns":5.0},{"damage":3.0,"enemies":"2 Fungi Beasts","floor":8.0,"turns":3.0},{"damage":5.0,"enemies":"Large Slime","floor":11.0,"turns":5.0},{"damage":3.0,"enemies":"Exordium Wildlife","floor":12.0,"turns":5.0},{"damage":6.0,"enemies":"3 Sentries","floor":13.0,"turns":9.0},{"damage":45.0,"enemies":"The Guardian","floor":16.0,"turns":11.0},{"damage":8.0,"enemies":"Shell Parasite","floor":18.0,"turns":3.0},{"damage":0.0,"enemies":"Chosen","floor":23.0,"turns":4.0},{"damage":7.0,"enemies":"Snecko","floor":24.0,"turns":5.0},{"damage":0.0,"enemies":"Cultist and Chosen","floor":27.0,"turns":5.0},{"damage":6.0,"enemies":"Slavers","floor":29.0,"turns":4.0},{"damage":15.0,"enemies":"Centurion and Healer","floor":30.0,"turns":3.0},{"damage":46.0,"enemies":"Champ","floor":33.0,"turns":7.0},{"damage":12,"enemies":"Flame Bruiser 1 Orb","floor":35,"turns":3},{"damage":10,"enemies":"3 Darklings","floor":37,"turns":2},{"damage":16,"enemies":"4 Shapes","floor":38,"turns":2},{"damage":16,"enemies":"Spire Growth","floor":39,"turns":3},{"damage":17,"enemies":"3 Darklings","floor":45,"turns":2},{"damage":1,"enemies":"4 Shapes","floor":46,"turns":3},{"damage":57,"enemies":"Donu and Deca","floor":50,"turns":5}],"event_choices":[{"event_name":"Purifier","player_choice":"One Purge","floor":3.0,"damage_taken":0.0},{"event_name":"Big Fish","player_choice":"Banana","floor":4.0,"damage_taken":0.0},{"event_name":"Forgotten Altar","player_choice":"Shed Blood","floor":19.0,"damage_taken":0.0},{"event_name":"The Library","player_choice":"Heal","floor":20.0,"damage_taken":0.0},{"event_name":"Wheel of Change","player_choice":"Card Removal","floor":21.0,"damage_taken":0.0},{"event_name":"Beggar","player_choice":"Gave Gold","floor":31.0,"damage_taken":0.0},{"event_name":"The Lab","player_choice":"Got Potions","floor":41,"damage_taken":0},{"event_name":"Tomb of Lord Red Mask","player_choice":"Paid","floor":48,"damage_taken":0}],"boss_relics":[{"not_picked":["Philosopher\u0027s Stone","Eternal Feather"],"picked":"Runic Dome"}],"potions_floor_spawned":[6,12,13,16,18,24,33,45,46],"seed_played":"-4832055109699212489","ascension_level":0,"is_trial":false}