{"gold_per_floor":[118,136,136,154,154,154,8,39,39,55,28,43,54,65,65,170,170,189,224,86,86,40,40,52,52],"floor_reached":25,"playtime":1148,"items_purged":["Regret"],"score":203,"play_id":"167ec0ef-ccf0-4109-beed-806c63427122","local_time":"20190423165329","is_ascension_mode":false,"campfire_choices":[{"data":"Streamline","floor":6.0,"key":"SMITH"},{"floor":15.0,"key":"REST"},{"floor":23,"key":"REST"}],"neow_cost":"NONE","seed_source_timestamp":0,"circlet_count":0,"master_deck":["Strike_B","Strike_B","Strike_B","Defend_B","Defend_B","Defend_B","Defend_B","Zap+1","Dualcast","Streamline+1","Coolheaded","Gash","Echo Form","Rebound","Redo","Ball Lightning","Chaos","Conserve Battery","Go for the Eyes","Buffer","Gash","Cold Snap+1","Biased Cognition","Leap","Capacitor"],"special_seed":0,"relics":["Cracked Core","Unceasing Top","Potion Belt","Turnip","Eternal Feather","Red Mask"],"potions_floor_usage":[16,19,25,25],"damage_taken":[{"damage":6.0,"enemies":"Cultist","floor":1.0,"turns":3.0},{"damage":5.0,"enemies":"Small Slimes","floor":2.0,"turns":3.0},{"damage":1.0,"enemies":"2 Louse","floor":4.0,"turns":3.0},{"damage":24.0,"enemies":"3 Sentries","floor":8.0,"turns":6.0},{"damage":11.0,"enemies":"Exordium Thugs","floor":10.0,"turns":4.0},{"damage":14.0,"enemies":"Exordium Wildlife","floor":12.0,"turns":2.0},{"damage":3.0,"enemies":"2 Fungi Beasts","floor":13.0,"turns":4.0},{"damage":0.0,"enemies":"Large Slime","floor":14.0,"turns":5.0},{"damage":29,"enemies":"Slime Boss","floor":16,"turns":8},{"damage":11,"enemies":"Spheric Guardian","floor":18,"turns":5},{"damage":59,"enemies":"Masked Bandits","floor":19,"turns":6},{"damage":6,"enemies":"Shell Parasite","floor":24,"turns":6},{"damage":33,"enemies":"Slavers","floor":25,"turns":3}],"seed_played":"-6836783165053944234","potions_obtained":[{"floor":2.0,"key":"Ancient Potion"},{"floor":8.0,"key":"Ancient Potion"},{"floor":14.0,"key":"PowerPotion"},{"floor":16,"key":"Weak Potion"},{"floor":19,"key":"LiquidBronze"}],"is_trial":false,"path_per_floor":["M","M","?","M","?","R","$","E","T","M","$","M","M","M","R","B",null,"M","?","$","?","$","R","M","E"],"character_chosen":"DEFECT","items_purchased":["Echo Form","Ball Lightning","Biased Cognition","Leap"],"campfire_rested":2,"item_purchase_floors":[7,11,20,22],"current_hp_per_floor":[69,64,64,63,63,63,63,39,39,28,28,14,11,11,33,4,75,64,5,5,5,5,39,33,0],"gold":52,"neow_bonus":"UPGRADE_CARD","is_prod":false,"is_daily":false,"chose_seed":false,"campfire_upgraded":1,"win_rate":0,"timestamp":1556052809,"path_taken":["M","?","?","?","?","R","$","E","T","M","?","M","?","M","R","BOSS","M","?","$","?","$","R","M","E"],"build_version":"2019-01-23","purchased_purges":1,"victory":false,"max_hp_per_floor":[75,75,75,75,75,75,75,75,75,75,75,75,75,75,75,75,75,75,75,75,75,75,75,75,75],"card_choices":[{"not_picked":["Sweeping Beam","Go for the Eyes"],"picked":"Streamline","floor":1.0},{"not_picked":["Stack","Go for the Eyes"],"picked":"Coolheaded","floor":2.0},{"not_picked":["Melter","Recycle"],"picked":"Gash","floor":4.0},{"not_picked":["Redo","Leap"],"picked":"Rebound","floor":8.0},{"not_picked":["Auto Shields","Double Energy"],"picked":"Redo","floor":10.0},{"not_picked":["Turbo","Barrage"],"picked":"Chaos","floor":12.0},{"not_picked":["Streamline","Force Field"],"picked":"Conserve Battery","floor":13.0},{"not_picked":["Compile Driver","Streamline"],"picked":"Go for the Eyes","floor":14.0},{"not_picked":["Hyperbeam","Creative AI"],"picked":"Buffer","floor":16},{"not_picked":["Leap","Defragment"],"picked":"Gash","floor":18},{"not_picked":["Hello World","Sweeping Beam+1"],"picked":"Cold Snap+1","floor":19},{"not_picked":["Coolheaded","Stack"],"picked":"Capacitor","floor":24}],"player_experience":236298,"relics_obtained":[{"floor":8.0,"key":"Potion Belt"},{"floor":9.0,"key":"Turnip"},{"floor":19,"key":"Red Mask"}],"event_choices":[{"cards_removed":["Strike_B"],"damage_healed":0.0,"max_hp_gain":0.0,"max_hp_loss":0.0,"gold_gain":0.0,"event_name":"Bonfire Elementals","player_choice":"Offered Basic","floor":3.0,"gold_loss":0.0,"damage_taken":0.0},{"damage_healed":0.0,"max_hp_gain":0.0,"max_hp_loss":0.0,"gold_gain":0.0,"event_name":"Big Fish","player_choice":"Box","floor":5.0,"gold_loss":0.0,"damage_taken":0.0,"relics_obtained":["Unceasing Top"],"cards_obtained":["Regret"]},{"damage_healed":0,"gold_gain":0,"player_choice":"Fought Bandits","damage_taken":0,"max_hp_gain":0,"max_hp_loss":0,"event_name":"Masked Bandits","floor":19,"gold_loss":0},{"damage_healed":0,"gold_gain":0,"player_choice":"Ignored","damage_taken":0,"max_hp_gain":0,"max_hp_loss":0,"event_name":"Beggar","floor":21,"gold_loss":0}],"is_beta":false,"boss_relics":[{"not_picked":["Astrolabe","Runic Dome"],"picked":"Eternal Feather"}],"items_purged_floors":[7],"is_endless":false,"potions_floor_spawned":[2,8,14,16,19],"killed_by":"Slavers","ascension_level":0}