{"gold_per_floor":[116,266,266,280,50,50,76,76,100,100,120,140,140,215,215,293,293,312,329,4,34,34,34,68,80,153,153,203,203,236,236,236,313,313,331,346,568,581,581,581,609,609,685,710,39,54,68,29,29,29],"floor_reached":50,"playtime":2585,"items_purged":["Doubt","Strike_R","Doubt"],"score":1103,"play_id":"d6579643-fc3c-4bb1-8b05-05ff7ae45355","local_time":"20190522174806","is_ascension_mode":true,"campfire_choices":[{"data":"Armaments","floor":6.0,"key":"SMITH"},{"data":"Anger","floor":8.0,"key":"SMITH"},{"data":"Offering","floor":13.0,"key":"SMITH"},{"floor":15.0,"key":"REST"},{"data":"Demon Form","floor":23.0,"key":"SMITH"},{"data":"Spot Weakness","floor":27.0,"key":"SMITH"},{"data":"Flame Barrier","floor":29.0,"key":"SMITH"},{"floor":32.0,"key":"REST"},{"data":"Demon Form","floor":40.0,"key":"SMITH"},{"floor":42.0,"key":"REST"},{"floor":49.0,"key":"REST"}],"neow_cost":"NONE","seed_source_timestamp":0,"circlet_count":0,"master_deck":["AscendersBane","Strike_R","Strike_R","Strike_R","Defend_R","Defend_R","Defend_R","Defend_R","Bash+1","Ghostly Armor","Armaments+1","Anger+1","Headbutt+1","Offering+1","Demon Form+1","Heavy Blade+1","Uppercut+1","Spot Weakness+1","Iron Wave+1","Thunderclap+1","Flame Barrier+1","Cleave+1","Writhe","Demon Form+1","Rampage+1","Shockwave","Whirlwind+1","Injury","Injury","Battle Trance","Limit Break","Master of Strategy","Parasite","Corruption"],"special_seed":0,"relics":["Black Blood","PreservedInsect","Potion Belt","Blood Vial","Molten Egg 2","Cursed Key","Oddly Smooth Stone","Red Mask","Bottled Tornado","Self Forming Clay","Anchor","Gremlin Horn","Question Card","Boot","Darkstone Periapt","Lantern","Gambling Chip"],"potions_floor_usage":[50,50],"damage_taken":[{"damage":13.0,"enemies":"Jaw Worm","floor":1.0,"turns":4.0},{"damage":0.0,"enemies":"2 Louse","floor":4.0,"turns":4.0},{"damage":20.0,"enemies":"Lagavulin","floor":7.0,"turns":7.0},{"damage":1.0,"enemies":"Cultist","floor":11.0,"turns":3.0},{"damage":2.0,"enemies":"Exordium Wildlife","floor":12.0,"turns":4.0},{"damage":69.0,"enemies":"Hexaghost","floor":16.0,"turns":9.0},{"damage":8.0,"enemies":"3 Byrds","floor":18.0,"turns":5.0},{"damage":3.0,"enemies":"Shell Parasite","floor":19.0,"turns":3.0},{"damage":21.0,"enemies":"Masked Bandits","floor":21.0,"turns":4.0},{"damage":15.0,"enemies":"Slavers","floor":24.0,"turns":5.0},{"damage":8.0,"enemies":"Chosen and Byrds","floor":25.0,"turns":2.0},{"damage":34.0,"enemies":"Gremlin Leader","floor":30.0,"turns":4.0},{"damage":28.0,"enemies":"Collector","floor":33.0,"turns":5.0},{"damage":6.0,"enemies":"Orb Walker","floor":35.0,"turns":3.0},{"damage":23.0,"enemies":"3 Shapes","floor":36.0,"turns":4.0},{"damage":15.0,"enemies":"Spire Growth","floor":38.0,"turns":4.0},{"damage":38.0,"enemies":"Giant Head","floor":41.0,"turns":6.0},{"damage":50.0,"enemies":"Reptomancer","floor":44.0,"turns":5.0},{"damage":11.0,"enemies":"Writhing Mass","floor":46.0,"turns":3.0},{"damage":0.0,"enemies":"4 Shapes","floor":47.0,"turns":1.0},{"damage":61,"enemies":"Donu and Deca","floor":50,"turns":4}],"seed_played":"-3437279242126699089","potions_obtained":[{"floor":7.0,"key":"SpeedPotion"},{"floor":11.0,"key":"Dexterity Potion"},{"floor":21.0,"key":"Dexterity Potion"},{"floor":24.0,"key":"AttackPotion"},{"floor":30.0,"key":"Strength Potion"},{"floor":33.0,"key":"Ancient Potion"},{"floor":36.0,"key":"LiquidBronze"},{"floor":41.0,"key":"Swift Potion"},{"floor":44.0,"key":"EssenceOfSteel"}],"is_trial":false,"path_per_floor":["M","?","?","M","$","R","E","R","T","T","M","M","R","?","R","B",null,"M","M","$","?","?","R","E","M","T","R","?","R","E","?","R","B",null,"M","M","?","M","T","R","E","R","T","E","$","M","M","$","R","B"],"character_chosen":"IRONCLAD","items_purchased":["PreservedInsect","Spot Weakness","Oddly Smooth Stone","Limit Break","Gambling Chip","Master of Strategy","Corruption"],"campfire_rested":4,"item_purchase_floors":[5,20,20,45,45,45,48],"current_hp_per_floor":[61,61,61,67,67,67,53,53,53,53,60,66,66,55,75,12,59,59,64,64,51,51,51,44,44,44,44,44,44,18,18,40,20,61,67,56,56,53,53,53,27,49,49,11,11,18,30,30,54,0],"gold":29,"neow_bonus":"UPGRADE_CARD","is_prod":false,"is_daily":false,"chose_seed":false,"campfire_upgraded":7,"win_rate":0,"timestamp":1558540086,"path_taken":["M","?","?","?","$","R","E","R","T","?","?","M","R","?","R","BOSS","M","M","$","?","?","R","E","?","T","R","?","R","E","?","R","BOSS","M","M","?","M","?","R","E","R","T","E","$","M","M","$","R","BOSS"],"build_version":"2019-05-07","purchased_purges":3,"victory":false,"max_hp_per_floor":[75,75,75,75,75,75,75,75,75,75,75,75,75,75,75,75,75,75,75,75,75,75,75,75,75,75,75,75,75,75,75,75,75,75,75,75,75,75,75,75,75,75,75,75,75,81,81,81,81,81],"card_choices":[{"not_picked":["Warcry","Clothesline"],"picked":"Ghostly Armor","floor":1.0},{"not_picked":["Warcry","Iron Wave"],"picked":"Armaments","floor":4.0},{"not_picked":["Evolve","Ghostly Armor"],"picked":"Anger","floor":7.0},{"not_picked":["Wild Strike+1","Evolve"],"picked":"Headbutt+1","floor":11.0},{"not_picked":["Perfected Strike+1","Thunderclap+1"],"picked":"Offering","floor":12.0},{"not_picked":["Feed+1","Limit Break"],"picked":"Demon Form","floor":16.0},{"not_picked":["Rage","True Grit"],"picked":"Heavy Blade+1","floor":18.0},{"not_picked":["True Grit+1","Armaments"],"picked":"Uppercut+1","floor":19.0},{"not_picked":["Inflame","Wild Strike+1"],"picked":"Iron Wave+1","floor":21.0},{"not_picked":["Inflame","Spot Weakness"],"picked":"Thunderclap+1","floor":24.0},{"not_picked":["Perfected Strike+1","Fire Breathing"],"picked":"Flame Barrier","floor":25.0},{"not_picked":["Pommel Strike+1","Dual Wield"],"picked":"Cleave+1","floor":30.0},{"not_picked":["Double Tap","Bludgeon+1"],"picked":"Demon Form","floor":33.0},{"not_picked":["Inflame","Perfected Strike+1"],"picked":"Rampage+1","floor":35.0},{"not_picked":["Burning Pact","Anger+1"],"picked":"Shockwave","floor":36.0},{"not_picked":["Perfected Strike+1","True Grit+1"],"picked":"Whirlwind+1","floor":38.0},{"not_picked":["Ghostly Armor+1","Warcry","Body Slam+1","Sword Boomerang+1"],"picked":"SKIP","floor":41.0},{"not_picked":["Heavy Blade+1","Flex","Perfected Strike+1"],"picked":"Battle Trance","floor":44.0},{"not_picked":["Flex","Dual Wield","Twin Strike+1","Barricade"],"picked":"SKIP","floor":46.0},{"not_picked":["Cleave+1","Warcry","Shockwave","Sentinel+1"],"picked":"SKIP","floor":47.0}],"player_experience":419607,"relics_obtained":[{"floor":7.0,"key":"Potion Belt"},{"floor":9.0,"key":"Blood Vial"},{"floor":10.0,"key":"Molten Egg 2"},{"floor":21.0,"key":"Red Mask"},{"floor":24.0,"key":"Bottled Tornado"},{"floor":26.0,"key":"Self Forming Clay"},{"floor":30.0,"key":"Anchor"},{"floor":39.0,"key":"Question Card"},{"floor":41.0,"key":"Boot"},{"floor":43.0,"key":"Darkstone Periapt"},{"floor":44.0,"key":"Lantern"}],"event_choices":[{"damage_healed":0.0,"max_hp_gain":0.0,"max_hp_loss":0.0,"gold_gain":150.0,"event_name":"Liars Game","player_choice":"AGREE","floor":2.0,"gold_loss":0.0,"damage_taken":0.0,"cards_obtained":["Doubt"]},{"damage_healed":0.0,"max_hp_gain":0.0,"max_hp_loss":0.0,"gold_gain":0.0,"event_name":"Match and Keep!","player_choice":"0 cards matched","floor":3.0,"gold_loss":0.0,"damage_taken":0.0,"cards_obtained":[]},{"damage_healed":0.0,"max_hp_gain":0.0,"max_hp_loss":0.0,"gold_gain":75.0,"event_name":"World of Goop","player_choice":"Gather Gold","floor":14.0,"gold_loss":0.0,"damage_taken":11.0},{"damage_healed":0.0,"max_hp_gain":0.0,"max_hp_loss":0.0,"gold_gain":0.0,"event_name":"Masked Bandits","player_choice":"Fought Bandits","floor":21.0,"gold_loss":0.0,"damage_taken":0.0},{"cards_removed":["Strike_R"],"damage_healed":0.0,"max_hp_gain":0.0,"max_hp_loss":0.0,"gold_gain":0.0,"event_name":"Purifier","player_choice":"Purged","floor":22.0,"gold_loss":0.0,"damage_taken":0.0},{"damage_healed":0.0,"max_hp_gain":0.0,"max_hp_loss":0.0,"gold_gain":50.0,"event_name":"Nest","player_choice":"Stole From Cult","floor":28.0,"gold_loss":0.0,"damage_taken":0.0},{"damage_healed":0.0,"max_hp_gain":0.0,"max_hp_loss":0.0,"gold_gain":0.0,"event_name":"The Mausoleum","player_choice":"Opened","floor":31.0,"gold_loss":0.0,"damage_taken":0.0,"relics_obtained":["Gremlin Horn"],"cards_obtained":["Writhe"]},{"damage_healed":0.0,"max_hp_gain":0.0,"max_hp_loss":0.0,"gold_gain":222.0,"event_name":"Tomb of Lord Red Mask","player_choice":"Wore Mask","floor":37.0,"gold_loss":0.0,"damage_taken":0.0}],"is_beta":true,"boss_relics":[{"not_picked":["Coffee Dripper","Empty Cage"],"picked":"Cursed Key"},{"not_picked":["Astrolabe","Pandora\u0027s Box"],"picked":"Black Blood"}],"items_purged_floors":[5,20,45],"is_endless":false,"potions_floor_spawned":[7,11,21,24,30,33,36,41,44],"killed_by":"Donu and Deca","ascension_level":15}