{"gold_per_floor":[111,111,122,122,122,147,147,173,251,266,266,285,305,25,25,123,173,190,190,190,289,289,289,302,302,302,312,312,125,154,166,166,265,265,277,293,305,31,131,131,131,131,179,212,212,222,23,70,70,70],"floor_reached":51,"playtime":2357,"items_purged":["Strike_B","Strike_B"],"score":1336,"play_id":"2b1b5b41-2987-4925-9d8e-52a7f1cf65d7","local_time":"20190419170909","is_ascension_mode":true,"campfire_choices":[{"data":"Defragment","floor":7.0,"key":"SMITH"},{"data":"Sunder","floor":11.0,"key":"SMITH"},{"data":"White Noise","floor":15.0,"key":"SMITH"},{"data":"Biased Cognition","floor":23.0,"key":"SMITH"},{"floor":25.0,"key":"REST"},{"floor":32.0,"key":"REST"},{"data":"Loop","floor":40,"key":"SMITH"},{"floor":42,"key":"REST"},{"floor":49,"key":"REST"}],"neow_cost":"NONE","seed_source_timestamp":1803800940272129,"circlet_count":0,"master_deck":["AscendersBane","Strike_B+1","Defend_B","Defend_B","Defend_B","Defend_B","Zap","Dualcast","Chill","Defragment+1","Sunder+1","Coolheaded","Electrodynamics","Coolheaded","White Noise+1","Biased Cognition+1","Steam","Self Repair","Ball Lightning+1","Loop+1","Turbo","Rebound+1","Rainbow","Conserve Battery","Cold Snap","Defragment+1","Core Surge","Recycle","White Noise","Master of Strategy","Impatience"],"special_seed":0,"relics":["Cracked Core","NeowsBlessing","Bronze Scales","DataDisk","Blue Candle","Odd Mushroom","Membership Card","Tiny House","Enchiridion","Boot","Pear","Dodecahedron","OrangePellets","Gambling Chip","Philosopher\u0027s Stone","FossilizedHelix","Strawberry","Vajra","Oddly Smooth Stone","Pantograph","Thread and Needle"],"potions_floor_usage":[44],"damage_taken":[{"damage":0.0,"enemies":"Cultist","floor":1.0,"turns":1.0},{"damage":0.0,"enemies":"Jaw Worm","floor":3.0,"turns":1.0},{"damage":0.0,"enemies":"Gremlin Nob","floor":6.0,"turns":1.0},{"damage":0.0,"enemies":"3 Sentries","floor":8.0,"turns":7.0},{"damage":0.0,"enemies":"2 Louse","floor":10.0,"turns":2.0},{"damage":0.0,"enemies":"2 Fungi Beasts","floor":12.0,"turns":2.0},{"damage":6.0,"enemies":"The Mushroom Lair","floor":13.0,"turns":3.0},{"damage":0.0,"enemies":"Slime Boss","floor":16.0,"turns":5.0},{"damage":13.0,"enemies":"Shell Parasite","floor":18.0,"turns":5.0},{"damage":16.0,"enemies":"2 Thieves","floor":24.0,"turns":3.0},{"damage":0.0,"enemies":"Chosen and Byrds","floor":27.0,"turns":4.0},{"damage":36.0,"enemies":"Book of Stabbing","floor":30.0,"turns":4.0},{"damage":10.0,"enemies":"Snake Plant","floor":31.0,"turns":4.0},{"damage":10,"enemies":"Champ","floor":33,"turns":6},{"damage":0,"enemies":"Orb Walker","floor":35,"turns":2},{"damage":6,"enemies":"3 Shapes","floor":36,"turns":3},{"damage":0,"enemies":"3 Darklings","floor":37,"turns":4},{"damage":27,"enemies":"Mind Bloom Boss Battle","floor":39,"turns":6},{"damage":0,"enemies":"Reptomancer","floor":44,"turns":4},{"damage":0,"enemies":"Sphere and 2 Shapes","floor":46,"turns":3},{"damage":24,"enemies":"2 Orb Walkers","floor":48,"turns":4},{"damage":0,"enemies":"Donu and Deca","floor":50,"turns":6}],"seed_played":"-4083142401766827082","potions_obtained":[{"floor":1.0,"key":"EssenceOfSteel"},{"floor":2.0,"key":"Explosive Potion"},{"floor":2.0,"key":"Fire Potion"},{"floor":17.0,"key":"Fruit Juice"},{"floor":24.0,"key":"Explosive Potion"},{"floor":30.0,"key":"Fire Potion"},{"floor":31.0,"key":"Explosive Potion"},{"floor":36,"key":"AttackPotion"},{"floor":44,"key":"SkillPotion"}],"is_trial":false,"path_per_floor":["M","?","M","?","?","E","R","E","T","M","R","M","?","$","R","B",null,"M","?","?","?","?","R","M","R","T","M","T","$","E","M","R","B",null,"M","M","M","$","?","R","?","R","T","E","?","M","$","?","R","B",null],"character_chosen":"DEFECT","items_purchased":["Membership Card","White Noise","OrangePellets","Loop","Core Surge","FossilizedHelix","Recycle","Oddly Smooth Stone","Pantograph"],"campfire_rested":4,"item_purchase_floors":[14,14,29,29,38,38,38,47,47],"current_hp_per_floor":[68,68,68,68,68,68,68,68,68,68,68,68,62,62,62,62,77,64,48,48,48,48,53,37,62,72,79,79,79,50,47,75,72,89,89,90,95,95,75,75,75,95,102,102,92,92,92,68,98,102],"gold":70,"neow_bonus":"THREE_ENEMY_KILL","is_prod":false,"is_daily":false,"chose_seed":false,"campfire_upgraded":5,"win_rate":0,"timestamp":1555661349,"path_taken":["M","?","?","?","?","E","R","E","T","M","R","M","?","$","R","BOSS","M","?","?","?","?","R","?","R","T","M","?","$","E","?","R","BOSS","M","M","M","$","?","R","?","R","T","E","?","M","$","?","R","BOSS"],"build_version":"2019-01-23","purchased_purges":2,"victory":true,"max_hp_per_floor":[75,75,75,75,75,75,75,75,75,75,75,75,75,75,75,75,80,80,80,80,80,80,85,85,85,95,95,95,95,95,95,95,95,95,95,95,95,95,95,95,95,95,102,102,102,102,102,102,102,102],"card_choices":[{"not_picked":["Hello World","Ball Lightning"],"picked":"Chill","floor":1.0},{"not_picked":["Self Repair","Rebound"],"picked":"Defragment","floor":3.0},{"not_picked":["Beam Cell","Reprogram","Aggregate"],"picked":"SKIP","floor":6.0},{"not_picked":["Cold Snap","Hologram"],"picked":"Sunder","floor":8.0},{"not_picked":["Leap","Blizzard"],"picked":"Coolheaded","floor":10.0},{"not_picked":["Steam","Hologram"],"picked":"Electrodynamics","floor":12.0},{"not_picked":["Static Discharge","Go for the Eyes"],"picked":"Coolheaded","floor":13.0},{"not_picked":["Amplify","Reboot"],"picked":"Biased Cognition","floor":16.0},{"not_picked":["Gash","Streamline"],"picked":"Steam","floor":17.0},{"not_picked":["Redo","Coolheaded"],"picked":"Conserve Battery","floor":18.0},{"not_picked":["Streamline","Cold Snap"],"picked":"Self Repair","floor":24.0},{"not_picked":["Double Energy","Stack"],"picked":"Ball Lightning+1","floor":27.0},{"not_picked":["Rip and Tear","Redo"],"picked":"Turbo","floor":30.0},{"not_picked":["Chill","Fission"],"picked":"Rebound+1","floor":31.0},{"not_picked":["Seek","Electrodynamics"],"picked":"Rainbow","floor":33},{"not_picked":["Sweeping Beam+1","Go for the Eyes"],"picked":"Conserve Battery","floor":35},{"not_picked":["Beam Cell","Compile Driver+1"],"picked":"Cold Snap","floor":36},{"not_picked":["Force Field+1","Rebound+1"],"picked":"Defragment+1","floor":37},{"not_picked":["Fusion+1","Static Discharge+1"],"picked":"White Noise","floor":44},{"not_picked":["Flash of Steel","Finesse"],"picked":"Master of Strategy","floor":45},{"not_picked":["Good Instincts","Violence"],"picked":"Impatience","floor":45},{"not_picked":["Barrage","Consume","Stack"],"picked":"SKIP","floor":46}],"player_experience":249270,"relics_obtained":[{"floor":6.0,"key":"Bronze Scales"},{"floor":8.0,"key":"DataDisk"},{"floor":9.0,"key":"Blue Candle"},{"floor":13.0,"key":"Odd Mushroom"},{"floor":19.0,"key":"Enchiridion"},{"floor":26.0,"key":"Pear"},{"floor":28.0,"key":"Dodecahedron"},{"floor":30.0,"key":"Gambling Chip"},{"floor":43,"key":"Strawberry"},{"floor":44,"key":"Vajra"},{"floor":48,"key":"Thread and Needle"}],"event_choices":[{"damage_healed":0.0,"max_hp_gain":0.0,"max_hp_loss":0.0,"gold_gain":0.0,"event_name":"Lab","player_choice":"Got Potions","floor":2.0,"gold_loss":0.0,"damage_taken":0.0},{"cards_removed":["Strike_B"],"damage_healed":0.0,"max_hp_gain":0.0,"max_hp_loss":0.0,"gold_gain":0.0,"event_name":"Living Wall","player_choice":"Forget","floor":4.0,"gold_loss":0.0,"damage_taken":0.0},{"damage_healed":0.0,"max_hp_gain":0.0,"max_hp_loss":0.0,"gold_gain":0.0,"event_name":"Liars Game","player_choice":"Ignored","floor":5.0,"gold_loss":0.0,"damage_taken":0.0},{"damage_healed":0.0,"max_hp_gain":0.0,"max_hp_loss":0.0,"gold_gain":0.0,"event_name":"Mushrooms","player_choice":"Fought Mushrooms","floor":13.0,"gold_loss":0.0,"damage_taken":0.0},{"damage_healed":0.0,"max_hp_gain":0.0,"max_hp_loss":0.0,"gold_gain":0.0,"event_name":"Cursed Tome","player_choice":"Obtained Book","floor":19.0,"gold_loss":0.0,"damage_taken":16.0},{"damage_healed":0.0,"max_hp_gain":0.0,"max_hp_loss":0.0,"gold_gain":0.0,"event_name":"Ghosts","player_choice":"Ignored","floor":20.0,"gold_loss":0.0,"damage_taken":0.0},{"damage_healed":0.0,"max_hp_gain":0.0,"max_hp_loss":0.0,"gold_gain":99.0,"event_name":"Nest","player_choice":"Stole From Cult","floor":21.0,"gold_loss":0.0,"damage_taken":0.0},{"damage_healed":0.0,"max_hp_gain":0.0,"max_hp_loss":0.0,"gold_gain":0.0,"event_name":"WeMeetAgain","player_choice":"Gave Potion","floor":22.0,"gold_loss":0.0,"damage_taken":0.0,"relics_obtained":["Boot"]},{"damage_healed":0,"gold_gain":0,"player_choice":"Fight","damage_taken":0,"max_hp_gain":0,"max_hp_loss":0,"event_name":"MindBloom","floor":39,"gold_loss":0},{"cards_removed":["Conserve Battery"],"damage_healed":0,"gold_gain":0,"player_choice":"Removed Skill","damage_taken":0,"max_hp_gain":0,"max_hp_loss":0,"event_name":"Falling","floor":41,"gold_loss":0},{"damage_healed":0,"gold_gain":0,"player_choice":"Memory 3","damage_taken":10,"max_hp_gain":0,"max_hp_loss":0,"event_name":"SensoryStone","floor":45,"gold_loss":0},{"damage_healed":0,"gold_gain":0,"player_choice":"Fight","damage_taken":0,"max_hp_gain":0,"max_hp_loss":0,"event_name":"Mysterious Sphere","floor":48,"gold_loss":0}],"is_beta":false,"boss_relics":[{"not_picked":["Fusion Hammer","Busted Crown"],"picked":"Tiny House"},{"not_picked":["Calling Bell","White Beast Statue"],"picked":"Philosopher\u0027s Stone"}],"items_purged_floors":[14,29],"is_endless":false,"potions_floor_spawned":[1,6,24,30,31,36,44],"ascension_level":10}