{"gold_per_floor":[109,123,48,48,68,93,93,108,108,108,135,150,50,125,125,229,229,241,261,106,106],"floor_reached":21,"playtime":1785,"items_purged":["Strike_R","Defend_R"],"score":189,"play_id":"df7e7ee8-81c1-477a-826d-e591edc8bb8e","local_time":"20190307063431","is_ascension_mode":false,"campfire_choices":[{"data":"Bash","floor":10.0,"key":"SMITH"},{"data":"Clash","floor":15.0,"key":"SMITH"}],"neow_cost":"NONE","seed_source_timestamp":59287981352200,"circlet_count":0,"master_deck":["Strike_R","Strike_R","Strike_R","Strike_R","Defend_R","Defend_R","Defend_R","Bash+1","Clash+1","Fiend Fire"],"special_seed":0,"relics":["Burning Blood","Paper Frog","Kunai","Darkstone Periapt","Runic Cube","Juzu Bracelet"],"potions_floor_usage":[],"damage_taken":[{"damage":1.0,"enemies":"Small Slimes","floor":1.0,"turns":4.0},{"damage":5.0,"enemies":"Cultist","floor":2.0,"turns":4.0},{"damage":0.0,"enemies":"2 Louse","floor":5.0,"turns":1.0},{"damage":51.0,"enemies":"3 Sentries","floor":6.0,"turns":13.0},{"damage":7.0,"enemies":"Blue Slaver","floor":8.0,"turns":2.0},{"damage":9.0,"enemies":"Lagavulin","floor":11.0,"turns":6.0},{"damage":5.0,"enemies":"Looter","floor":12.0,"turns":3.0},{"damage":29.0,"enemies":"The Guardian","floor":16.0,"turns":12.0},{"damage":13.0,"enemies":"3 Byrds","floor":18.0,"turns":5.0},{"damage":5,"enemies":"Chosen","floor":19,"turns":4},{"damage":28,"enemies":"Colosseum Slavers","floor":21,"turns":7},{"damage":68,"enemies":"Colosseum Nobs","floor":21,"turns":6}],"seed_played":"2346896328200213717","potions_obtained":[{"floor":1.0,"key":"Swift Potion"},{"floor":4.0,"key":"Strength Potion"},{"floor":4.0,"key":"Regen Potion"},{"floor":8.0,"key":"EssenceOfSteel"},{"floor":11.0,"key":"Fruit Juice"},{"floor":12.0,"key":"Explosive Potion"}],"is_trial":false,"path_per_floor":["M","M","$","?","M","E","$","M","T","R","E","M","$","?","R","B",null,"M","M","$","?"],"character_chosen":"IRONCLAD","items_purchased":["Juzu Bracelet"],"campfire_rested":0,"item_purchase_floors":[20],"current_hp_per_floor":[88,88,88,88,88,58,58,57,57,57,54,60,60,49,49,26,93,86,87,87,0],"gold":106,"neow_bonus":"TEN_PERCENT_HP_BONUS","is_prod":false,"is_daily":false,"chose_seed":false,"campfire_upgraded":2,"win_rate":0,"timestamp":1551965671,"path_taken":["M","M","$","?","M","E","$","?","T","R","E","M","$","?","R","BOSS","M","M","$","?"],"build_version":"2019-01-23","purchased_purges":2,"victory":false,"max_hp_per_floor":[88,88,88,88,88,88,88,88,88,88,88,93,93,93,93,93,93,93,93,93,93],"card_choices":[{"not_picked":["True Grit","Heavy Blade","Anger"],"picked":"SKIP","floor":1.0},{"not_picked":["Pommel Strike","Feed"],"picked":"Clash","floor":2.0},{"not_picked":["Flex","Spot Weakness","Shrug It Off"],"picked":"SKIP","floor":5.0},{"not_picked":["Thunderclap","Rage","Body Slam"],"picked":"SKIP","floor":6.0},{"not_picked":["Sword Boomerang","Twin Strike","Burning Pact"],"picked":"SKIP","floor":8.0},{"not_picked":["Perfected Strike","Flame Barrier","Headbutt"],"picked":"SKIP","floor":11.0},{"not_picked":["Dual Wield","Power Through","Barricade"],"picked":"SKIP","floor":12.0},{"not_picked":["Exhume","Immolate"],"picked":"Fiend Fire","floor":16.0},{"not_picked":["Second Wind","Clash","Body Slam"],"picked":"SKIP","floor":18.0},{"not_picked":["Warcry+1","Havoc","Cleave"],"picked":"SKIP","floor":19}],"player_experience":473893,"relics_obtained":[{"floor":6.0,"key":"Paper Frog"},{"floor":9.0,"key":"Kunai"},{"floor":11.0,"key":"Darkstone Periapt"}],"event_choices":[{"damage_healed":0.0,"max_hp_gain":0.0,"max_hp_loss":0.0,"gold_gain":0.0,"event_name":"Lab","player_choice":"Got Potions","floor":4.0,"gold_loss":0.0,"damage_taken":0.0},{"damage_healed":0.0,"max_hp_gain":0.0,"max_hp_loss":0.0,"gold_gain":75.0,"event_name":"World of Goop","player_choice":"Gather Gold","floor":14.0,"gold_loss":0.0,"damage_taken":11.0},{"damage_healed":0,"gold_gain":0,"player_choice":"Fight","damage_taken":0,"max_hp_gain":0,"max_hp_loss":0,"event_name":"Colosseum","floor":21,"gold_loss":0},{"damage_healed":0,"gold_gain":0,"player_choice":"Fought Nobs","damage_taken":0,"max_hp_gain":0,"max_hp_loss":0,"event_name":"Colosseum","floor":21,"gold_loss":0}],"is_beta":false,"boss_relics":[{"not_picked":["Fusion Hammer","Philosopher\u0027s Stone"],"picked":"Runic Cube"}],"items_purged_floors":[3,13],"is_endless":false,"potions_floor_spawned":[1,8,11,12,21],"killed_by":"Colosseum Nobs","ascension_level":0}