{"gold_per_floor":[117,132,211,226,23,50,62,62,62,62,81,81,81,108,108,212,212,232,247,247,172,172,172],"floor_reached":23,"playtime":1970,"items_purged":["Regret"],"score":224,"play_id":"c172374b-c172-4a6b-8d96-f6b4b877ec2b","local_time":"20181122162433","is_ascension_mode":false,"campfire_choices":[{"data":"Zap","floor":8,"key":"SMITH"},{"data":"Lockon","floor":10,"key":"SMITH"},{"floor":12,"key":"REST"},{"data":"Hello World","floor":15,"key":"SMITH"}],"neow_cost":"NONE","seed_source_timestamp":80246394449929,"circlet_count":0,"master_deck":["Strike_B","Strike_B","Strike_B","Strike_B","Defend_B","Defend_B","Defend_B","Defend_B","Zap+1","Dualcast","Lockon+1","Hello World+1","Scrape","Capacitor","Redo","Lockon","Iron Wave","Force Field","Electrodynamics","Parasite","Doubt","BootSequence","Melter"],"relics":["Cracked Core","NeowsBlessing","Darkstone Periapt","Strawberry","Ancient Tea Set","Mummified Hand","Question Card","Calling Bell","Orichalcum","Calipers","Meat on the Bone"],"potions_floor_usage":[6],"damage_taken":[{"damage":0,"enemies":"Cultist","floor":1,"turns":1},{"damage":0,"enemies":"2 Louse","floor":2,"turns":1},{"damage":0,"enemies":"Small Slimes","floor":4,"turns":1},{"damage":23,"enemies":"3 Sentries","floor":6,"turns":8},{"damage":7,"enemies":"Blue Slaver","floor":7,"turns":3},{"damage":9,"enemies":"2 Fungi Beasts","floor":11,"turns":3},{"damage":20,"enemies":"Lagavulin","floor":14,"turns":6},{"damage":31,"enemies":"The Guardian","floor":16,"turns":12},{"damage":20,"enemies":"2 Thieves","floor":18,"turns":3},{"damage":23,"enemies":"Shell Parasite","floor":19,"turns":7},{"damage":92,"enemies":"Book of Stabbing","floor":23,"turns":7}],"seed_played":"-6615738225768190371","potions_obtained":[{"floor":1,"key":"Weak Potion"},{"floor":6,"key":"Explosive Potion"},{"floor":11,"key":"SpeedPotion"},{"floor":14,"key":"Strength Potion"}],"is_trial":false,"path_per_floor":["M","M","T","M","$","E","M","R","T","R","M","R","?","E","R","B",null,"M","M","?","$","?","E"],"character_chosen":"DEFECT","items_purchased":["Conserve Battery","Strawberry"],"campfire_rested":1,"item_purchase_floors":[5,5],"current_hp_per_floor":[75,75,75,75,82,59,52,52,52,52,43,67,67,47,47,16,100,80,57,90,90,90,0],"gold":172,"neow_bonus":"THREE_ENEMY_KILL","is_prod":false,"is_daily":false,"chose_seed":false,"campfire_upgraded":3,"win_rate":0,"timestamp":1542921873,"path_taken":["M","M","?","?","$","E","M","R","T","R","M","R","?","E","R","BOSS","M","M","?","$","?","E"],"build_version":"2018-11-15","purchased_purges":1,"victory":false,"max_hp_per_floor":[75,75,75,75,82,82,82,82,82,82,82,82,82,82,82,82,100,100,100,100,100,100,100],"card_choices":[{"not_picked":["Redo","Force Field"],"picked":"Lockon","floor":1},{"not_picked":["Barrage","Cold Snap"],"picked":"Hello World","floor":2},{"not_picked":["Steam","Auto Shields"],"picked":"Scrape","floor":4},{"not_picked":["Coolheaded","Electrodynamics"],"picked":"Capacitor","floor":6},{"not_picked":["Sweeping Beam","Steam"],"picked":"Redo","floor":7},{"not_picked":["Stack","Gash"],"picked":"Lockon","floor":11},{"not_picked":["FTL","Skim"],"picked":"Force Field","floor":14},{"not_picked":["Multi-Cast","Machine Learning","Creative AI"],"picked":"Electrodynamics","floor":16},{"not_picked":["Go for the Eyes","Blizzard+1","Turbo"],"picked":"BootSequence","floor":18},{"not_picked":["Stack","Genetic Algorithm","Steam+1"],"picked":"Melter","floor":19}],"player_experience":196632,"relics_obtained":[{"floor":3,"key":"Darkstone Periapt"},{"floor":6,"key":"Ancient Tea Set"},{"floor":9,"key":"Mummified Hand"},{"floor":14,"key":"Question Card"},{"floor":17,"key":"Orichalcum"},{"floor":17,"key":"Calipers"},{"floor":17,"key":"Meat on the Bone"}],"event_choices":[{"cards_removed":["Conserve Battery"],"damage_healed":0,"gold_gain":0,"player_choice":"Took Card","damage_taken":0,"max_hp_gain":0,"max_hp_loss":0,"event_name":"NoteForYourself","floor":13,"gold_loss":0,"cards_obtained":["Iron Wave"]},{"damage_healed":33,"gold_gain":0,"player_choice":"Heal","damage_taken":0,"max_hp_gain":0,"max_hp_loss":0,"event_name":"The Library","floor":20,"gold_loss":0},{"damage_healed":0,"gold_gain":0,"player_choice":"Ignored","damage_taken":0,"max_hp_gain":0,"max_hp_loss":0,"event_name":"Ghosts","floor":22,"gold_loss":0}],"is_beta":false,"boss_relics":[{"not_picked":["Snecko Eye","Coffee Dripper"],"picked":"Calling Bell"}],"items_purged_floors":[21],"is_endless":false,"potions_floor_spawned":[1,6,11,14,19],"killed_by":"Book of Stabbing","ascension_level":0}