{"gold_per_floor":[361,376,32,107,122,122,122,140,140,117,117,148,165,189,189,294,294,304,219,231,231,243,243,243],"floor_reached":24,"playtime":2114,"items_purged":["Strike_R"],"score":196,"play_id":"dd5bf9ce-929d-46cd-b1f8-b2d8608971f5","local_time":"20181127161350","is_ascension_mode":false,"campfire_choices":[{"data":"Armaments","floor":6.0,"key":"SMITH"},{"floor":11.0,"key":"RECALL"},{"floor":15.0,"key":"REST"},{"floor":23.0,"key":"REST"}],"neow_cost":"PERCENT_DAMAGE","seed_source_timestamp":1034065975721460,"circlet_count":0,"master_deck":["Strike_R","Strike_R","Strike_R","Strike_R","Defend_R","Defend_R","Defend_R","Defend_R","Bash","Flex","Cleave","Armaments+1","Backflip","Ghostly Armor","Body Slam","Cloak And Dagger","Feed","Warcry+1","Sweeping Beam+1"],"special_seed":0,"relics":["Burning Blood","PrismaticShard","Mummified Hand","Odd Mushroom","Sozu","Ornamental Fan"],"potions_floor_usage":[],"damage_taken":[{"damage":7.0,"enemies":"Small Slimes","floor":1.0,"turns":4.0},{"damage":1.0,"enemies":"Jaw Worm","floor":2.0,"turns":4.0},{"damage":1.0,"enemies":"2 Louse","floor":5.0,"turns":2.0},{"damage":0.0,"enemies":"Looter","floor":8.0,"turns":4.0},{"damage":40.0,"enemies":"Lagavulin","floor":12.0,"turns":9.0},{"damage":4.0,"enemies":"Large Slime","floor":13.0,"turns":9.0},{"damage":1.0,"enemies":"The Mushroom Lair","floor":14.0,"turns":4.0},{"damage":23.0,"enemies":"The Guardian","floor":16.0,"turns":18.0},{"damage":27.0,"enemies":"Chosen","floor":18.0,"turns":8.0},{"damage":0.0,"enemies":"3 Byrds","floor":20.0,"turns":6.0},{"damage":56.0,"enemies":"Cultist and Chosen","floor":22.0,"turns":9.0},{"damage":54,"enemies":"Book of Stabbing","floor":24,"turns":7}],"seed_played":"2704567110443167839","potions_obtained":[{"floor":1.0,"key":"BloodPotion"},{"floor":13.0,"key":"Swift Potion"},{"floor":14.0,"key":"Energy Potion"}],"is_trial":false,"path_per_floor":["M","M","$","?","M","R","?","M","T","$","R","E","M","?","R","B",null,"M","?","M","?","M","R","E"],"character_chosen":"IRONCLAD","items_purchased":["PrismaticShard","Armaments","Swift Potion","Body Slam"],"campfire_rested":2,"item_purchase_floors":[3,3,3,10],"current_hp_per_floor":[55,60,60,49,54,54,54,60,60,60,60,26,28,33,57,40,80,59,59,68,68,26,50,0],"gold":243,"neow_bonus":"TWO_FIFTY_GOLD","is_prod":false,"is_daily":false,"chose_seed":false,"campfire_upgraded":1,"win_rate":0,"timestamp":1543331630,"path_taken":["M","M","$","?","M","R","?","M","T","?","R","E","M","?","R","BOSS","M","?","M","?","M","R","E"],"build_version":"2018-11-15","purchased_purges":1,"victory":false,"max_hp_per_floor":[80,80,80,80,80,80,80,80,80,80,80,80,80,80,80,80,80,80,80,83,83,83,83,83],"card_choices":[{"not_picked":["Reckless Charge","Wild Strike"],"picked":"Flex","floor":1.0},{"not_picked":["Havoc","Sword Boomerang"],"picked":"Cleave","floor":2.0},{"not_picked":["Clash","Rage"],"picked":"Backflip","floor":5.0},{"not_picked":["Tactician","Sucker Punch"],"picked":"Ghostly Armor","floor":8.0},{"not_picked":["Doom and Gloom","Jack Of All Trades"],"picked":"Cloak And Dagger","floor":12.0},{"not_picked":["All Out Attack","Blizzard","Reinforced Body"],"picked":"SKIP","floor":13.0},{"not_picked":["Rainbow","Reboot"],"picked":"Feed","floor":16.0},{"not_picked":["True Grit","Leap"],"picked":"Warcry+1","floor":18.0},{"not_picked":["Consume","Blood for Blood","Outmaneuver"],"picked":"SKIP","floor":20.0},{"not_picked":["Dodge and Roll","Exhume"],"picked":"Sweeping Beam+1","floor":22.0}],"player_experience":251019,"relics_obtained":[{"floor":12.0,"key":"Mummified Hand"},{"floor":14.0,"key":"Odd Mushroom"}],"event_choices":[{"damage_healed":0.0,"max_hp_gain":0.0,"max_hp_loss":0.0,"gold_gain":75.0,"event_name":"World of Goop","player_choice":"Gather Gold","floor":4.0,"gold_loss":0.0,"damage_taken":11.0},{"damage_healed":0.0,"max_hp_gain":0.0,"max_hp_loss":0.0,"gold_gain":0.0,"event_name":"Golden Idol","player_choice":"Ignored","floor":7.0,"gold_loss":0.0,"damage_taken":0.0},{"damage_healed":0.0,"max_hp_gain":0.0,"max_hp_loss":0.0,"gold_gain":0.0,"event_name":"Mushrooms","player_choice":"Fought Mushrooms","floor":14.0,"gold_loss":0.0,"damage_taken":0.0},{"damage_healed":0.0,"max_hp_gain":0.0,"max_hp_loss":0.0,"gold_gain":0.0,"event_name":"Addict","player_choice":"Obtained Relic","floor":19.0,"gold_loss":85.0,"damage_taken":0.0,"relics_obtained":["Ornamental Fan"]},{"damage_healed":0.0,"max_hp_gain":0.0,"max_hp_loss":0.0,"gold_gain":0.0,"event_name":"Ghosts","player_choice":"Ignored","floor":21.0,"gold_loss":0.0,"damage_taken":0.0}],"is_beta":true,"boss_relics":[{"not_picked":["Busted Crown","Eternal Feather"],"picked":"Sozu"}],"items_purged_floors":[3],"is_endless":false,"potions_floor_spawned":[1,13,14,20],"killed_by":"Book of Stabbing","ascension_level":0}