{"gold_per_floor":[111,111,128,303,10,10,30,59,59,75,107,119,119,140,140,261,261,276,297,106,106,38,38,59,59,140,163,163,181,181,181,181,304,304,318,38,61,85,110,110,123,142,166,166,499,499,499,528,528,528],"floor_reached":50,"playtime":2813,"items_purged":["Doubt","Strike_B"],"score":609,"play_id":"01198202-2aeb-46b2-b45c-40c14d409bda","local_time":"20190521080833","is_ascension_mode":false,"campfire_choices":[{"data":"Fission","floor":15.0,"key":"SMITH"},{"data":"Biased Cognition","floor":23.0,"key":"SMITH"},{"data":"White Noise","floor":28.0,"key":"SMITH"},{"floor":30.0,"key":"RECALL"},{"data":"Static Discharge","floor":32.0,"key":"SMITH"},{"data":"Thunder Strike","floor":40.0,"key":"SMITH"},{"data":"Madness","floor":47,"key":"SMITH"},{"floor":49,"key":"REST"}],"neow_cost":"NONE","seed_source_timestamp":0,"circlet_count":0,"master_deck":["Strike_B","Strike_B","Defend_B","Defend_B","Defend_B","Zap","Dualcast","Conserve Battery","Steam","Glacier","Electrodynamics+1","Coolheaded","Tempest","Ball Lightning","Leap","Coolheaded","Hologram","Capacitor","White Noise+1","Coolheaded+1","Static Discharge","Static Discharge+1","Amplify","Hologram","Doom and Gloom","Turbo","Cold Snap","Self Repair+1","Reboot","Heatsinks","Thunder Strike+1","Doom and Gloom+1","Force Field","Loop","Loop+1","Barrage","Coolheaded+1","Chaos+1","Consume+1","Leap+1","Madness+1","Madness","Reinforced Body"],"special_seed":0,"relics":["Cracked Core","Bottled Lightning","Meat on the Bone","Prayer Wheel","Inserter","Enchiridion","Mummified Hand","Empty Cage","Shuriken"],"potions_floor_usage":[50],"damage_taken":[{"damage":1.0,"enemies":"2 Louse","floor":1.0,"turns":3.0},{"damage":0.0,"enemies":"Small Slimes","floor":3.0,"turns":3.0},{"damage":0.0,"enemies":"Jaw Worm","floor":7.0,"turns":3.0},{"damage":12.0,"enemies":"Lagavulin","floor":8.0,"turns":7.0},{"damage":0.0,"enemies":"3 Louse","floor":10.0,"turns":4.0},{"damage":6.0,"enemies":"3 Sentries","floor":11.0,"turns":3.0},{"damage":1.0,"enemies":"Lots of Slimes","floor":12.0,"turns":3.0},{"damage":5.0,"enemies":"Large Slime","floor":14.0,"turns":4.0},{"damage":39.0,"enemies":"The Guardian","floor":16.0,"turns":15.0},{"damage":15.0,"enemies":"Shell Parasite","floor":18.0,"turns":5.0},{"damage":2.0,"enemies":"Chosen","floor":19.0,"turns":5.0},{"damage":17.0,"enemies":"Snake Plant","floor":24.0,"turns":5.0},{"damage":0.0,"enemies":"Snecko","floor":27.0,"turns":4.0},{"damage":5.0,"enemies":"Sentry and Sphere","floor":29.0,"turns":6.0},{"damage":25.0,"enemies":"Automaton","floor":33.0,"turns":9.0},{"damage":27.0,"enemies":"3 Darklings","floor":35.0,"turns":3.0},{"damage":25.0,"enemies":"3 Shapes","floor":37.0,"turns":6.0},{"damage":0.0,"enemies":"Spire Growth","floor":38.0,"turns":4.0},{"damage":24.0,"enemies":"Jaw Worm Horde","floor":39.0,"turns":5.0},{"damage":16.0,"enemies":"Sphere and 2 Shapes","floor":41.0,"turns":5.0},{"damage":6.0,"enemies":"3 Darklings","floor":42.0,"turns":2.0},{"damage":46,"enemies":"Giant Head","floor":48,"turns":7},{"damage":65,"enemies":"Time Eater","floor":50,"turns":5}],"seed_played":"4762700012387379390","potions_obtained":[{"floor":8.0,"key":"Fruit Juice"},{"floor":10.0,"key":"Strength Potion"},{"floor":11.0,"key":"AttackPotion"},{"floor":16.0,"key":"Ancient Potion"},{"floor":18.0,"key":"FocusPotion"},{"floor":29.0,"key":"Energy Potion"},{"floor":38.0,"key":"Swift Potion"},{"floor":48,"key":"EssenceOfSteel"}],"is_trial":false,"path_per_floor":["M","?","M","?","$","?","M","E","T","M","E","M","?","M","R","B",null,"M","M","$","?","$","R","M","?","T","M","R","M","R","?","R","B",null,"M","$","M","M","M","R","M","M","T","?","?","?","R","E","R","B"],"character_chosen":"DEFECT","items_purchased":["Glacier","Electrodynamics","Amplify","Hologram","Doom and Gloom","Fruit Juice","PowerPotion","Loop"],"campfire_rested":1,"item_purchase_floors":[5,5,20,20,22,36,36,36],"current_hp_per_floor":[74,79,79,79,79,79,79,72,72,72,66,65,65,60,60,33,79,64,62,62,89,89,89,72,56,56,56,56,61,61,61,61,58,89,72,77,62,62,60,60,76,70,70,58,58,58,58,34,62,0],"gold":528,"neow_bonus":"ONE_RANDOM_RARE_CARD","is_prod":false,"is_daily":false,"chose_seed":false,"campfire_upgraded":6,"win_rate":0,"timestamp":1558440513,"path_taken":["M","?","M","?","?","?","M","E","T","M","E","?","?","M","R","BOSS","M","M","$","?","?","R","?","?","T","M","R","M","R","?","R","BOSS","M","$","?","M","M","R","?","M","T","?","?","?","R","E","R","BOSS"],"build_version":"2019-01-23","purchased_purges":2,"victory":false,"max_hp_per_floor":[75,80,80,80,80,80,80,85,85,85,85,85,79,79,79,79,79,79,79,79,89,89,89,89,89,89,89,89,89,89,89,89,89,89,89,94,94,94,94,94,94,94,94,94,94,94,94,94,94,94],"card_choices":[{"not_picked":["Force Field","Redo"],"picked":"Conserve Battery","floor":1.0},{"not_picked":["Beam Cell","Leap"],"picked":"Steam","floor":3.0},{"not_picked":["Conserve Battery","Barrage"],"picked":"Coolheaded","floor":7.0},{"not_picked":["All For One","Steam"],"picked":"Tempest","floor":8.0},{"not_picked":["Steam","Hello World"],"picked":"Ball Lightning","floor":10.0},{"not_picked":["Rebound","Aggregate"],"picked":"Leap","floor":11.0},{"not_picked":["Rebound","Redo"],"picked":"Coolheaded","floor":12.0},{"not_picked":["Skim","Aggregate","Go for the Eyes"],"picked":"SKIP","floor":12.0},{"not_picked":["Steam","Glacier"],"picked":"Hologram","floor":14.0},{"not_picked":["Ball Lightning","Glacier"],"picked":"Capacitor","floor":14.0},{"not_picked":["Machine Learning","Fission"],"picked":"Biased Cognition","floor":16.0},{"not_picked":["Leap","Stack"],"picked":"White Noise","floor":18.0},{"not_picked":["Stack","Gash+1"],"picked":"Coolheaded+1","floor":18.0},{"not_picked":["Redo","Biased Cognition"],"picked":"Static Discharge","floor":19.0},{"not_picked":["Streamline","Glacier"],"picked":"Static Discharge","floor":19.0},{"not_picked":["Leap","Aggregate+1"],"picked":"Turbo","floor":24.0},{"not_picked":["Rebound","Streamline+1"],"picked":"Cold Snap","floor":24.0},{"not_picked":["Rebound+1","Barrage"],"picked":"Self Repair+1","floor":27.0},{"not_picked":["Go for the Eyes+1","Redo"],"picked":"Reboot","floor":27.0},{"not_picked":["Rip and Tear+1","Rebound"],"picked":"Heatsinks","floor":29.0},{"not_picked":["Turbo","Gash","Stack"],"picked":"SKIP","floor":29.0},{"not_picked":["Biased Cognition","Echo Form"],"picked":"Thunder Strike","floor":33.0},{"not_picked":["Go for the Eyes+1","Sunder"],"picked":"Doom and Gloom+1","floor":35.0},{"not_picked":["Rip and Tear+1","Barrage"],"picked":"Force Field","floor":35.0},{"not_picked":["Sweeping Beam+1","Turbo"],"picked":"Loop+1","floor":37.0},{"not_picked":["Coolheaded+1","Ball Lightning+1","Sweeping Beam+1"],"picked":"SKIP","floor":37.0},{"not_picked":["Coolheaded","Redo+1"],"picked":"Barrage","floor":38.0},{"not_picked":["Heatsinks+1","Skim+1"],"picked":"Coolheaded+1","floor":38.0},{"not_picked":["Coolheaded","All For One","Sweeping Beam"],"picked":"SKIP","floor":39.0},{"not_picked":["Sweeping Beam","Barrage+1","Gash"],"picked":"SKIP","floor":39.0},{"not_picked":["Scrape+1","Hologram+1"],"picked":"Chaos+1","floor":41.0},{"not_picked":["Auto Shields+1","Conserve Battery"],"picked":"Consume+1","floor":41.0},{"not_picked":["Recycle","Redo+1"],"picked":"Leap+1","floor":42.0},{"not_picked":["Steam","Compile Driver","Hologram"],"picked":"SKIP","floor":42.0},{"not_picked":["Blizzard+1","FTL+1"],"picked":"Reinforced Body","floor":48}],"player_experience":311514,"relics_obtained":[{"floor":8.0,"key":"Bottled Lightning"},{"floor":9.0,"key":"Meat on the Bone"},{"floor":11.0,"key":"Prayer Wheel"},{"floor":25.0,"key":"Enchiridion"},{"floor":26.0,"key":"Mummified Hand"},{"floor":48,"key":"Shuriken"}],"event_choices":[{"damage_healed":0.0,"max_hp_gain":5.0,"max_hp_loss":0.0,"gold_gain":0.0,"event_name":"Big Fish","player_choice":"Donut","floor":2.0,"gold_loss":0.0,"damage_taken":0.0},{"damage_healed":0.0,"max_hp_gain":0.0,"max_hp_loss":0.0,"gold_gain":175.0,"event_name":"Liars Game","player_choice":"AGREE","floor":4.0,"gold_loss":0.0,"damage_taken":0.0,"cards_obtained":["Doubt"]},{"cards_removed":["Defend_B"],"damage_healed":0.0,"max_hp_gain":0.0,"max_hp_loss":0.0,"gold_gain":0.0,"event_name":"Purifier","player_choice":"Purged","floor":6.0,"gold_loss":0.0,"damage_taken":0.0},{"damage_healed":0.0,"max_hp_gain":0.0,"max_hp_loss":6.0,"gold_gain":0.0,"event_name":"Golden Idol","player_choice":"Lose Max HP","floor":13.0,"gold_loss":0.0,"damage_taken":0.0,"relics_obtained":["Golden Idol"]},{"cards_removed":["Fission"],"damage_healed":17.0,"max_hp_gain":10.0,"max_hp_loss":0.0,"gold_gain":0.0,"event_name":"Bonfire Elementals","player_choice":"Offered Rare","floor":21.0,"gold_loss":0.0,"damage_taken":0.0},{"damage_healed":0.0,"max_hp_gain":0.0,"max_hp_loss":0.0,"gold_gain":0.0,"event_name":"Cursed Tome","player_choice":"Obtained Book","floor":25.0,"gold_loss":0.0,"damage_taken":16.0},{"damage_healed":0.0,"max_hp_gain":0.0,"max_hp_loss":0.0,"gold_gain":0.0,"event_name":"Upgrade Shrine","player_choice":"Upgraded","floor":31.0,"gold_loss":0.0,"damage_taken":0.0,"cards_upgraded":["Electrodynamics"]},{"damage_healed":0.0,"max_hp_gain":0.0,"max_hp_loss":0.0,"gold_gain":0.0,"event_name":"Winding Halls","player_choice":"Embrace Madness","floor":44.0,"gold_loss":0.0,"damage_taken":12.0,"cards_obtained":["Madness","Madness"]},{"damage_healed":0.0,"max_hp_gain":0.0,"max_hp_loss":0.0,"gold_gain":333.0,"event_name":"The Moai Head","player_choice":"Gave Idol","floor":45.0,"relics_lost":["Golden Idol"],"gold_loss":0.0,"damage_taken":0.0},{"damage_healed":0,"gold_gain":0,"player_choice":"Ignored","damage_taken":0,"max_hp_gain":0,"max_hp_loss":0,"event_name":"Mysterious Sphere","floor":46,"gold_loss":0}],"is_beta":false,"boss_relics":[{"not_picked":["Orrery","Nuclear Battery"],"picked":"Inserter"},{"not_picked":["Velvet Choker","Fusion Hammer"],"picked":"Empty Cage"}],"items_purged_floors":[5,36],"is_endless":false,"potions_floor_spawned":[8,10,11,16,18,29,38,48],"killed_by":"Time Eater","ascension_level":0}