{"gold_per_floor":[114,134,284,284,294,294,320,17,17,51,61,73,73,91,91,169,169,188,138,62,82,94,94,119,136,136,136,42,42,62,75,75,147,147,163,86,86,100,70,105,105,121,121,135,153,179,7,307,307,307,307,307,307,22,51,51],"floor_reached":57,"playtime":3920,"items_purged":["Doubt"],"score":2888,"play_id":"8136a649-c47e-41ce-b65f-2a5b345a7b75","local_time":"20190522230032","is_ascension_mode":true,"campfire_choices":[{"data":"Poisoned Stab","floor":6,"key":"SMITH"},{"data":"Dagger Spray","floor":15,"key":"SMITH"},{"data":"Bouncing Flask","floor":23,"key":"SMITH"},{"data":"Deadly Poison","floor":27,"key":"SMITH"},{"data":"Noxious Fumes","floor":29,"key":"SMITH"},{"data":"Deadly Poison","floor":32,"key":"SMITH"},{"floor":41,"key":"RECALL"},{"data":"Discovery","floor":49,"key":"SMITH"},{"data":"Burst","floor":53,"key":"SMITH"}],"neow_cost":"NONE","seed_source_timestamp":331997354643123,"circlet_count":0,"master_deck":["AscendersBane","Survivor","Neutralize","After Image","Well Laid Plans","Poisoned Stab+1","Sucker Punch","Dagger Spray+1","Backflip","Dagger Spray","Tools of the Trade","Underhanded Strike+1","Leg Sweep","Phantasmal Killer","Quick Slash+1","Endless Agony","Escape Plan","Prepared","Heel Hook+1","Masterful Stab+1","Eviscerate","Dagger Throw","Tools of the Trade","PiercingWail","Bouncing Flask+1","Deflect","Poisoned Stab","Deadly Poison+1","Crippling Poison+1","Noxious Fumes+1","Deflect","Dash","Deadly Poison+1","Burst+1","Noxious Fumes","Flash of Steel","Backflip","Backflip","Leg Sweep+1","Choke","Night Terror","Discovery+1","Catalyst"],"relics":["Ring of the Snake","Gremlin Horn","Blood Vial","Bronze Scales","Orichalcum","Pandora\u0027s Box","Ninja Scroll","Snecko Eye","Anchor","Sundial","Regal Pillow","Old Coin","Kunai","Whetstone"],"potions_floor_usage":[7,7,18,56,56],"damage_taken":[{"damage":0,"enemies":"Jaw Worm","floor":1,"turns":4},{"damage":0,"enemies":"Small Slimes","floor":2,"turns":4},{"damage":0,"enemies":"Cultist","floor":5,"turns":4},{"damage":0,"enemies":"Lagavulin","floor":7,"turns":5},{"damage":2,"enemies":"3 Sentries","floor":10,"turns":6},{"damage":5,"enemies":"Large Slime","floor":11,"turns":4},{"damage":0,"enemies":"Gremlin Gang","floor":12,"turns":2},{"damage":0,"enemies":"Red Slaver","floor":14,"turns":2},{"damage":16,"enemies":"Hexaghost","floor":16,"turns":10},{"damage":0,"enemies":"2 Thieves","floor":18,"turns":3},{"damage":0,"enemies":"Shell Parasite","floor":21,"turns":2},{"damage":0,"enemies":"Chosen and Byrds","floor":22,"turns":3},{"damage":15,"enemies":"Book of Stabbing","floor":24,"turns":4},{"damage":0,"enemies":"Sentry and Sphere","floor":25,"turns":2},{"damage":0,"enemies":"Cultist and Chosen","floor":30,"turns":3},{"damage":0,"enemies":"Centurion and Healer","floor":31,"turns":3},{"damage":12,"enemies":"Collector","floor":33,"turns":7},{"damage":0,"enemies":"Orb Walker","floor":35,"turns":3},{"damage":0,"enemies":"3 Shapes","floor":38,"turns":4},{"damage":1,"enemies":"Nemesis","floor":40,"turns":5},{"damage":0,"enemies":"Transient","floor":42,"turns":6},{"damage":0,"enemies":"Sphere and 2 Shapes","floor":44,"turns":3},{"damage":0,"enemies":"Spire Growth","floor":45,"turns":3},{"damage":0,"enemies":"Reptomancer","floor":46,"turns":4},{"damage":16,"enemies":"Donu and Deca","floor":50,"turns":6},{"damage":6,"enemies":"Awakened One","floor":51,"turns":8},{"damage":0,"enemies":"Shield and Spear","floor":55,"turns":6},{"damage":65,"enemies":"The Heart","floor":56,"turns":6}],"seed_played":"-9098749903956496833","potions_obtained":[{"floor":1,"key":"AttackPotion"},{"floor":2,"key":"SkillPotion"},{"floor":12,"key":"Explosive Potion"},{"floor":16,"key":"Block Potion"},{"floor":21,"key":"Strength Potion"},{"floor":33,"key":"AttackPotion"},{"floor":44,"key":"PowerPotion"}],"is_trial":false,"path_per_floor":["M","M","?","?","M","R","E","$","T","E","M","M","?","M","R","B",null,"M","?","$","M","M","R","E","M","T","R","$","R","M","M","R","B",null,"M","$","?","M","?","E","R","M","T","M","M","E","$","T","R","B","B",null,"R","$","E","B",null],"character_chosen":"THE_SILENT","items_purchased":["Backflip","Blood Vial","Bouncing Flask","Noxious Fumes","Deflect","Noxious Fumes","Discovery","GhostInAJar","Kunai"],"campfire_rested":0,"item_purchase_floors":[8,8,20,28,28,36,47,47,54],"current_hp_per_floor":[59,59,59,64,64,64,64,64,64,64,61,63,63,65,65,51,66,68,68,68,70,71,71,56,58,58,58,58,58,60,62,62,52,66,68,68,58,60,60,61,61,63,63,65,67,69,69,69,69,55,51,66,66,66,68,5],"gold":51,"neow_bonus":"ONE_RANDOM_RARE_CARD","is_prod":false,"is_daily":false,"chose_seed":false,"campfire_upgraded":8,"win_rate":0,"timestamp":1558533632,"path_taken":["M","M","?","?","M","R","E","$","T","E","M","M","?","M","R","BOSS","M","?","$","M","M","R","E","M","T","R","$","R","M","M","R","BOSS","M","$","?","M","?","E","R","?","T","M","M","E","$","?","R","BOSS","BOSS","R","$","E","BOSS"],"build_version":"2019-01-23","purchased_purges":1,"victory":true,"max_hp_per_floor":[66,66,66,71,71,71,71,71,71,71,71,71,71,71,71,71,71,71,71,71,71,71,71,71,71,71,71,71,71,71,71,71,71,71,71,71,71,71,71,71,71,71,71,71,71,71,71,71,71,71,71,71,71,71,71,71],"card_choices":[{"not_picked":["Eviscerate","Calculated Gamble"],"picked":"Well Laid Plans","floor":1},{"not_picked":["All Out Attack","Escape Plan"],"picked":"Poisoned Stab","floor":2},{"not_picked":["Eviscerate","Flying Knee"],"picked":"Sucker Punch","floor":5},{"not_picked":["Caltrops","Outmaneuver"],"picked":"Dagger Spray","floor":7},{"not_picked":["Riddle With Holes","Slice"],"picked":"Dagger Spray","floor":10},{"not_picked":["Blade Dance","Slice"],"picked":"Tools of the Trade","floor":11},{"not_picked":["Deflect","Poisoned Stab"],"picked":"Underhanded Strike","floor":12},{"not_picked":["Caltrops","Dodge and Roll"],"picked":"Leg Sweep","floor":14},{"not_picked":["Burst","Unload"],"picked":"Phantasmal Killer","floor":16},{"not_picked":["Quick Slash+1","Backstab"],"picked":"PiercingWail","floor":18},{"not_picked":["All Out Attack","Escape Plan"],"picked":"Deflect","floor":21},{"not_picked":["Acrobatics","Dagger Spray"],"picked":"Poisoned Stab","floor":22},{"not_picked":["Predator","Dodge and Roll"],"picked":"Deadly Poison","floor":24},{"not_picked":["All Out Attack","Backflip"],"picked":"Crippling Poison+1","floor":25},{"not_picked":["Dagger Spray","Dagger Throw"],"picked":"Dash","floor":30},{"not_picked":["Infinite Blades","Heel Hook"],"picked":"Deadly Poison","floor":31},{"not_picked":["Grand Finale","Phantasmal Killer"],"picked":"Burst","floor":33},{"not_picked":["Setup","Deflect","Blade Dance"],"picked":"SKIP","floor":35},{"not_picked":["Forethought","Trip"],"picked":"Flash of Steel","floor":37},{"not_picked":["Caltrops+1","Slice+1"],"picked":"Backflip","floor":38},{"not_picked":["Sucker Punch+1","Dagger Spray"],"picked":"Backflip","floor":40},{"not_picked":["Slice","Setup","Sucker Punch"],"picked":"SKIP","floor":42},{"not_picked":["All Out Attack","Sucker Punch"],"picked":"Leg Sweep+1","floor":44},{"not_picked":["Acrobatics","Sucker Punch+1"],"picked":"Choke","floor":45},{"not_picked":["Outmaneuver+1","Accuracy"],"picked":"Night Terror","floor":46},{"not_picked":["Expertise","Escape Plan"],"picked":"Catalyst","floor":55}],"player_experience":544697,"relics_obtained":[{"floor":7,"key":"Gremlin Horn"},{"floor":9,"key":"Bronze Scales"},{"floor":10,"key":"Orichalcum"},{"floor":24,"key":"Ninja Scroll"},{"floor":40,"key":"Anchor"},{"floor":43,"key":"Sundial"},{"floor":46,"key":"Regal Pillow"},{"floor":48,"key":"Old Coin"},{"floor":55,"key":"Whetstone"}],"event_choices":[{"damage_healed":0,"gold_gain":150,"player_choice":"AGREE","damage_taken":0,"max_hp_gain":0,"max_hp_loss":0,"event_name":"Liars Game","floor":3,"gold_loss":0,"cards_obtained":["Doubt"]},{"damage_healed":0,"gold_gain":0,"player_choice":"Donut","damage_taken":0,"max_hp_gain":5,"max_hp_loss":0,"event_name":"Big Fish","floor":4,"gold_loss":0},{"cards_removed":["Strike_G"],"damage_healed":0,"gold_gain":0,"player_choice":"Forget","damage_taken":0,"max_hp_gain":0,"max_hp_loss":0,"event_name":"Living Wall","floor":13,"gold_loss":0},{"damage_healed":0,"gold_gain":0,"player_choice":"Upgraded Two","damage_taken":0,"max_hp_gain":0,"max_hp_loss":0,"event_name":"Designer","floor":19,"gold_loss":50,"cards_upgraded":["Masterful Stab","Heel Hook"]},{"damage_healed":0,"gold_gain":0,"player_choice":"Memory 3","damage_taken":10,"max_hp_gain":0,"max_hp_loss":0,"event_name":"SensoryStone","floor":37,"gold_loss":0},{"damage_healed":0,"gold_gain":0,"player_choice":"Bought 2 Potions","damage_taken":0,"max_hp_gain":0,"max_hp_loss":0,"event_name":"The Woman in Blue","floor":39,"gold_loss":0}],"is_beta":false,"boss_relics":[{"not_picked":["Astrolabe","Ring of the Serpent"],"picked":"Pandora\u0027s Box"},{"not_picked":["Fusion Hammer","Calling Bell"],"picked":"Snecko Eye"}],"items_purged_floors":[8],"is_endless":false,"potions_floor_spawned":[1,2,12,16,21,22,30,33,38,44,45,55],"ascension_level":20}