{"gold_per_floor":[117,133,19,31,106,106,122,87,111,125,125,16,16,36,36,36],"floor_reached":16,"playtime":1200,"items_purged":[],"score":92,"play_id":"e5b67499-0165-4681-b47f-e6973c68ea19","local_time":"20180819173929","is_ascension_mode":false,"campfire_choices":[{"floor":6,"key":"REST"},{"floor":15,"key":"REST"}],"neow_cost":"TEN_PERCENT_HP_LOSS","seed_source_timestamp":167352997959174,"circlet_count":0,"master_deck":["Strike_B","Strike_B","Strike_B","Strike_B","Defend_B","Defend_B","Defend_B","Defend_B","Zap","Dualcast","Consume","Capacitor","Capacitor","Melter","Fission","Redo","Beam Cell","Storm","Darkness","Ball Lightning"],"relics":["Cracked Core","Sundial","Blood Vial"],"potions_floor_usage":[16],"damage_taken":[{"damage":0,"enemies":"Small Slimes","floor":1,"turns":2},{"damage":5,"enemies":"2 Louse","floor":2,"turns":2},{"damage":6,"enemies":"Jaw Worm","floor":4,"turns":3},{"damage":15,"enemies":"Looter","floor":7,"turns":3},{"damage":49,"enemies":"Gremlin Gang","floor":10,"turns":9},{"damage":22,"enemies":"Exordium Thugs","floor":14,"turns":5},{"damage":45,"enemies":"The Guardian","floor":16,"turns":8}],"seed_played":"7171108324102786544","potions_obtained":[{"floor":10,"key":"Fire Potion"}],"is_trial":false,"path_per_floor":["M","M","$","M","?","R","M","?","T","M","?","$","$","M","R"],"character_chosen":"DEFECT","items_purchased":["Capacitor","Melter","Storm","Darkness"],"campfire_rested":2,"item_purchase_floors":[3,3,12,12],"current_hp_per_floor":[68,63,63,57,46,66,51,68,68,19,41,41,41,21,41,0],"gold":36,"neow_bonus":"ONE_RARE_RELIC","is_prod":false,"is_daily":false,"chose_seed":false,"campfire_upgraded":0,"win_rate":0,"timestamp":1534714769,"path_taken":["M","M","$","M","?","R","M","?","T","?","?","?","$","M","R","BOSS"],"build_version":"2018-08-16","purchased_purges":0,"victory":false,"max_hp_per_floor":[68,68,68,68,68,68,68,68,68,68,68,68,68,68,68,68],"card_choices":[{"not_picked":["Redo","Coolheaded"],"picked":"Consume","floor":1},{"not_picked":["Barrage","Undo"],"picked":"Capacitor","floor":2},{"not_picked":["White Noise","Conserve Battery"],"picked":"Fission","floor":4},{"not_picked":["Aggregate","Hello World"],"picked":"Redo","floor":7},{"not_picked":["Steam","Go for the Eyes"],"picked":"Beam Cell","floor":10},{"not_picked":["Barrage","Coolheaded"],"picked":"Ball Lightning","floor":14}],"player_experience":35330,"relics_obtained":[{"floor":9,"key":"Blood Vial"}],"event_choices":[{"event_name":"World of Goop","player_choice":"Gather Gold","floor":5,"damage_taken":0},{"event_name":"The Cleric","player_choice":"Healed","floor":8,"damage_taken":0},{"event_name":"Big Fish","player_choice":"Banana","floor":11,"damage_taken":0}],"is_beta":false,"boss_relics":[],"items_purged_floors":[],"is_endless":false,"potions_floor_spawned":[10],"killed_by":"The Guardian","ascension_level":0}