{"gold_per_floor":[116,130,305,317,44,44,104,104,159,159,159,173,173,194,194,194],"floor_reached":16,"playtime":620,"items_purged":[],"score":90,"play_id":"d65bd138-e2b8-432a-9323-157444c908e1","local_time":"20190518105713","is_ascension_mode":false,"campfire_choices":[{"data":"Chaos","floor":6,"key":"SMITH"},{"data":"Zap","floor":8,"key":"SMITH"},{"data":"Dualcast","floor":13,"key":"SMITH"},{"data":"Conserve Battery","floor":15,"key":"SMITH"}],"neow_cost":"NONE","seed_source_timestamp":61838490740950,"circlet_count":0,"master_deck":["Strike_B","Strike_B","Strike_B","Strike_B","Defend_B","Defend_B","Defend_B","Defend_B","Zap+1","Dualcast+1","Impatience","Rebound","Conserve Battery+1","Doubt","Chaos+1","Beam Cell+1","Reprogram+1","Injury","Hologram","Loop+1"],"relics":["Cracked Core","Frozen Egg 2","Blue Candle","Tiny Chest","Golden Idol"],"potions_floor_usage":[7,7],"damage_taken":[{"damage":0,"enemies":"Small Slimes","floor":1,"turns":3},{"damage":0,"enemies":"2 Louse","floor":2,"turns":2},{"damage":1,"enemies":"Jaw Worm","floor":4,"turns":3},{"damage":3,"enemies":"3 Sentries","floor":7,"turns":5},{"damage":5,"enemies":"3 Louse","floor":12,"turns":3},{"damage":16,"enemies":"2 Fungi Beasts","floor":14,"turns":3},{"damage":40,"enemies":"Slime Boss","floor":16,"turns":8}],"seed_played":"-2506046306058257390","potions_obtained":[{"floor":1,"key":"SneckoOil"},{"floor":4,"key":"EssenceOfSteel"}],"is_trial":false,"path_per_floor":["M","M","?","M","$","R","?","R","T","?","?","M","R","M","R","B"],"character_chosen":"DEFECT","items_purchased":["Frozen Egg 2","Beam Cell"],"campfire_rested":0,"item_purchase_floors":[5,5],"current_hp_per_floor":[75,75,75,74,74,74,71,71,71,71,56,51,51,35,35,0],"gold":194,"neow_bonus":"RANDOM_COLORLESS","is_prod":false,"is_daily":false,"chose_seed":false,"campfire_upgraded":4,"win_rate":0,"timestamp":1558191433,"path_taken":["M","M","?","M","$","R","?","R","T","?","?","M","R","M","R","BOSS"],"build_version":"2019-01-23","purchased_purges":0,"victory":false,"max_hp_per_floor":[75,75,75,75,75,75,75,75,75,75,75,75,75,75,75,75],"card_choices":[{"not_picked":["Beam Cell","Streamline"],"picked":"Rebound","floor":1},{"not_picked":["Stack","Steam"],"picked":"Conserve Battery","floor":2},{"not_picked":["Compile Driver","Coolheaded"],"picked":"Chaos","floor":4},{"not_picked":["Conserve Battery","Double Energy"],"picked":"Reprogram","floor":7},{"not_picked":["Reprogram","Consume"],"picked":"Hologram","floor":12},{"not_picked":["Beam Cell","Conserve Battery"],"picked":"Loop+1","floor":14}],"player_experience":306918,"relics_obtained":[{"floor":7,"key":"Blue Candle"},{"floor":9,"key":"Tiny Chest"}],"event_choices":[{"damage_healed":0,"gold_gain":175,"player_choice":"AGREE","damage_taken":0,"max_hp_gain":0,"max_hp_loss":0,"event_name":"Liars Game","floor":3,"gold_loss":0,"cards_obtained":["Doubt"]},{"damage_healed":0,"gold_gain":0,"player_choice":"Searched \u00272\u0027 times","damage_taken":0,"max_hp_gain":0,"max_hp_loss":0,"event_name":"Dead Adventurer","floor":7,"gold_loss":0},{"damage_healed":0,"gold_gain":0,"player_choice":"Take Wound","damage_taken":0,"relics_obtained":["Golden Idol"],"max_hp_gain":0,"max_hp_loss":0,"event_name":"Golden Idol","floor":10,"gold_loss":0,"cards_obtained":["Injury"]},{"damage_healed":0,"gold_gain":0,"player_choice":"Entered Light","damage_taken":15,"max_hp_gain":0,"max_hp_loss":0,"event_name":"Shining Light","floor":11,"gold_loss":0,"cards_upgraded":["Beam Cell","Reprogram"]}],"is_beta":false,"boss_relics":[],"items_purged_floors":[],"is_endless":false,"potions_floor_spawned":[1,4],"killed_by":"Slime Boss","ascension_level":0}