{"path_per_floor":["M","M","M","?","?","R","?","?","T","R","M","M","M","M","R","B",null,"M","?","?","M","$","E","R","E","T","M","R","?","M","?","R"],"character_chosen":"IRONCLAD","items_purchased":["Apotheosis","Whirlwind","Offering"],"gold_per_floor":[20,30,49,224,299,299,299,299,299,299,311,331,349,364,364,464,464,477,477,392,412,23,54,54,83,83,97,97,97,112,112,112],"floor_reached":33,"campfire_rested":2,"playtime":1817,"current_hp_per_floor":[80,80,80,80,69,69,69,90,90,90,90,90,89,90,90,19,90,81,81,81,62,62,39,66,40,40,40,40,40,23,23,50],"items_purged":[],"gold":112,"score":291,"play_id":"f3180e1d-5221-473c-b1cb-ea1a38e11bfe","is_prod":false,"is_daily":false,"is_ascension_mode":true,"campfire_upgraded":3,"path_taken":["M","M","M","?","?","R","?","?","T","R","M","M","?","?","R","BOSS","M","?","?","?","$","E","R","E","T","M","R","?","M","?","R","BOSS"],"build_version":"2018-02-16-BETA2","purchased_purges":1,"victory":false,"master_deck":["Strike_R+1","Strike_R+1","Strike_R+1","Strike_R+1","Strike_R+1","Defend_R+1","Defend_R+1","Bash+1","Corruption","Impervious","Shrug It Off","Clash","Flex+1","Doubt","Bash","Panacea","Flex+1","Cleave","Double Tap","Spot Weakness","Offering","Headbutt+1","Apotheosis","Whirlwind","Offering","Flex","Bloodletting","Heavy Blade+1","Apotheosis"],"max_hp_per_floor":[80,80,80,80,80,80,80,90,90,90,90,90,90,90,90,90,90,90,90,90,90,90,90,90,90,90,90,90,90,90,90,90],"relics":["Burning Blood","Self Forming Clay","Black Star","Sundial","Bronze Scales","Prayer Wheel","Juzu Bracelet","Girya","Nloth\u0027s Gift"],"card_choices":[{"not_picked":["Perfected Strike","Armaments"],"picked":"Shrug It Off"},{"not_picked":["Havoc","Sever Soul"],"picked":"Clash"},{"not_picked":["Sword Boomerang","Body Slam"],"picked":"Flex"},{"not_picked":["Twin Strike","Headbutt"],"picked":"Flex"},{"not_picked":["Carnage","Armaments"],"picked":"Cleave"},{"not_picked":["Dropkick","Entrench"],"picked":"Double Tap"},{"not_picked":["Twin Strike","Perfected Strike"],"picked":"Spot Weakness"},{"not_picked":["Demon Form","Double Tap"],"picked":"Offering"},{"not_picked":["Disarm","Wild Strike"],"picked":"Headbutt"},{"not_picked":["Berserk","Warcry"],"picked":"Flex"},{"not_picked":["Berserk","Rage"],"picked":"Bloodletting"},{"not_picked":["Combust","Iron Wave"],"picked":"Heavy Blade"}],"player_experience":62202,"potions_floor_usage":[21,21,23,33,33],"damage_taken":[{"damage":1,"enemies":"Jaw Worm","floor":1,"turns":5},{"damage":5,"enemies":"2 Louse","floor":2,"turns":3},{"damage":0,"enemies":"Small Slimes","floor":3,"turns":3},{"damage":0,"enemies":"Exordium Wildlife","floor":11,"turns":3},{"damage":5,"enemies":"3 Louse","floor":12,"turns":3},{"damage":7,"enemies":"Blue Slaver","floor":13,"turns":3},{"damage":0,"enemies":"Lots of Slimes","floor":14,"turns":1},{"damage":77,"enemies":"The Guardian","floor":16,"turns":10},{"damage":15,"enemies":"Shell Parasite","floor":18,"turns":4},{"damage":25,"enemies":"Chosen","floor":21,"turns":5},{"damage":29,"enemies":"Book of Stabbing","floor":23,"turns":4},{"damage":32,"enemies":"Slavers","floor":25,"turns":2},{"damage":6,"enemies":"Centurion and Healer","floor":27,"turns":5},{"damage":23,"enemies":"Snake Plant","floor":30,"turns":3},{"damage":77,"enemies":"Automaton","floor":33,"turns":6}],"event_choices":[{"event_name":"Liars Game","player_choice":"agreed","floor":4,"damage_taken":0},{"event_name":"World of Goop","player_choice":"Gather Gold","floor":5,"damage_taken":0},{"event_name":"Match and Keep!","player_choice":"3 cards matched","floor":7,"damage_taken":0},{"event_name":"Bonfire Elementals","player_choice":"RARE","floor":8,"damage_taken":0},{"event_name":"Back to Basics","player_choice":"Simplicity","floor":19,"damage_taken":0},{"event_name":"Addict","player_choice":"Obtained Relic","floor":20,"damage_taken":0},{"event_name":"N\u0027loth","player_choice":"Traded a Happy Flower","floor":29,"damage_taken":0},{"event_name":"Duplicator","player_choice":"One dupe","floor":31,"damage_taken":0}],"boss_relics":[{"not_picked":["Calling Bell","Runic Pyramid"],"picked":"Black Star"}],"potions_floor_spawned":[2,13,14,16,23,30],"seed_played":"-3618274572681762560","killed_by":"Automaton","ascension_level":1,"is_trial":false}