{"gold_per_floor":[112,112,131,62,73,73,105,117,155,180,210,222,268,290,302,411,423,453,465,462,69,86,86,116,116,116,133,58,58],"floor_reached":29,"playtime":1977,"items_purged":["Pain"],"score":538,"play_id":"e7951754-0549-4b13-9975-74f189debe8e","local_time":"20190419204609","is_ascension_mode":true,"campfire_choices":[{"data":"Limit Break","floor":6.0,"key":"SMITH"},{"data":"Dark Embrace","floor":8.0,"key":"SMITH"},{"data":"Armaments","floor":12.0,"key":"SMITH"},{"floor":15.0,"key":"REST"},{"data":"Inflame","floor":23,"key":"SMITH"},{"data":"Feel No Pain","floor":25,"key":"SMITH"}],"neow_cost":"NONE","seed_source_timestamp":200334770952900,"circlet_count":0,"master_deck":["AscendersBane","Strike_R","Strike_R","Strike_R","Strike_R","Defend_R","Defend_R","Defend_R","Defend_R","Bash","Feel No Pain+1","Limit Break+1","Flex","Inflame+1","Spot Weakness","Dark Embrace+1","Heavy Blade+1","Armaments+1","Feel No Pain","Feed","Heavy Blade","Cleave+1","Pummel","Feel No Pain","Infernal Blade","Burning Pact+1","Reckless Charge","Shrug It Off"],"special_seed":0,"relics":["Black Blood","MawBank","Vajra","Ancient Tea Set","WarpedTongs","Red Skull","Pear","Whetstone"],"potions_floor_usage":[18,24,29],"damage_taken":[{"damage":6.0,"enemies":"2 Louse","floor":1.0,"turns":4.0},{"damage":3.0,"enemies":"Cultist","floor":3.0,"turns":4.0},{"damage":9.0,"enemies":"Jaw Worm","floor":5.0,"turns":3.0},{"damage":31.0,"enemies":"Gremlin Nob","floor":7.0,"turns":4.0},{"damage":9.0,"enemies":"Red Slaver","floor":10.0,"turns":5.0},{"damage":9.0,"enemies":"Exordium Wildlife","floor":11.0,"turns":3.0},{"damage":37.0,"enemies":"3 Sentries","floor":13.0,"turns":8.0},{"damage":7.0,"enemies":"Large Slime","floor":14.0,"turns":6.0},{"damage":0.0,"enemies":"Slime Boss","floor":16.0,"turns":7.0},{"damage":24,"enemies":"3 Byrds","floor":18,"turns":6},{"damage":36,"enemies":"2 Thieves","floor":20,"turns":4},{"damage":12,"enemies":"Chosen and Byrds","floor":22,"turns":3},{"damage":37,"enemies":"Slavers","floor":24,"turns":5},{"damage":0,"enemies":"Snake Plant","floor":27,"turns":1},{"damage":51,"enemies":"Book of Stabbing","floor":29,"turns":6}],"seed_played":"-3083558064301779232","potions_obtained":[{"floor":1.0,"key":"Ancient Potion"},{"floor":3.0,"key":"SteroidPotion"},{"floor":7.0,"key":"SkillPotion"},{"floor":14.0,"key":"Strength Potion"},{"floor":22,"key":"BloodPotion"},{"floor":27,"key":"GamblersBrew"}],"is_trial":false,"path_per_floor":["M","?","M","$","M","R","E","R","T","M","M","R","E","M","R","B",null,"M","?","M","$","M","R","E","R","T","M","?","E"],"character_chosen":"IRONCLAD","items_purchased":["Inflame","Pummel","Red Skull","Feel No Pain","Infernal Blade"],"campfire_rested":1,"item_purchase_floors":[4,21,21,21,21],"current_hp_per_floor":[80,80,83,83,80,80,55,55,55,52,49,49,18,17,43,49,78,67,67,44,44,45,45,37,37,37,50,50,0],"gold":58,"neow_bonus":"TEN_PERCENT_HP_BONUS","is_prod":false,"is_daily":false,"chose_seed":false,"campfire_upgraded":5,"win_rate":0,"timestamp":1555728369,"path_taken":["M","?","M","$","M","R","E","R","T","?","?","R","E","M","R","BOSS","M","?","?","$","M","R","E","R","T","M","?","E"],"build_version":"2019-01-23","purchased_purges":1,"victory":false,"max_hp_per_floor":[88,88,88,88,88,88,88,88,88,88,88,88,88,88,88,88,88,91,91,94,94,97,97,107,107,107,110,110,110],"card_choices":[{"not_picked":["Perfected Strike","Sword Boomerang"],"picked":"Feel No Pain","floor":1.0},{"not_picked":["Entrench","Cleave"],"picked":"Flex","floor":3.0},{"not_picked":["Sword Boomerang","Iron Wave"],"picked":"Spot Weakness","floor":5.0},{"not_picked":["Havoc","Sever Soul"],"picked":"Dark Embrace","floor":7.0},{"not_picked":["Pommel Strike","Rage"],"picked":"Heavy Blade","floor":10.0},{"not_picked":["Entrench","Infernal Blade"],"picked":"Armaments","floor":11.0},{"not_picked":["Flex","Headbutt"],"picked":"Feel No Pain","floor":13.0},{"not_picked":["Fire Breathing","Sword Boomerang","Clothesline"],"picked":"SKIP","floor":14.0},{"not_picked":["Immolate","Double Tap"],"picked":"Feed","floor":16.0},{"not_picked":["Wild Strike","Infernal Blade+1"],"picked":"Heavy Blade","floor":18},{"not_picked":["Headbutt","Armaments"],"picked":"Cleave","floor":20},{"not_picked":["Twin Strike","Bludgeon"],"picked":"Burning Pact+1","floor":22},{"not_picked":["Heavy Blade","Sword Boomerang"],"picked":"Reckless Charge","floor":24},{"not_picked":["Dual Wield","Clothesline"],"picked":"Shrug It Off","floor":27}],"player_experience":595002,"relics_obtained":[{"floor":7.0,"key":"MawBank"},{"floor":9.0,"key":"Vajra"},{"floor":13.0,"key":"Ancient Tea Set"},{"floor":24,"key":"Pear"},{"floor":26,"key":"Whetstone"}],"event_choices":[{"damage_healed":0.0,"max_hp_gain":0.0,"max_hp_loss":0.0,"gold_gain":0.0,"event_name":"Match and Keep!","player_choice":"1 cards matched","floor":2.0,"gold_loss":0.0,"damage_taken":0.0,"cards_obtained":["Limit Break"]},{"damage_healed":0,"gold_gain":0,"player_choice":"Rummage","damage_taken":0,"relics_obtained":["WarpedTongs"],"max_hp_gain":0,"max_hp_loss":0,"event_name":"Accursed Blacksmith","floor":19,"gold_loss":0,"cards_obtained":["Pain"]},{"cards_removed":["Strike_R"],"damage_healed":0,"gold_gain":0,"player_choice":"Gave Gold","damage_taken":0,"max_hp_gain":0,"max_hp_loss":0,"event_name":"Beggar","floor":28,"gold_loss":75}],"is_beta":false,"boss_relics":[{"not_picked":["White Beast Statue","Orrery"],"picked":"Black Blood"}],"items_purged_floors":[21],"is_endless":false,"potions_floor_spawned":[1,3,7,14,22,27],"killed_by":"Book of Stabbing","ascension_level":12}