{"gold_per_floor":[117,117,292,303,303,303,313,313,366,376,45,45,79,91,91,195,195,206,99,112,126,142,142,155,155,155,155,155,7,32,48,48,143,143,160,178,58,58,69,97,97,197,246,246,246,260,273,291,291,291,291,291,0,26,26],"floor_reached":56,"playtime":4760,"items_purged":["Doubt","Strike_B"],"score":1270,"play_id":"27623aa8-efd1-4818-b202-1b101f5709f6","local_time":"20190408130901","is_ascension_mode":true,"campfire_choices":[{"data":"Zap","floor":6.0,"key":"SMITH"},{"data":"Hologram","floor":8.0,"key":"SMITH"},{"data":"Undo","floor":12.0,"key":"SMITH"},{"data":"Coolheaded","floor":15.0,"key":"SMITH"},{"data":"Blizzard","floor":23.0,"key":"SMITH"},{"data":"Sunder","floor":27.0,"key":"SMITH"},{"floor":32.0,"key":"REST"},{"data":"Chill","floor":41.0,"key":"SMITH"},{"floor":44.0,"key":"RECALL"},{"data":"Consume","floor":49.0,"key":"SMITH"},{"data":"Creative AI","floor":52.0,"key":"SMITH"}],"neow_cost":"NONE","seed_source_timestamp":836009577497319,"circlet_count":0,"master_deck":["Strike_B+1","Defend_B","Defend_B","Defend_B+1","Zap+1","Dualcast+1","Melter+1","White Noise+1","Hologram+1","Undo+1","Turbo","Glacier","Coolheaded+1","Seek","Capacitor","Sunder+1","Blizzard+1","Consume+1","Consume+1","Coolheaded","Chill+1","Conserve Battery","Redo","Creative AI+1","Defragment+1","FTL+1","Self Repair","Coolheaded+1","Heatsinks+1","Barrage+1","Capacitor+1","Chill+1","Blizzard+1","Loop","Double Energy+1"],"special_seed":0,"relics":["Cracked Core","NeowsBlessing","War Paint","Ancient Tea Set","OrangePellets","Anchor","Inserter","Shovel","Empty Cage","Bronze Scales","Dead Branch","Orichalcum","Pantograph","Whetstone"],"potions_floor_usage":[55,55,55,55,55],"damage_taken":[{"damage":0.0,"enemies":"Small Slimes","floor":1.0,"turns":1.0},{"damage":0.0,"enemies":"Jaw Worm","floor":4.0,"turns":1.0},{"damage":0.0,"enemies":"Cultist","floor":7.0,"turns":1.0},{"damage":9.0,"enemies":"3 Louse","floor":10.0,"turns":2.0},{"damage":10.0,"enemies":"Lagavulin","floor":13.0,"turns":7.0},{"damage":0.0,"enemies":"Looter","floor":14.0,"turns":3.0},{"damage":0.0,"enemies":"The Guardian","floor":16.0,"turns":13.0},{"damage":0.0,"enemies":"Shell Parasite","floor":18.0,"turns":4.0},{"damage":2.0,"enemies":"2 Thieves","floor":20.0,"turns":5.0},{"damage":11.0,"enemies":"Centurion and Healer","floor":21.0,"turns":10.0},{"damage":4.0,"enemies":"Chosen and Byrds","floor":22.0,"turns":10.0},{"damage":0.0,"enemies":"Shelled Parasite and Fungi","floor":24.0,"turns":11.0},{"damage":22.0,"enemies":"Gremlin Leader","floor":30.0,"turns":12.0},{"damage":10.0,"enemies":"3 Cultists","floor":31.0,"turns":6.0},{"damage":12.0,"enemies":"Champ","floor":33.0,"turns":16.0},{"damage":0.0,"enemies":"3 Shapes","floor":35.0,"turns":6.0},{"damage":3.0,"enemies":"Orb Walker","floor":36.0,"turns":7.0},{"damage":2.0,"enemies":"Spire Growth","floor":39.0,"turns":8.0},{"damage":18.0,"enemies":"Nemesis","floor":40.0,"turns":17.0},{"damage":17.0,"enemies":"Mind Bloom Boss Battle","floor":42.0,"turns":7.0},{"damage":0.0,"enemies":"Jaw Worm Horde","floor":46.0,"turns":4.0},{"damage":1.0,"enemies":"3 Darklings","floor":47.0,"turns":4.0},{"damage":0.0,"enemies":"Spire Growth","floor":48.0,"turns":8.0},{"damage":13.0,"enemies":"Time Eater","floor":50.0,"turns":14.0},{"damage":51.0,"enemies":"Shield and Spear","floor":54.0,"turns":9.0},{"damage":19,"enemies":"The Heart","floor":55,"turns":14}],"seed_played":"6862383857169068503","potions_obtained":[{"floor":1.0,"key":"Energy Potion"},{"floor":7.0,"key":"Energy Potion"},{"floor":13.0,"key":"GamblersBrew"},{"floor":16.0,"key":"Energy Potion"},{"floor":22.0,"key":"Regen Potion"},{"floor":36.0,"key":"Explosive Potion"},{"floor":46.0,"key":"EntropicBrew"},{"floor":47.0,"key":"LiquidBronze"}],"is_trial":false,"path_per_floor":["M","?","?","M","?","R","M","R","T","M","$","R","E","M","R","B",null,"M","$","M","M","M","R","M","?","T","R","?","$","E","M","R","B",null,"M","M","$","?","M","E","R","?","T","R","?","M","M","M","R","B",null,"R","$","E","B",null],"character_chosen":"DEFECT","items_purchased":["OrangePellets","Turbo","Sunder","Blizzard","Conserve Battery","Self Repair","Block Potion","Loop","Pantograph"],"campfire_rested":1,"item_purchase_floors":[11,11,19,19,29,37,37,53,53],"current_hp_per_floor":[75,60,60,60,60,60,60,60,60,51,51,51,41,41,41,41,75,75,75,73,62,58,58,58,58,58,58,58,58,51,41,63,51,75,75,72,72,72,75,64,64,54,54,54,54,54,60,67,67,54,75,75,75,24,30],"gold":26,"neow_bonus":"THREE_ENEMY_KILL","is_prod":false,"is_daily":false,"chose_seed":false,"campfire_upgraded":9,"win_rate":0,"timestamp":1554696541,"path_taken":["M","?","?","?","?","R","M","R","T","M","$","R","E","M","R","BOSS","M","$","M","M","M","R","?","?","T","R","?","?","E","M","R","BOSS","M","M","$","?","M","E","R","?","T","R","?","M","?","M","R","BOSS","R","$","E","BOSS"],"build_version":"2019-01-23","purchased_purges":2,"victory":true,"max_hp_per_floor":[75,75,75,75,75,75,75,75,75,75,75,75,75,75,75,75,75,75,75,75,75,75,75,75,75,75,75,75,75,75,75,75,75,75,75,75,75,75,75,75,75,75,75,75,75,75,75,75,75,75,75,75,75,75,75],"card_choices":[{"not_picked":["Reinforced Body","White Noise"],"picked":"Melter","floor":1.0},{"not_picked":["Lockon","Aggregate"],"picked":"White Noise","floor":4.0},{"not_picked":["Steam","Chaos"],"picked":"Hologram","floor":7.0},{"not_picked":["Barrage","Reprogram"],"picked":"Undo","floor":10.0},{"not_picked":["Meteor Strike","Go for the Eyes"],"picked":"Glacier","floor":13.0},{"not_picked":["White Noise","Rebound"],"picked":"Coolheaded","floor":14.0},{"not_picked":["Meteor Strike","Fission"],"picked":"Seek","floor":16.0},{"not_picked":["Rebound","Conserve Battery"],"picked":"Capacitor","floor":18.0},{"not_picked":["Streamline+1","Reprogram+1"],"picked":"Consume","floor":20.0},{"not_picked":["Hello World","Streamline"],"picked":"Consume+1","floor":21.0},{"not_picked":["Turbo","Lockon+1"],"picked":"Coolheaded","floor":22.0},{"not_picked":["Melter","Lockon","Darkness"],"picked":"SKIP","floor":24.0},{"not_picked":["Genetic Algorithm+1","Compile Driver+1"],"picked":"Redo","floor":30.0},{"not_picked":["Redo","Turbo+1","Hologram"],"picked":"SKIP","floor":31.0},{"not_picked":["Multi-Cast","Fission"],"picked":"Creative AI","floor":33.0},{"not_picked":["Compile Driver+1","Doom and Gloom+1"],"picked":"Defragment+1","floor":35.0},{"not_picked":["Ball Lightning","Leap+1"],"picked":"FTL+1","floor":36.0},{"not_picked":["Chaos+1","Gash+1"],"picked":"Coolheaded+1","floor":39.0},{"not_picked":["Melter","Gash"],"picked":"Heatsinks+1","floor":40.0},{"not_picked":["Turbo","Capacitor+1"],"picked":"Barrage+1","floor":42.0},{"not_picked":["Stack","Go for the Eyes"],"picked":"Capacitor+1","floor":46.0},{"not_picked":["Go for the Eyes+1","Reinforced Body"],"picked":"Chill+1","floor":47.0},{"not_picked":["Rebound","Storm"],"picked":"Blizzard+1","floor":48.0},{"not_picked":["Consume+1","All For One"],"picked":"Double Energy+1","floor":54.0}],"player_experience":204284,"relics_obtained":[{"floor":9.0,"key":"Ancient Tea Set"},{"floor":13.0,"key":"Anchor"},{"floor":30.0,"key":"Shovel"},{"floor":40.0,"key":"Bronze Scales"},{"floor":42.0,"key":"Dead Branch"},{"floor":43.0,"key":"Orichalcum"},{"floor":54.0,"key":"Whetstone"}],"event_choices":[{"damage_healed":0.0,"max_hp_gain":0.0,"max_hp_loss":0.0,"gold_gain":0.0,"event_name":"Shining Light","player_choice":"Entered Light","floor":2.0,"gold_loss":0.0,"damage_taken":15.0,"cards_upgraded":["Defend_B","Dualcast"]},{"damage_healed":0.0,"max_hp_gain":0.0,"max_hp_loss":0.0,"gold_gain":175.0,"event_name":"Liars Game","player_choice":"AGREE","floor":3.0,"gold_loss":0.0,"damage_taken":0.0,"cards_obtained":["Doubt"]},{"damage_healed":0.0,"max_hp_gain":0.0,"max_hp_loss":0.0,"gold_gain":0.0,"event_name":"WeMeetAgain","player_choice":"Gave Potion","floor":5.0,"gold_loss":0.0,"damage_taken":0.0,"relics_obtained":["War Paint"]},{"damage_healed":0.0,"max_hp_gain":0.0,"max_hp_loss":0.0,"gold_gain":0.0,"event_name":"Ghosts","player_choice":"Ignored","floor":25.0,"gold_loss":0.0,"damage_taken":0.0},{"damage_healed":0.0,"max_hp_gain":0.0,"max_hp_loss":0.0,"gold_gain":0.0,"event_name":"The Library","player_choice":"Read","floor":28.0,"gold_loss":0.0,"damage_taken":0.0,"cards_obtained":["Chill"]},{"cards_removed":["Defend_B"],"damage_healed":0.0,"max_hp_gain":0.0,"max_hp_loss":0.0,"gold_gain":0.0,"event_name":"Falling","player_choice":"Removed Skill","floor":38.0,"gold_loss":0.0,"damage_taken":0.0},{"damage_healed":0.0,"max_hp_gain":0.0,"max_hp_loss":0.0,"gold_gain":0.0,"event_name":"MindBloom","player_choice":"Fight","floor":42.0,"gold_loss":0.0,"damage_taken":0.0},{"damage_healed":0.0,"max_hp_gain":0.0,"max_hp_loss":0.0,"gold_gain":0.0,"event_name":"FaceTrader","player_choice":"Leave","floor":45.0,"gold_loss":0.0,"damage_taken":0.0}],"is_beta":false,"boss_relics":[{"not_picked":["Pandora\u0027s Box","Black Star"],"picked":"Inserter"},{"not_picked":["Tiny House","Busted Crown"],"picked":"Empty Cage"}],"items_purged_floors":[11,29],"is_endless":false,"potions_floor_spawned":[1,7,13,16,20,21,22,24,36,46,47],"ascension_level":1}