{"gold_per_floor":[110,127,127,146,71,87,87,37,62,73,73,85,144,176,176,274,274,292,42,142,142,158,192,192,152,152,162,178,277,294,329,329,433,433,443,491,591,691,704,704,715,735,762,793,1015,108,108,142,142,142],"floor_reached":50,"playtime":2485,"items_purged":["Strike_R","Strike_R","Strike_R+1"],"score":595,"play_id":"e224e15e-ad67-4538-a797-35f1f42f5c32","local_time":"20190514034010","is_ascension_mode":false,"campfire_choices":[{"data":"Whirlwind","floor":7,"key":"SMITH"},{"data":"Shockwave","floor":11,"key":"SMITH"},{"floor":15,"key":"RECALL"},{"floor":32,"key":"REST"},{"data":"Exhume","floor":40,"key":"SMITH"},{"floor":49,"key":"REST"}],"neow_cost":"PERCENT_DAMAGE","seed_source_timestamp":577755572784497,"circlet_count":0,"master_deck":["Strike_R+1","Strike_R+1","Defend_R+1","Defend_R+1","Defend_R+1","Bash","Iron Wave","Iron Wave","Whirlwind+1","Shockwave+1","Offering+1","Exhume+1","Headbutt+1","Inflame","Battle Trance","Offering+1"],"relics":["Burning Blood","Unceasing Top","Happy Flower","Red Skull","Meat on the Bone","Bag of Preparation","Busted Crown","Whetstone","Turnip","The Courier","Art of War","Red Mask","Lizard Tail","Charon\u0027s Ashes","Bird Faced Urn","Centennial Puzzle","Ornamental Fan","Prayer Wheel","Bottled Tornado","Juzu Bracelet","Mango","PreservedInsect"],"potions_floor_usage":[16,16,23,30,33],"damage_taken":[{"damage":6,"enemies":"Cultist","floor":1,"turns":3},{"damage":6,"enemies":"Jaw Worm","floor":2,"turns":2},{"damage":0,"enemies":"Small Slimes","floor":4,"turns":3},{"damage":19,"enemies":"Blue Slaver","floor":6,"turns":3},{"damage":1,"enemies":"3 Louse","floor":10,"turns":2},{"damage":0,"enemies":"2 Fungi Beasts","floor":12,"turns":1},{"damage":15,"enemies":"Gremlin Nob","floor":13,"turns":5},{"damage":6,"enemies":"3 Sentries","floor":14,"turns":1},{"damage":33,"enemies":"The Guardian","floor":16,"turns":7},{"damage":6,"enemies":"3 Byrds","floor":18,"turns":2},{"damage":14,"enemies":"Colosseum Slavers","floor":20,"turns":2},{"damage":6,"enemies":"Colosseum Nobs","floor":20,"turns":2},{"damage":6,"enemies":"Chosen","floor":22,"turns":3},{"damage":11,"enemies":"Slavers","floor":23,"turns":2},{"damage":28,"enemies":"Shelled Parasite and Fungi","floor":27,"turns":3},{"damage":9,"enemies":"Snecko","floor":28,"turns":4},{"damage":6,"enemies":"Snake Plant","floor":30,"turns":3},{"damage":6,"enemies":"Masked Bandits","floor":31,"turns":2},{"damage":53,"enemies":"Automaton","floor":33,"turns":10},{"damage":8,"enemies":"Orb Walker","floor":35,"turns":3},{"damage":42,"enemies":"2 Orb Walkers","floor":36,"turns":3},{"damage":25,"enemies":"Mind Bloom Boss Battle","floor":37,"turns":5},{"damage":12,"enemies":"3 Shapes","floor":39,"turns":3},{"damage":11,"enemies":"Maw","floor":41,"turns":8},{"damage":6,"enemies":"Jaw Worm Horde","floor":42,"turns":2},{"damage":39,"enemies":"Reptomancer","floor":44,"turns":5},{"damage":19,"enemies":"Nemesis","floor":48,"turns":3},{"damage":130,"enemies":"Time Eater","floor":50,"turns":11}],"seed_played":"8310342732590321516","potions_obtained":[{"floor":1,"key":"Fire Potion"},{"floor":4,"key":"BloodPotion"},{"floor":10,"key":"Strength Potion"},{"floor":22,"key":"GamblersBrew"},{"floor":23,"key":"Poison Potion"},{"floor":27,"key":"PowerPotion"},{"floor":31,"key":"SkillPotion"},{"floor":35,"key":"Strength Potion"},{"floor":37,"key":"Swift Potion"},{"floor":41,"key":"SteroidPotion"}],"is_trial":false,"path_per_floor":["M","M","?","M","$","M","R","?","T","M","R","M","?","E","R","B",null,"M","$","?","?","M","E","?","?","T","M","M","?","M","?","R","B",null,"M","?","?","?","M","R","M","M","T","E","?","$","?","E","R","B"],"character_chosen":"IRONCLAD","items_purchased":["Whetstone","Prayer Wheel","Bottled Tornado","Juzu Bracelet","Mango"],"campfire_rested":2,"item_purchase_floors":[19,46,46,46,46],"current_hp_per_floor":[56,56,56,62,62,49,49,49,49,54,54,60,51,51,51,44,80,80,80,72,72,72,67,80,80,80,58,55,55,55,55,79,44,80,78,54,47,47,55,55,52,52,52,33,33,47,47,48,76,0],"gold":142,"neow_bonus":"ONE_RARE_RELIC","is_prod":false,"is_daily":false,"chose_seed":false,"campfire_upgraded":3,"win_rate":0,"timestamp":1557798010,"path_taken":["M","?","?","?","$","?","R","?","T","M","R","M","?","E","R","BOSS","M","$","?","?","M","E","?","?","T","M","?","?","M","?","R","BOSS","M","?","?","?","M","R","?","M","T","E","?","$","?","E","R","BOSS"],"build_version":"2019-05-07","purchased_purges":3,"victory":false,"max_hp_per_floor":[80,80,80,80,80,80,80,80,80,80,80,80,80,80,80,80,80,80,80,80,80,80,80,80,80,80,80,80,80,80,80,80,80,80,80,80,80,80,80,80,80,80,80,80,80,94,94,94,94,94],"card_choices":[{"not_picked":["Hemokinesis","Sword Boomerang"],"picked":"Iron Wave","floor":1},{"not_picked":["Clash","Sword Boomerang"],"picked":"Iron Wave","floor":2},{"not_picked":["Twin Strike","Second Wind"],"picked":"Whirlwind","floor":4},{"not_picked":["Body Slam","Burning Pact","Clothesline"],"picked":"SKIP","floor":6},{"not_picked":["Sentinel","Armaments"],"picked":"Shockwave","floor":10},{"not_picked":["Shrug It Off","Entrench"],"picked":"Offering","floor":12},{"not_picked":["Cleave","Heavy Blade","Uppercut"],"picked":"SKIP","floor":14},{"not_picked":["Fiend Fire","Bludgeon"],"picked":"Exhume","floor":16},{"not_picked":[],"picked":"Headbutt+1","floor":18},{"not_picked":["Dual Wield"],"picked":"SKIP","floor":22},{"not_picked":["True Grit"],"picked":"SKIP","floor":23},{"not_picked":["Perfected Strike"],"picked":"SKIP","floor":27},{"not_picked":["Sword Boomerang"],"picked":"SKIP","floor":28},{"not_picked":["Sword Boomerang"],"picked":"SKIP","floor":28},{"not_picked":["Thunderclap"],"picked":"SKIP","floor":30},{"not_picked":[],"picked":"Inflame","floor":31},{"not_picked":["Combust"],"picked":"SKIP","floor":35},{"not_picked":[],"picked":"Battle Trance","floor":37},{"not_picked":["Havoc"],"picked":"SKIP","floor":39},{"not_picked":["Thunderclap+1"],"picked":"SKIP","floor":41},{"not_picked":["Anger+1"],"picked":"SKIP","floor":42},{"not_picked":["Dual Wield"],"picked":"SKIP","floor":44},{"not_picked":["Uppercut"],"picked":"SKIP","floor":48}],"player_experience":368796,"relics_obtained":[{"floor":3,"key":"Happy Flower"},{"floor":9,"key":"Red Skull"},{"floor":13,"key":"Meat on the Bone"},{"floor":14,"key":"Bag of Preparation"},{"floor":20,"key":"Turnip"},{"floor":20,"key":"The Courier"},{"floor":23,"key":"Art of War"},{"floor":31,"key":"Red Mask"},{"floor":36,"key":"Charon\u0027s Ashes"},{"floor":37,"key":"Bird Faced Urn"},{"floor":43,"key":"Centennial Puzzle"},{"floor":44,"key":"Ornamental Fan"},{"floor":48,"key":"PreservedInsect"}],"event_choices":[{"damage_healed":0,"gold_gain":0,"player_choice":"Relic","damage_taken":0,"max_hp_gain":0,"max_hp_loss":0,"event_name":"Wheel of Change","floor":3,"gold_loss":0},{"cards_removed":["Defend_R"],"damage_healed":0,"gold_gain":0,"player_choice":"Card Removal","damage_taken":0,"max_hp_gain":0,"max_hp_loss":0,"event_name":"The Cleric","floor":8,"gold_loss":50},{"damage_healed":0,"gold_gain":30,"player_choice":"Searched \u00272\u0027 times","damage_taken":0,"max_hp_gain":0,"max_hp_loss":0,"event_name":"Dead Adventurer","floor":13,"gold_loss":0},{"damage_healed":0,"gold_gain":0,"player_choice":"Fight","damage_taken":0,"max_hp_gain":0,"max_hp_loss":0,"event_name":"Colosseum","floor":20,"gold_loss":0},{"damage_healed":0,"gold_gain":0,"player_choice":"Fought Nobs","damage_taken":0,"max_hp_gain":0,"max_hp_loss":0,"event_name":"Colosseum","floor":20,"gold_loss":0},{"damage_healed":0,"gold_gain":0,"player_choice":"Simplicity","damage_taken":0,"max_hp_gain":0,"max_hp_loss":0,"event_name":"Back to Basics","floor":21,"gold_loss":0,"cards_upgraded":["Strike_R","Defend_R","Defend_R","Defend_R"]},{"damage_healed":26,"gold_gain":0,"player_choice":"Heal","damage_taken":0,"max_hp_gain":0,"max_hp_loss":0,"event_name":"The Library","floor":24,"gold_loss":0},{"damage_healed":0,"gold_gain":0,"player_choice":"Upgrade","damage_taken":0,"max_hp_gain":0,"max_hp_loss":0,"event_name":"Designer","floor":25,"gold_loss":40,"cards_upgraded":["Offering"]},{"damage_healed":0,"gold_gain":99,"player_choice":"Stole From Cult","damage_taken":0,"max_hp_gain":0,"max_hp_loss":0,"event_name":"Nest","floor":29,"gold_loss":0},{"damage_healed":0,"gold_gain":0,"player_choice":"Fought Bandits","damage_taken":0,"max_hp_gain":0,"max_hp_loss":0,"event_name":"Masked Bandits","floor":31,"gold_loss":0},{"damage_healed":0,"gold_gain":0,"player_choice":"Fight","damage_taken":0,"max_hp_gain":0,"max_hp_loss":0,"event_name":"Mysterious Sphere","floor":36,"gold_loss":0},{"damage_healed":0,"gold_gain":0,"player_choice":"Fight","damage_taken":0,"max_hp_gain":0,"max_hp_loss":0,"event_name":"MindBloom","floor":37,"gold_loss":0},{"damage_healed":0,"gold_gain":100,"player_choice":"Pray","damage_taken":0,"max_hp_gain":0,"max_hp_loss":0,"event_name":"Golden Shrine","floor":38,"gold_loss":0},{"damage_healed":0,"gold_gain":222,"player_choice":"Wore Mask","damage_taken":0,"max_hp_gain":0,"max_hp_loss":0,"event_name":"Tomb of Lord Red Mask","floor":45,"gold_loss":0},{"damage_healed":0,"gold_gain":0,"player_choice":"Copied","damage_taken":0,"max_hp_gain":0,"max_hp_loss":0,"event_name":"Duplicator","floor":47,"gold_loss":0,"cards_obtained":["Offering"]}],"is_beta":true,"boss_relics":[{"not_picked":["Calling Bell","Mark of Pain"],"picked":"Busted Crown"},{"not_picked":["Black Star","Philosopher\u0027s Stone"],"picked":"Lizard Tail"}],"items_purged_floors":[5,19,46],"is_endless":false,"potions_floor_spawned":[1,4,10,12,20,22,23,27,31,35,36,37,41],"killed_by":"Time Eater","ascension_level":0}