{"gold_per_floor":[115,115,40,51,1,36,55,68,93,112,112,132,152,185,185,185],"floor_reached":16,"playtime":612,"items_purged":["Strike_R"],"score":114,"play_id":"f2ffaf6e-51d7-4b29-9e15-2472e9ecd940","local_time":"20190510120842","is_ascension_mode":false,"campfire_choices":[{"floor":15,"key":"REST"}],"neow_cost":"NONE","seed_source_timestamp":264536759553161,"circlet_count":0,"master_deck":["Strike_R","Strike_R","Strike_R","Strike_R","Defend_R","Defend_R","Defend_R","Bash","Heavy Blade+1","Anger","Inflame","Pummel","Flex","Regret","Inflame","Thunderclap","Flex+1"],"relics":["Burning Blood","Smiling Mask","Vajra","Toxic Egg 2"],"potions_floor_usage":[16,16],"damage_taken":[{"damage":7,"enemies":"2 Louse","floor":1,"turns":4},{"damage":6,"enemies":"Jaw Worm","floor":4,"turns":3},{"damage":28,"enemies":"Gremlin Nob","floor":6,"turns":4},{"damage":7,"enemies":"Small Slimes","floor":7,"turns":3},{"damage":14,"enemies":"Blue Slaver","floor":8,"turns":3},{"damage":16,"enemies":"Lots of Slimes","floor":10,"turns":4},{"damage":0,"enemies":"2 Fungi Beasts","floor":12,"turns":2},{"damage":12,"enemies":"Blue Slaver","floor":13,"turns":2},{"damage":29,"enemies":"3 Sentries","floor":14,"turns":6},{"damage":53,"enemies":"The Guardian","floor":16,"turns":7}],"seed_played":"-7158023997631937320","potions_obtained":[{"floor":8,"key":"FearPotion"},{"floor":13,"key":"LiquidBronze"},{"floor":14,"key":"Block Potion"}],"is_trial":false,"path_per_floor":["M","?","$","M","?","E","M","M","T","M","?","M","M","E","R","B"],"character_chosen":"IRONCLAD","items_purchased":[],"campfire_rested":1,"item_purchase_floors":[],"current_hp_per_floor":[87,87,87,87,87,65,64,56,56,46,46,52,46,23,49,0],"gold":185,"neow_bonus":"TEN_PERCENT_HP_BONUS","is_prod":false,"is_daily":false,"chose_seed":false,"campfire_upgraded":0,"win_rate":0,"timestamp":1557482922,"path_taken":["M","?","$","M","?","E","M","M","T","M","?","M","M","E","R","BOSS"],"build_version":"2019-05-07","purchased_purges":1,"victory":false,"max_hp_per_floor":[88,88,88,88,88,88,88,88,88,88,88,88,88,88,88,88],"card_choices":[{"not_picked":["Body Slam","Searing Blow"],"picked":"Heavy Blade","floor":1},{"not_picked":["Shrug It Off","True Grit"],"picked":"Anger","floor":4},{"not_picked":["Headbutt","Seeing Red"],"picked":"Inflame","floor":6},{"not_picked":["Disarm","Reckless Charge"],"picked":"Pummel","floor":7},{"not_picked":["Twin Strike","Clothesline"],"picked":"Flex","floor":8},{"not_picked":["Clash","Burning Pact","Feel No Pain"],"picked":"SKIP","floor":10},{"not_picked":["Heavy Blade","Shockwave"],"picked":"Inflame","floor":12},{"not_picked":["Dual Wield","Wild Strike"],"picked":"Thunderclap","floor":13},{"not_picked":["Clash","Searing Blow"],"picked":"Flex","floor":14}],"player_experience":351207,"relics_obtained":[{"floor":6,"key":"Smiling Mask"},{"floor":14,"key":"Toxic Egg 2"}],"event_choices":[{"damage_healed":0,"gold_gain":0,"player_choice":"Grow","damage_taken":0,"max_hp_gain":0,"max_hp_loss":0,"event_name":"Living Wall","floor":2,"gold_loss":0,"cards_upgraded":["Heavy Blade"]},{"cards_removed":["Defend_R"],"damage_healed":0,"gold_gain":0,"player_choice":"Card Removal","damage_taken":0,"max_hp_gain":0,"max_hp_loss":0,"event_name":"The Cleric","floor":5,"gold_loss":50},{"damage_healed":0,"gold_gain":0,"player_choice":"Box","damage_taken":0,"relics_obtained":["Vajra"],"max_hp_gain":0,"max_hp_loss":0,"event_name":"Big Fish","floor":11,"gold_loss":0,"cards_obtained":["Regret"]}],"is_beta":true,"boss_relics":[],"items_purged_floors":[3],"is_endless":false,"potions_floor_spawned":[8,13,14],"killed_by":"The Guardian","ascension_level":0}