{"gold_per_floor":[116,135,135,66,66,66,96,96,96,96,126,142,168,188,188,286,286,296,102,102],"floor_reached":20,"playtime":1612,"items_purged":[],"score":247,"play_id":"51dd8d53-6ccd-4176-8059-b0d6cc1872ea","local_time":"20181221233355","is_ascension_mode":true,"campfire_choices":[{"data":"Whirlwind","floor":6,"key":"SMITH"},{"data":"Metallicize","floor":8,"key":"SMITH"},{"data":"Dual Wield","floor":15,"key":"SMITH"}],"neow_cost":"PERCENT_DAMAGE","seed_source_timestamp":168223584990300,"circlet_count":0,"master_deck":["Strike_R","Strike_R","Strike_R","Strike_R","Strike_R","Defend_R","Defend_R","Defend_R","Defend_R","Bash","Whirlwind+1","Intimidate+1","Metallicize+1","Iron Wave","Infernal Blade","Dual Wield+1","Armaments","Twin Strike","Impervious","Spot Weakness","True Grit","Heavy Blade","Anger","Seeing Red","Heavy Blade","Metallicize+1"],"relics":["Burning Blood","Du-Vu Doll","Orichalcum","Gremlin Horn","Girya","Bag of Preparation","Pantograph","Orrery","DollysMirror"],"potions_floor_usage":[16,16],"damage_taken":[{"damage":5,"enemies":"Small Slimes","floor":1,"turns":5},{"damage":9,"enemies":"Jaw Worm","floor":2,"turns":4},{"damage":13,"enemies":"3 Sentries","floor":7,"turns":6},{"damage":26,"enemies":"Lagavulin","floor":11,"turns":9},{"damage":0,"enemies":"Cultist","floor":12,"turns":3},{"damage":10,"enemies":"Gremlin Nob","floor":13,"turns":4},{"damage":0,"enemies":"Exordium Thugs","floor":14,"turns":3},{"damage":32,"enemies":"Slime Boss","floor":16,"turns":9},{"damage":31,"enemies":"Spheric Guardian","floor":18,"turns":6},{"damage":0,"enemies":"2 Thieves","floor":20,"turns":1}],"seed_played":"-4682437528843918839","potions_obtained":[{"floor":1,"key":"LiquidBronze"},{"floor":7,"key":"Poison Potion"},{"floor":12,"key":"Poison Potion"},{"floor":16,"key":"EntropicBrew"}],"is_trial":false,"path_per_floor":["M","M","?","$","?","R","E","R","T","$","E","M","E","M","R","B",null,"M","$","M"],"character_chosen":"IRONCLAD","items_purchased":["Metallicize","DollysMirror"],"campfire_rested":0,"item_purchase_floors":[4,19],"current_hp_per_floor":[52,49,42,42,42,42,35,35,35,35,15,21,17,23,23,22,66,41,41,41],"gold":102,"neow_bonus":"ONE_RARE_RELIC","is_prod":false,"is_daily":false,"chose_seed":false,"campfire_upgraded":3,"win_rate":0,"timestamp":1545460435,"path_taken":["M","M","?","$","?","R","E","R","T","$","E","M","E","M","R","BOSS","M","$","M"],"build_version":"2018-12-20","purchased_purges":0,"victory":false,"max_hp_per_floor":[80,80,80,80,80,80,80,80,80,80,80,80,80,80,80,80,80,80,80,80],"card_choices":[{"not_picked":["Clothesline","Sword Boomerang"],"picked":"Whirlwind","floor":1},{"not_picked":["Cleave","Dual Wield"],"picked":"Intimidate","floor":2},{"not_picked":["Searing Blow","Perfected Strike"],"picked":"Iron Wave","floor":7},{"not_picked":["Offering","Shrug It Off"],"picked":"Infernal Blade","floor":11},{"not_picked":["Twin Strike","Anger"],"picked":"Dual Wield","floor":12},{"not_picked":["Twin Strike","Wild Strike"],"picked":"Armaments","floor":13},{"not_picked":["True Grit","Hemokinesis"],"picked":"Twin Strike","floor":14},{"not_picked":["Immolate","Reaper"],"picked":"Impervious","floor":16},{"not_picked":["Power Through","Burning Pact"],"picked":"Spot Weakness","floor":17},{"not_picked":["Warcry","Sever Soul"],"picked":"True Grit","floor":17},{"not_picked":["Perfected Strike","Twin Strike"],"picked":"Heavy Blade","floor":17},{"not_picked":["Carnage","Iron Wave"],"picked":"Anger","floor":17},{"not_picked":["Twin Strike","Armaments"],"picked":"Seeing Red","floor":17},{"not_picked":["Sentinel","Brutality"],"picked":"Heavy Blade","floor":18}],"player_experience":282939,"relics_obtained":[{"floor":7,"key":"Gremlin Horn"},{"floor":9,"key":"Girya"},{"floor":11,"key":"Bag of Preparation"},{"floor":13,"key":"Pantograph"}],"event_choices":[{"damage_healed":0,"gold_gain":0,"player_choice":"Success","damage_taken":7,"relics_obtained":["Orichalcum"],"max_hp_gain":0,"max_hp_loss":0,"event_name":"Scrap Ooze","floor":3,"gold_loss":0},{"damage_healed":0,"gold_gain":0,"player_choice":"Upgraded","damage_taken":0,"max_hp_gain":0,"max_hp_loss":0,"event_name":"Upgrade Shrine","floor":5,"gold_loss":0,"cards_upgraded":["Intimidate"]}],"is_beta":false,"boss_relics":[{"not_picked":["Runic Dome","Runic Cube"],"picked":"Orrery"}],"items_purged_floors":[],"is_endless":false,"potions_floor_spawned":[1,7,12,16],"killed_by":"2 Thieves","ascension_level":6}