{"path_per_floor":["M","M","?","M","?","E","R","E","T","R","E","T","M","?","R","B",null,"M","?","?","M","$","R","M","T","T","R","E","R","E","M","R","B",null,"M","?","M","M","$","R","M","R","T","M","$","?","R","M","R","B"],"character_chosen":"IRONCLAD","items_purchased":["Sentinel","Entrench","Apotheosis","Singing Bowl","Infernal Blade"],"gold_per_floor":[11,26,26,40,115,149,149,179,179,179,213,236,254,204,204,304,304,322,322,322,336,109,109,129,129,180,180,205,205,240,252,252,355,355,370,416,435,447,110,110,120,120,120,139,68,68,68,86,86,86],"floor_reached":51,"campfire_rested":2,"playtime":5860,"current_hp_per_floor":[70,72,56,62,51,33,57,41,41,41,40,40,43,43,67,11,63,65,65,80,80,80,80,74,74,74,74,80,80,70,76,76,80,80,80,63,69,75,75,75,80,80,80,82,82,82,82,84,84,81],"items_purged":["Strike_R"],"gold":86,"score":1017,"play_id":"0822b177-8800-4ed5-9e22-6777d6cd6835","local_time":"20180319021109","is_prod":false,"is_daily":false,"is_ascension_mode":true,"campfire_upgraded":9,"timestamp":1521421869,"path_taken":["M","M","?","M","?","E","R","E","T","R","E","?","M","?","R","BOSS","M","?","?","?","$","R","M","?","T","R","E","R","E","M","R","BOSS","M","?","?","M","$","R","?","R","T","?","$","?","R","M","R","BOSS"],"build_version":"2018-03-16","purchased_purges":2,"victory":true,"master_deck":["Defend_R+1","Defend_R+1","Defend_R","Defend_R","Bash+1","Cleave+1","Shrug It Off+1","Entrench+1","Thunderclap+1","Headbutt+1","Armaments+1","Barricade+1","Body Slam","Warcry+1","Sentinel+1","Entrench+1","Warcry+1","Ghostly Armor+1","Power Through+1","Double Tap+1","Corruption+1","Sword Boomerang+1","True Grit+1","Rampage+1","Armaments+1","Burning Pact+1","Apotheosis+1","Body Slam","Infernal Blade+1","Body Slam"],"max_hp_per_floor":[80,80,80,80,80,80,80,80,80,80,80,80,80,80,80,80,80,80,80,80,80,80,80,80,80,80,80,80,80,80,80,80,80,80,80,80,80,80,80,80,80,80,80,82,82,82,82,84,84,84],"relics":["Burning Blood","Champion Belt","Toxic Egg 2","Paper Frog","Thread and Needle","Art of War","Anchor","Snecko Eye","Unceasing Top","Omamori","Ancient Tea Set","Gremlin Horn","Astrolabe","Ice Cream","Singing Bowl","Gambling Chip"],"card_choices":[{"not_picked":["Anger","Rupture"],"picked":"Perfected Strike"},{"not_picked":["Headbutt","Body Slam"],"picked":"Cleave"},{"not_picked":["Blood for Blood","Reckless Charge"],"picked":"Shrug It Off"},{"not_picked":["Evolve","Disarm"],"picked":"Entrench"},{"not_picked":["Iron Wave","Evolve"],"picked":"Thunderclap"},{"not_picked":["Corruption","Pommel Strike"],"picked":"Headbutt"},{"not_picked":["Shrug It Off","Thunderclap"],"picked":"Armaments"},{"not_picked":["Dark Embrace","Exhume"],"picked":"Barricade"},{"not_picked":["Iron Wave","Burning Pact"],"picked":"Body Slam"},{"not_picked":["Fire Breathing","Clothesline"],"picked":"Warcry"},{"not_picked":["Rage","Thunderclap"],"picked":"Warcry"},{"not_picked":["Inflame","Headbutt"],"picked":"Ghostly Armor"},{"not_picked":["Twin Strike","Flex"],"picked":"Power Through"},{"not_picked":["Fiend Fire","Exhume"],"picked":"Double Tap"},{"not_picked":["Reckless Charge","Body Slam"],"picked":"Rampage"},{"not_picked":["Warcry","Hemokinesis"],"picked":"Armaments"},{"not_picked":["Corruption","Perfected Strike"],"picked":"Burning Pact"},{"not_picked":["Feed","Shrug It Off"],"picked":"Body Slam"}],"player_experience":214138,"potions_floor_usage":[8,16,41,50,50,50],"damage_taken":[{"damage":8,"enemies":"Jaw Worm","floor":1,"turns":4},{"damage":4,"enemies":"Small Slimes","floor":2,"turns":3},{"damage":0,"enemies":"2 Louse","floor":4,"turns":2},{"damage":24,"enemies":"3 Sentries","floor":6,"turns":7},{"damage":22,"enemies":"Lagavulin","floor":8,"turns":6},{"damage":7,"enemies":"Gremlin Nob","floor":11,"turns":3},{"damage":3,"enemies":"Large Slime","floor":13,"turns":3},{"damage":62,"enemies":"Hexaghost","floor":16,"turns":11},{"damage":4,"enemies":"2 Thieves","floor":18,"turns":4},{"damage":0,"enemies":"3 Byrds","floor":21,"turns":5},{"damage":12,"enemies":"Cultist and Chosen","floor":24,"turns":7},{"damage":0,"enemies":"Gremlin Leader","floor":28,"turns":5},{"damage":16,"enemies":"Slavers","floor":30,"turns":8},{"damage":0,"enemies":"Centurion and Healer","floor":31,"turns":8},{"damage":0,"enemies":"Champ","floor":33,"turns":8},{"damage":0,"enemies":"3 Darklings","floor":35,"turns":6},{"damage":23,"enemies":"Mysterious Sphere","floor":36,"turns":4},{"damage":0,"enemies":"Flame Bruiser 1 Orb","floor":37,"turns":4},{"damage":0,"enemies":"3 Darklings","floor":38,"turns":5},{"damage":1,"enemies":"4 Shapes","floor":41,"turns":5},{"damage":0,"enemies":"Flame Bruiser 2 Orb","floor":44,"turns":4},{"damage":0,"enemies":"Maw","floor":48,"turns":3},{"damage":9,"enemies":"Time Eater","floor":50,"turns":8}],"event_choices":[{"event_name":"Shining Light","player_choice":"Entered Light","floor":3,"damage_taken":0},{"event_name":"World of Goop","player_choice":"Gather Gold","floor":5,"damage_taken":0},{"event_name":"The Cleric","player_choice":"Card Removal","floor":14,"damage_taken":0},{"event_name":"Vampires","player_choice":"Ignored","floor":19,"damage_taken":0},{"event_name":"The Library","player_choice":"Heal","floor":20,"damage_taken":0},{"event_name":"Mysterious Sphere","player_choice":"Fight","floor":36,"damage_taken":0},{"event_name":"Transmorgrifier","player_choice":"Transform","floor":46,"damage_taken":0}],"boss_relics":[{"not_picked":["Velvet Choker","Runic Dome"],"picked":"Snecko Eye"},{"not_picked":["White Beast Statue","Question Card"],"picked":"Astrolabe"}],"potions_floor_spawned":[4,13,30,31,36,37,41],"seed_played":"-681799109777244841","ascension_level":7,"is_trial":false}