{"path_per_floor":["M","?","M","?","?","R","M","$","T","R","$","M","?","M","R","B",null,"M","M","M","?"],"character_chosen":"IRONCLAD","items_purchased":[],"gold_per_floor":[118,118,133,208,208,208,220,145,145,145,45,64,64,75,75,174,174,190,209,228,228],"floor_reached":22,"campfire_rested":1,"playtime":1374,"current_hp_per_floor":[72,72,66,55,39,39,42,42,42,42,42,35,35,41,65,47,80,37,11,17,43],"items_purged":["Strike_R","Defend_R"],"gold":228,"play_id":"b7de690e-2f93-4e84-8d4a-e1d29d392222","is_prod":false,"is_daily":false,"is_ascension_mode":false,"campfire_upgraded":2,"path_taken":["M","?","?","?","?","R","?","?","T","R","$","M","?","M","R","BOSS","M","M","?","?","M"],"build_version":"2018-02-02-BETA1","purchased_purges":2,"victory":false,"master_deck":["Strike_R","Strike_R","Strike_R","Strike_R","Defend_R+1","Defend_R","Defend_R","Bash","Shrug It Off+1","Headbutt+1","Armaments+1","Whirlwind+1","Dropkick","Double Tap","Regret","Regret","Pain","Dual Wield+1","Anger"],"max_hp_per_floor":[80,80,80,80,80,80,80,80,80,80,80,80,80,80,80,80,80,80,80,80,80],"relics":["Burning Blood","Gremlin Horn","Calling Bell","Mummified Hand","Centennial Puzzle","Bag of Marbles"],"card_choices":[{"not_picked":["Warcry","Clash"],"picked":"Shrug It Off"},{"not_picked":["Twin Strike","Spot Weakness"],"picked":"Headbutt"},{"not_picked":["Warcry","Hemokinesis"],"picked":"Armaments"},{"not_picked":["True Grit","Brutality"],"picked":"Whirlwind"},{"not_picked":["Headbutt","Thunderclap"],"picked":"Dropkick"},{"not_picked":["Barricade","Juggernaut"],"picked":"Double Tap"},{"not_picked":["Shrug It Off","Heavy Blade"],"picked":"Dual Wield"},{"not_picked":["Pommel Strike","Body Slam"],"picked":"Anger"}],"player_experience":9648,"potions_floor_usage":[16,16,20,20,22],"damage_taken":[{"damage":14,"enemies":"2 Louse","floor":1,"turns":3},{"damage":12,"enemies":"Blue Slaver","floor":3,"turns":5},{"damage":3,"enemies":"Jaw Worm","floor":7,"turns":3},{"damage":13,"enemies":"Red Slaver","floor":12,"turns":3},{"damage":0,"enemies":"Looter","floor":14,"turns":4},{"damage":24,"enemies":"Slime Boss","floor":16,"turns":8},{"damage":49,"enemies":"Shell Parasite","floor":18,"turns":6},{"damage":32,"enemies":"Spheric Guardian","floor":19,"turns":4},{"damage":0,"enemies":"3 Cultists","floor":20,"turns":1},{"damage":49,"enemies":"Slaver and Parasite","floor":22,"turns":6}],"event_choices":[{"event_name":"The Lab","player_choice":"Got Potions","floor":2,"damage_taken":0},{"event_name":"World of Goop","player_choice":"Gather Gold","floor":4,"damage_taken":0},{"event_name":"Shining Light","player_choice":"Entered Light","floor":5,"damage_taken":0},{"event_name":"Accursed Blacksmith","player_choice":"Forge","floor":13,"damage_taken":0},{"event_name":"The Library","player_choice":"Heal","floor":21,"damage_taken":0}],"boss_relics":[{"not_picked":["Eternal Feather","Tiny House"],"picked":"Calling Bell"}],"potions_floor_spawned":[12,14,16,19],"seed_played":"2682555023131753949","killed_by":"Slaver and Parasite","ascension_level":0,"is_trial":false}