{"gold_per_floor":[218,71,91,105,105,138,158,171,195,221,221,23,49,49,49,145,145,163,178,105,121,131,157,37,37,85,116,129,160,180,38,38,142,142,159,42,42,52,64,64],"floor_reached":40,"playtime":4484,"items_purged":["Strike_G","Strike_G","Strike_G","Strike_G","Defend_G"],"score":569,"play_id":"4a75cb11-fc1f-4f09-9ff2-516de7ed5ffe","local_time":"20190516195708","is_ascension_mode":true,"campfire_choices":[{"floor":11.0,"key":"REST"},{"floor":15.0,"key":"REST"},{"floor":25.0,"key":"REST"},{"floor":32.0,"key":"REST"}],"neow_cost":"NONE","seed_source_timestamp":4595468226263,"circlet_count":0,"master_deck":["Defend_G","Defend_G","Defend_G","Defend_G","Survivor","Neutralize+1","Distraction+1","Dagger Throw","Noxious Fumes","Caltrops","Deflect","Poisoned Stab+1","PiercingWail","Deadly Poison","PiercingWail","Deflect","Catalyst+1","Adrenaline+1","Bouncing Flask+1","Escape Plan+1","Backflip+1","Burst+1","Sucker Punch+1","Backflip+1","Crippling Poison+1","Deadly Poison+1","Malaise+1","Caltrops+1","Acrobatics+1","Blur+1","Impatience+1","Bouncing Flask+1","Night Terror+1","Prepared+1","Calculated Gamble+1","Escape Plan+1"],"special_seed":0,"relics":["Ring of the Serpent","Turnip","Smiling Mask","Snake Skull","Dream Catcher","Toxic Egg 2","Orrery","Calipers","Vajra","Whetstone","Ice Cream"],"potions_floor_usage":[40,40],"damage_taken":[{"damage":0.0,"enemies":"Jaw Worm","floor":1.0,"turns":4.0},{"damage":1.0,"enemies":"Cultist","floor":3.0,"turns":4.0},{"damage":0.0,"enemies":"2 Louse","floor":4.0,"turns":2.0},{"damage":4.0,"enemies":"3 Sentries","floor":6.0,"turns":8.0},{"damage":9.0,"enemies":"Gremlin Gang","floor":7.0,"turns":5.0},{"damage":0.0,"enemies":"3 Louse","floor":8.0,"turns":4.0},{"damage":23.0,"enemies":"Gremlin Nob","floor":10.0,"turns":4.0},{"damage":13.0,"enemies":"3 Sentries","floor":13.0,"turns":7.0},{"damage":6.0,"enemies":"The Guardian","floor":16.0,"turns":7.0},{"damage":7.0,"enemies":"Chosen","floor":18.0,"turns":5.0},{"damage":0.0,"enemies":"Spheric Guardian","floor":19.0,"turns":3.0},{"damage":1.0,"enemies":"Centurion and Healer","floor":21.0,"turns":5.0},{"damage":0.0,"enemies":"Shelled Parasite and Fungi","floor":22.0,"turns":5.0},{"damage":15.0,"enemies":"Book of Stabbing","floor":23.0,"turns":4.0},{"damage":11.0,"enemies":"Slavers","floor":27.0,"turns":4.0},{"damage":2.0,"enemies":"Sentry and Sphere","floor":28.0,"turns":5.0},{"damage":0.0,"enemies":"Gremlin Leader","floor":29.0,"turns":2.0},{"damage":0.0,"enemies":"Snecko","floor":30.0,"turns":2.0},{"damage":9.0,"enemies":"Champ","floor":33.0,"turns":6.0},{"damage":9.0,"enemies":"3 Darklings","floor":35.0,"turns":6.0},{"damage":7,"enemies":"3 Shapes","floor":38,"turns":5},{"damage":4,"enemies":"Transient","floor":39,"turns":5},{"damage":51,"enemies":"Reptomancer","floor":40,"turns":2}],"seed_played":"8741360511642545431","potions_obtained":[{"floor":1.0,"key":"EssenceOfSteel"},{"floor":6.0,"key":"Dexterity Potion"},{"floor":8.0,"key":"Fire Potion"},{"floor":16.0,"key":"SpeedPotion"},{"floor":21.0,"key":"LiquidBronze"},{"floor":27.0,"key":"GhostInAJar"},{"floor":28.0,"key":"EntropicBrew"},{"floor":29.0,"key":"PowerPotion"}],"is_trial":false,"path_per_floor":["M","$","M","M","?","E","M","M","T","E","R","$","E","?","R","B",null,"M","M","$","M","M","E","$","R","T","E","M","E","M","$","R","B",null,"M","$","?","M","M","E"],"character_chosen":"THE_SILENT","items_purchased":["Dagger Throw","Deadly Poison","Noxious Fumes","Snake Skull","Backflip+1","Malaise+1","Impatience+1","Calculated Gamble+1"],"campfire_rested":4,"item_purchase_floors":[2,2,2,12,20,24,31,36],"current_hp_per_floor":[70,70,69,69,69,65,56,56,56,33,54,54,41,41,62,56,70,63,63,63,62,62,47,47,68,68,57,55,55,55,55,70,61,70,61,61,61,54,50,0],"gold":64,"neow_bonus":"HUNDRED_GOLD","is_prod":false,"is_daily":false,"chose_seed":false,"campfire_upgraded":0,"win_rate":1,"timestamp":1558029428,"path_taken":["M","$","M","M","?","E","M","M","T","E","R","?","E","?","R","BOSS","M","M","$","M","M","E","$","R","T","E","M","E","?","$","R","BOSS","M","$","?","M","M","E"],"build_version":"2019-01-23","purchased_purges":5,"victory":false,"max_hp_per_floor":[70,70,70,70,70,70,70,70,70,70,70,70,70,70,70,70,70,70,70,70,70,70,70,70,70,70,70,70,70,70,70,70,70,70,70,70,70,70,70,70],"card_choices":[{"not_picked":["Reflex","Blade Dance"],"picked":"Distraction","floor":1.0},{"not_picked":["Acrobatics","Leg Sweep"],"picked":"Caltrops","floor":3.0},{"not_picked":["Reflex","Slice"],"picked":"Deflect","floor":4.0},{"not_picked":["Choke","Bullet Time"],"picked":"Poisoned Stab","floor":6.0},{"not_picked":["Bane","Dodge and Roll"],"picked":"PiercingWail","floor":7.0},{"not_picked":["Quick Slash","Underhanded Strike"],"picked":"Deadly Poison","floor":8.0},{"not_picked":["Sucker Punch","Caltrops"],"picked":"PiercingWail","floor":10.0},{"not_picked":["Underhanded Strike","Phantasmal Killer"],"picked":"Deflect","floor":13.0},{"not_picked":["Bane","Acrobatics+1"],"picked":"Catalyst+1","floor":15.0},{"not_picked":["Tools of the Trade","Unload"],"picked":"Adrenaline+1","floor":16.0},{"not_picked":["Sucker Punch","Poisoned Stab"],"picked":"Bouncing Flask+1","floor":17.0},{"not_picked":["Blade Dance+1","Flying Knee"],"picked":"Escape Plan+1","floor":17.0},{"not_picked":["Quick Slash","Underhanded Strike"],"picked":"Backflip+1","floor":17.0},{"not_picked":["Deadly Poison+1","Outmaneuver+1"],"picked":"Burst+1","floor":17.0},{"not_picked":["Deflect+1","Flechettes"],"picked":"Sucker Punch+1","floor":18.0},{"not_picked":["Riddle With Holes","Finisher","Dagger Throw+1"],"picked":"SKIP","floor":19.0},{"not_picked":["Bane","Slice","Dagger Spray"],"picked":"SKIP","floor":21.0},{"not_picked":["Prepared+1","Dagger Throw"],"picked":"Crippling Poison+1","floor":22.0},{"not_picked":["Terror+1","Poisoned Stab"],"picked":"Deadly Poison+1","floor":23.0},{"not_picked":["Blade Dance+1","Backflip+1"],"picked":"Caltrops+1","floor":25.0},{"not_picked":["Deflect+1","PiercingWail+1"],"picked":"Acrobatics+1","floor":27.0},{"not_picked":["Eviscerate+1","Footwork","Flying Knee"],"picked":"SKIP","floor":28.0},{"not_picked":["A Thousand Cuts","Blade Dance+1","Bane"],"picked":"SKIP","floor":29.0},{"not_picked":["Blade Dance+1","Underhanded Strike"],"picked":"Blur+1","floor":30.0},{"not_picked":["Eviscerate","Flying Knee"],"picked":"Bouncing Flask+1","floor":32.0},{"not_picked":["Bullet Time+1","Envenom"],"picked":"Night Terror+1","floor":33.0},{"not_picked":["Sucker Punch","Slice"],"picked":"Prepared+1","floor":35.0},{"not_picked":["Poisoned Stab","Caltrops","Dodge and Roll+1"],"picked":"SKIP","floor":38},{"not_picked":["Deflect+1","Flying Knee"],"picked":"Escape Plan+1","floor":39}],"player_experience":108536,"relics_obtained":[{"floor":6.0,"key":"Turnip"},{"floor":10.0,"key":"Smiling Mask"},{"floor":13.0,"key":"Dream Catcher"},{"floor":23.0,"key":"Calipers"},{"floor":26.0,"key":"Vajra"},{"floor":27.0,"key":"Whetstone"},{"floor":29.0,"key":"Ice Cream"}],"event_choices":[{"cards_removed":["Strike_G"],"damage_healed":0.0,"max_hp_gain":0.0,"max_hp_loss":0.0,"gold_gain":0.0,"event_name":"Purifier","player_choice":"Purged","floor":5.0,"gold_loss":0.0,"damage_taken":0.0},{"cards_removed":["Deadly Poison"],"damage_healed":0.0,"max_hp_gain":0.0,"max_hp_loss":0.0,"gold_gain":0.0,"event_name":"WeMeetAgain","player_choice":"Gave Card","floor":14.0,"gold_loss":0.0,"damage_taken":0.0,"relics_obtained":["Toxic Egg 2"]},{"damage_healed":0,"gold_gain":0,"player_choice":"Forge","damage_taken":0,"max_hp_gain":0,"max_hp_loss":0,"event_name":"Accursed Blacksmith","floor":37,"gold_loss":0,"cards_upgraded":["Distraction"]}],"is_beta":false,"boss_relics":[{"not_picked":["Busted Crown","Coffee Dripper"],"picked":"Orrery"},{"not_picked":["Cursed Key","Calling Bell"],"picked":"Ring of the Serpent"}],"items_purged_floors":[12,20,24,31,36],"is_endless":false,"potions_floor_spawned":[1,6,8,16,21,27,28,29],"killed_by":"Reptomancer","ascension_level":1}