{"path_per_floor":["M","$","M","?","M","R","E","M","T","E","R","?","?","?","R","B",null,"M","?","T","?","$","E","?","M","T","?","R","M","?","E","R","B",null,"M","?","?","?","M","R","M","?","T","R","M"],"character_chosen":"IRONCLAD","items_purchased":["Shuriken"],"gold_per_floor":[20,20,39,114,129,129,161,173,173,204,204,234,234,234,234,338,368,383,383,409,334,19,47,74,85,85,85,85,103,103,138,138,240,240,260,306,528,528,545,545,564,564,645,645,660],"floor_reached":46,"campfire_rested":2,"playtime":3812,"current_hp_per_floor":[72,72,72,61,66,66,36,36,36,38,38,40,66,66,66,39,85,54,54,54,54,54,20,26,15,15,15,40,46,22,8,33,15,85,85,75,75,75,51,51,18,39,39,39,29],"items_purged":["Strike_R"],"gold":660,"play_id":"c5987ab6-c01b-47b9-b027-c5ec24ce1526","is_prod":false,"is_daily":false,"is_ascension_mode":false,"campfire_upgraded":2,"path_taken":["M","?","M","?","M","R","E","M","T","E","R","?","?","?","R","BOSS","M","?","?","?","?","E","?","M","T","?","R","M","?","E","R","BOSS","M","?","?","?","M","R","M","?","T","R","M","E"],"build_version":"2018-02-02-BETA1","purchased_purges":1,"victory":false,"master_deck":["Strike_R","Strike_R","Defend_R","Defend_R","Defend_R","Bash","Seeing Red","Whirlwind","Flex+1","Shrug It Off","Twin Strike","Armaments+1","Double Tap","Sword Boomerang","Flex","Flex+1","Cleave+1","Pommel Strike+1","Inflame+1","Panacea","Finesse","Offering","Flex+1","Sword Boomerang+1"],"max_hp_per_floor":[80,80,80,80,80,80,80,80,80,80,80,80,80,80,80,80,85,85,85,85,85,85,85,85,85,85,85,85,85,85,85,85,85,85,85,85,85,85,85,85,85,85,85,85,85],"relics":["Burning Blood","Gambling Chip","Self Forming Clay","Peace Pipe","Shovel","Juzu Bracelet","Odd Mushroom","Tiny House","Dream Catcher","Shuriken","Bottled Flame","Red Mask","Bag of Preparation","Whetstone","Mark of Pain","Bird Faced Urn","Matryoshka"],"card_choices":[{"not_picked":["Intimidate","Reckless Charge"],"picked":"Seeing Red"},{"not_picked":["Shrug It Off","Armaments"],"picked":"Whirlwind"},{"not_picked":["Thunderclap","Cleave"],"picked":"Flex"},{"not_picked":["Warcry","Shockwave"],"picked":"Shrug It Off"},{"not_picked":["Searing Blow","Heavy Blade"],"picked":"Twin Strike"},{"not_picked":["True Grit","Barricade"],"picked":"Armaments"},{"not_picked":["Berserk","Brutality"],"picked":"Double Tap"},{"not_picked":["Pommel Strike","Heavy Blade"],"picked":"Sword Boomerang"},{"not_picked":["Pommel Strike","Clash"],"picked":"Flex"},{"not_picked":["Warcry","Iron Wave"],"picked":"Cleave"},{"not_picked":["Sword Boomerang","Perfected Strike"],"picked":"Pommel Strike"},{"not_picked":["Clothesline","Anger"],"picked":"Inflame"},{"not_picked":["Juggernaut","Barricade"],"picked":"Offering"},{"not_picked":["Headbutt","Warcry"],"picked":"Flex"},{"not_picked":["Dropkick","Combust"],"picked":"Sword Boomerang"}],"player_experience":16108,"potions_floor_usage":[10,10,16,16,18,25,31,33,45,46,46],"damage_taken":[{"damage":14,"enemies":"Blue Slaver","floor":1,"turns":3},{"damage":6,"enemies":"Cultist","floor":3,"turns":3},{"damage":1,"enemies":"Jaw Worm","floor":5,"turns":3},{"damage":36,"enemies":"Lagavulin","floor":7,"turns":6},{"damage":6,"enemies":"Looter","floor":8,"turns":4},{"damage":16,"enemies":"3 Sentries","floor":10,"turns":5},{"damage":4,"enemies":"The Mushroom Lair","floor":12,"turns":3},{"damage":48,"enemies":"Slime Boss","floor":16,"turns":10},{"damage":37,"enemies":"2 Thieves","floor":18,"turns":5},{"damage":40,"enemies":"Gremlin Leader","floor":23,"turns":6},{"damage":0,"enemies":"Masked Bandits","floor":24,"turns":2},{"damage":17,"enemies":"Spheric Guardian","floor":25,"turns":4},{"damage":0,"enemies":"Chosen and Byrds","floor":29,"turns":2},{"damage":20,"enemies":"Book of Stabbing","floor":31,"turns":5},{"damage":39,"enemies":"Champ","floor":33,"turns":10},{"damage":4,"enemies":"3 Darklings","floor":35,"turns":1},{"damage":16,"enemies":"Mysterious Sphere","floor":36,"turns":2},{"damage":30,"enemies":"3 Shapes","floor":39,"turns":1},{"damage":41,"enemies":"Maw","floor":41,"turns":5},{"damage":16,"enemies":"Spire Growth","floor":45,"turns":2},{"damage":34,"enemies":"Nemesis","floor":46,"turns":3}],"event_choices":[{"event_name":"World of Goop","player_choice":"Gather Gold","floor":4,"damage_taken":0},{"event_name":"Mushrooms","player_choice":"Fought Mushrooms","floor":12,"damage_taken":0},{"event_name":"Big Fish","player_choice":"Banana","floor":13,"damage_taken":0},{"event_name":"Liars Game","player_choice":"disagreed","floor":14,"damage_taken":0},{"event_name":"Duplicator","player_choice":"One dupe","floor":19,"damage_taken":0},{"event_name":"Beggar","player_choice":"Gave Gold","floor":21,"damage_taken":0},{"event_name":"Masked Bandits","player_choice":"Fought over 47 gold","floor":24,"damage_taken":0},{"event_name":"Vampires","player_choice":"Ignored","floor":27,"damage_taken":0},{"event_name":"Knowing Skull","player_choice":"CARD CARD ","floor":30,"damage_taken":0},{"event_name":"Mysterious Sphere","player_choice":"Fight","floor":36,"damage_taken":0},{"event_name":"Tomb of Lord Red Mask","player_choice":"Wore Mask","floor":37,"damage_taken":0},{"event_name":"Winding Halls","player_choice":"Writhe","floor":42,"damage_taken":0}],"boss_relics":[{"not_picked":["Philosopher\u0027s Stone","Sozu"],"picked":"Tiny House"},{"not_picked":["White Beast Statue","Velvet Choker"],"picked":"Mark of Pain"}],"potions_floor_spawned":[1,7,8,12,24,29,31,36,39,41],"seed_played":"5591180986162925779","killed_by":"Nemesis","ascension_level":0,"is_trial":false}