{"path_per_floor":["M","?","M","?","?","E","R","M","T","R","E","$","M","M","R","B",null,"M","$","?","?","M","E","M","M","T","$","R","M","R","M","R"],"character_chosen":"IRONCLAD","items_purchased":["Shuriken","Juzu Bracelet"],"gold_per_floor":[111,111,126,126,301,334,334,348,398,398,433,358,378,403,403,526,526,539,197,197,167,187,228,252,276,302,20,20,36,36,57,57],"floor_reached":33,"campfire_rested":5,"playtime":2722,"current_hp_per_floor":[80,62,64,64,64,44,44,43,43,67,56,56,56,53,78,22,88,87,87,87,87,81,74,45,32,32,32,62,43,74,79,105],"items_purged":["Doubt","Injury","Writhe"],"gold":57,"score":357,"play_id":"0791bdaf-32f3-4677-8047-fda9f278ca9e","local_time":"20180301210946","is_prod":false,"is_daily":false,"is_ascension_mode":true,"campfire_upgraded":1,"timestamp":1519934986,"path_taken":["BOSS","M","?","M","?","?","E","R","M","T","R","E","$","?","M","R","BOSS","M","$","?","?","M","E","M","M","T","?","R","M","R","M","R","BOSS"],"build_version":"2018-02-28-BETA2","purchased_purges":3,"victory":false,"master_deck":["Strike_R","Strike_R","Strike_R","Strike_R","Strike_R","Defend_R","Defend_R","Defend_R","Defend_R","Bash","Thunderclap","Armaments+1","Whirlwind+1","Inflame+1","Flex"],"max_hp_per_floor":[80,80,80,80,80,80,80,80,80,80,82,82,84,86,86,88,88,90,90,90,90,92,101,103,103,103,103,103,105,105,105,105],"relics":["Burning Blood","Self Forming Clay","Golden Idol","Charon\u0027s Ashes","Bronze Scales","Singing Bowl","Cursed Key","Shuriken","Strawberry","Art of War","Juzu Bracelet"],"card_choices":[{"not_picked":["Wild Strike","Ghostly Armor"],"picked":"Thunderclap"},{"not_picked":["Entrench","Uppercut"],"picked":"Armaments"},{"not_picked":["Corruption","Shrug It Off"],"picked":"Whirlwind"},{"not_picked":["Perfected Strike","Entrench"],"picked":"Inflame"},{"not_picked":["Thunderclap","Clash"],"picked":"Flex"}],"player_experience":144172,"potions_floor_usage":[16,16,18,22,23,31,33,33,33],"damage_taken":[{"damage":6,"enemies":"Cultist","floor":1,"turns":3},{"damage":4,"enemies":"Small Slimes","floor":3,"turns":3},{"damage":26,"enemies":"Gremlin Nob","floor":6,"turns":5},{"damage":7,"enemies":"Jaw Worm","floor":8,"turns":3},{"damage":19,"enemies":"3 Sentries","floor":11,"turns":4},{"damage":8,"enemies":"3 Louse","floor":13,"turns":4},{"damage":11,"enemies":"Exordium Wildlife","floor":14,"turns":4},{"damage":64,"enemies":"The Guardian","floor":16,"turns":11},{"damage":9,"enemies":"Chosen","floor":18,"turns":5},{"damage":14,"enemies":"Shell Parasite","floor":22,"turns":3},{"damage":31,"enemies":"Gremlin Leader","floor":23,"turns":5},{"damage":37,"enemies":"Centurion and Healer","floor":24,"turns":3},{"damage":19,"enemies":"Sentry and Sphere","floor":25,"turns":5},{"damage":27,"enemies":"Cultist and Chosen","floor":29,"turns":5},{"damage":7,"enemies":"Snecko","floor":31,"turns":4},{"damage":107,"enemies":"Champ","floor":33,"turns":8}],"event_choices":[{"event_name":"Scrap Ooze","player_choice":"success","floor":2,"damage_taken":18},{"event_name":"Golden Idol","player_choice":"Take Wound","floor":4,"damage_taken":0},{"event_name":"Liars Game","player_choice":"agreed","floor":5,"damage_taken":0},{"event_name":"Upgrade Shrine","player_choice":"Upgraded","floor":20,"damage_taken":0},{"event_name":"The Woman in Blue","player_choice":"Bought 2 Potions","floor":21,"damage_taken":0}],"boss_relics":[{"not_picked":["Philosopher\u0027s Stone","Calling Bell"],"picked":"Cursed Key"}],"potions_floor_spawned":[3,11,13,16,22,23,24,25,31],"seed_played":"-490710054284941873","killed_by":"Champ","ascension_level":4,"is_trial":false}