{"gold_per_floor":[115,115,115,115,134,134,159,159,159,159,180,204,204,229,229,229],"floor_reached":16,"playtime":677,"items_purged":[],"score":92,"play_id":"b8cb6f93-410b-49f8-a0f3-ebdce4566129","local_time":"20180819134247","is_ascension_mode":false,"campfire_choices":[{"floor":6.0,"key":"REST"},{"data":"Chaos","floor":8.0,"key":"SMITH"},{"floor":13,"key":"REST"},{"data":"Redo","floor":15,"key":"SMITH"}],"neow_cost":"NONE","seed_source_timestamp":153653781118530,"circlet_count":0,"master_deck":["Strike_B","Strike_B","Strike_B","Strike_B","Defend_B","Defend_B","Defend_B","Defend_B","Zap+1","Dualcast","Conserve Battery","Regret","Injury","Reinforced Body","Chaos+1","Redo+1","Leap","Tempest"],"special_seed":0,"relics":["Cracked Core","Happy Flower","Juzu Bracelet","Golden Idol","Nunchaku"],"potions_floor_usage":[16,16],"damage_taken":[{"damage":8.0,"enemies":"2 Louse","floor":1.0,"turns":3.0},{"damage":1.0,"enemies":"Cultist","floor":5.0,"turns":4.0},{"damage":0.0,"enemies":"Jaw Worm","floor":7.0,"turns":2.0},{"damage":1,"enemies":"Blue Slaver","floor":11,"turns":5},{"damage":12,"enemies":"Lots of Slimes","floor":12,"turns":5},{"damage":3,"enemies":"Red Slaver","floor":14,"turns":4},{"damage":58,"enemies":"Hexaghost","floor":16,"turns":11}],"seed_played":"-1623356701126971771","potions_obtained":[{"floor":5.0,"key":"Ancient Potion"},{"floor":7.0,"key":"FocusPotion"},{"floor":11,"key":"FocusPotion"},{"floor":12,"key":"PowerPotion"}],"is_trial":false,"path_per_floor":["M","?","?","?","M","R","M","R","T","?","M","M","R","M","R"],"character_chosen":"DEFECT","items_purchased":[],"campfire_rested":2,"item_purchase_floors":[],"current_hp_per_floor":[67,67,67,49,48,70,70,70,70,52,51,39,61,58,58,0],"gold":229,"neow_bonus":"RANDOM_COMMON_RELIC","is_prod":false,"is_daily":false,"chose_seed":false,"campfire_upgraded":2,"win_rate":0.0,"timestamp":1534700567,"path_taken":["M","?","?","?","M","R","M","R","T","?","M","M","R","M","R","BOSS"],"build_version":"2018-08-16","purchased_purges":0,"victory":false,"max_hp_per_floor":[75,75,75,75,75,75,75,75,75,75,75,75,75,75,75,75],"card_choices":[{"not_picked":["Compile Driver","Ball Lightning"],"picked":"Conserve Battery","floor":1.0},{"not_picked":["Hello World","Heatsinks"],"picked":"Reinforced Body","floor":5.0},{"not_picked":["Turbo","Storm"],"picked":"Chaos","floor":7.0},{"not_picked":["Rebound","Hologram"],"picked":"Redo","floor":11},{"not_picked":["Doom and Gloom","Steam Power"],"picked":"Leap","floor":12},{"not_picked":["Genetic Algorithm","Ball Lightning"],"picked":"Tempest","floor":14}],"player_experience":26508,"relics_obtained":[],"event_choices":[{"event_name":"Big Fish","player_choice":"Box","floor":2.0,"damage_taken":0.0},{"event_name":"Accursed Blacksmith","player_choice":"Forge","floor":3.0,"damage_taken":0.0},{"event_name":"Golden Idol","player_choice":"Take Damage","floor":4.0,"damage_taken":0.0},{"event_name":"Scrap Ooze","player_choice":"success","floor":10,"damage_taken":18}],"is_beta":false,"boss_relics":[],"items_purged_floors":[],"is_endless":false,"potions_floor_spawned":[5,7,11,12,14],"killed_by":"Hexaghost","ascension_level":0}