{"gold_per_floor":[115,290,308,322,322,9,23,50,50,50,82,82,100,113,113,209,259,277,277,291,291,20,46,46,79,79,92,104,104,104,115,115,215,215,235,246,246,259,259],"floor_reached":39,"playtime":2677,"items_purged":[],"score":455,"play_id":"28da5638-42b3-4237-84d5-6f5e3c89f8bb","local_time":"20181028220106","is_ascension_mode":true,"campfire_choices":[{"floor":10.0,"key":"REST"},{"data":"Defragment","floor":12.0,"key":"SMITH"},{"data":"Chill","floor":15.0,"key":"SMITH"},{"floor":24.0,"key":"REST"},{"floor":30.0,"key":"REST"},{"data":"Seek","floor":32.0,"key":"SMITH"}],"neow_cost":"NONE","seed_source_timestamp":0,"circlet_count":0,"master_deck":["Strike_B+1","Strike_B+1","Strike_B+1","Strike_B+1","Defend_B+1","Defend_B+1","Defend_B+1","Defend_B+1","Zap","Dualcast","Chill+1","Ball Lightning+1","Loop","Glacier","Defragment+1","Hologram","Cold Snap","Compile Driver","Gash","Sunder","Seek+1","Rebound","Scrape","Rainbow","Consume+1","Tempest","Chaos","Gash+1","Doom and Gloom+1","Compile Driver+1","Coolheaded","All For One+1","Beam Cell+1","Beam Cell+1"],"special_seed":0,"relics":["Cracked Core","Meat on the Bone","Bottled Lightning","Emotion Chip","Nunchaku","Tiny House","Chemical X","Bag of Marbles","Molten Egg 2","Omamori","Inserter","Shuriken"],"potions_floor_usage":[],"damage_taken":[{"damage":4.0,"enemies":"Jaw Worm","floor":1.0,"turns":3.0},{"damage":1.0,"enemies":"2 Louse","floor":3.0,"turns":3.0},{"damage":0.0,"enemies":"Small Slimes","floor":4.0,"turns":4.0},{"damage":5.0,"enemies":"Blue Slaver","floor":7.0,"turns":4.0},{"damage":16.0,"enemies":"Lagavulin","floor":8.0,"turns":6.0},{"damage":11.0,"enemies":"3 Sentries","floor":11.0,"turns":7.0},{"damage":1.0,"enemies":"Looter","floor":13.0,"turns":3.0},{"damage":0.0,"enemies":"Lots of Slimes","floor":14.0,"turns":4.0},{"damage":32.0,"enemies":"Hexaghost","floor":16.0,"turns":11.0},{"damage":5.0,"enemies":"Shell Parasite","floor":18.0,"turns":5.0},{"damage":9.0,"enemies":"2 Thieves","floor":20.0,"turns":4.0},{"damage":24.0,"enemies":"Book of Stabbing","floor":23.0,"turns":5.0},{"damage":9.0,"enemies":"Gremlin Leader","floor":25.0,"turns":7.0},{"damage":2.0,"enemies":"3 Cultists","floor":27.0,"turns":4.0},{"damage":20.0,"enemies":"Shelled Parasite and Fungi","floor":28.0,"turns":4.0},{"damage":10.0,"enemies":"Snake Plant","floor":31.0,"turns":4.0},{"damage":65.0,"enemies":"Collector","floor":33.0,"turns":14.0},{"damage":3,"enemies":"3 Darklings","floor":35,"turns":6},{"damage":9,"enemies":"3 Shapes","floor":36,"turns":5},{"damage":26,"enemies":"3 Darklings","floor":38,"turns":5},{"damage":44,"enemies":"Writhing Mass","floor":39,"turns":4}],"seed_played":"1863020087632976364","potions_obtained":[{"floor":8.0,"key":"Ancient Potion"},{"floor":11.0,"key":"SteroidPotion"},{"floor":13.0,"key":"FocusPotion"},{"floor":14.0,"key":"AttackPotion"},{"floor":17.0,"key":"FairyPotion"},{"floor":20.0,"key":"Dexterity Potion"},{"floor":27.0,"key":"Dexterity Potion"},{"floor":28.0,"key":"SmokeBomb"},{"floor":35,"key":"Weak Potion"},{"floor":36,"key":"Energy Potion"}],"is_trial":false,"path_per_floor":["M","?","M","M","?","$","M","E","T","R","E","R","M","M","R","B",null,"M","?","M","?","$","E","R","E","T","M","M","?","R","M","R","B",null,"M","M","T","M"],"character_chosen":"DEFECT","items_purchased":["Meat on the Bone","Defragment","Chemical X","Tempest"],"campfire_rested":3,"item_purchase_floors":[6,6,22,22],"current_hp_per_floor":[71,71,70,70,63,63,58,42,42,64,53,53,52,52,52,32,80,75,75,66,66,66,42,66,57,57,55,47,47,71,61,61,17,80,77,68,68,42,0],"gold":259,"neow_bonus":"THREE_CARDS","is_prod":false,"is_daily":false,"chose_seed":false,"campfire_upgraded":3,"win_rate":0,"timestamp":1540778466,"path_taken":["M","?","M","M","?","$","?","E","T","R","E","R","M","M","R","BOSS","M","?","M","?","$","E","R","E","T","M","M","?","R","M","R","BOSS","M","M","?","?","M"],"build_version":"2018-10-25v2","purchased_purges":0,"victory":false,"max_hp_per_floor":[75,75,75,75,75,75,75,75,75,75,75,75,75,75,75,75,80,80,80,80,80,80,80,80,80,80,80,80,80,80,80,80,80,80,80,80,80,80,80],"card_choices":[{"not_picked":["Leap","Force Field"],"picked":"Chill","floor":0.0},{"not_picked":["Sweeping Beam","Leap"],"picked":"Ball Lightning","floor":1.0},{"not_picked":["Gash","Steam"],"picked":"Loop","floor":3.0},{"not_picked":["Chaos","BootSequence"],"picked":"Glacier","floor":4.0},{"not_picked":["Turbo","Compile Driver"],"picked":"Hologram","floor":7.0},{"not_picked":["Turbo","Biased Cognition"],"picked":"Cold Snap","floor":8.0},{"not_picked":["Steam","Double Energy"],"picked":"Compile Driver","floor":11.0},{"not_picked":["Barrage","Leap"],"picked":"Gash","floor":13.0},{"not_picked":["Buffer","Compile Driver"],"picked":"Sunder","floor":14.0},{"not_picked":["Machine Learning","Hyperbeam"],"picked":"Seek","floor":16.0},{"not_picked":["Barrage","Stack"],"picked":"Rebound","floor":17.0},{"not_picked":["Auto Shields","Beam Cell"],"picked":"Scrape","floor":18.0},{"not_picked":["Scrape+1","Leap"],"picked":"Consume+1","floor":20.0},{"not_picked":["Steam Power","Steam"],"picked":"Chaos","floor":23.0},{"not_picked":["Ball Lightning","Skim"],"picked":"Gash","floor":25.0},{"not_picked":["Steam Power","Fission"],"picked":"Doom and Gloom+1","floor":27.0},{"not_picked":["Redo","Steam Power"],"picked":"Compile Driver+1","floor":28.0},{"not_picked":["Redo+1","Reprogram"],"picked":"Coolheaded","floor":31.0},{"not_picked":["Core Surge+1","Amplify"],"picked":"All For One+1","floor":33.0},{"not_picked":["Hologram","Conserve Battery"],"picked":"Beam Cell+1","floor":35},{"not_picked":["Stack+1","Skim","Streamline+1"],"picked":"SKIP","floor":36},{"not_picked":["Steam","Melter+1"],"picked":"Beam Cell+1","floor":38}],"player_experience":181919,"relics_obtained":[{"floor":8.0,"key":"Bottled Lightning"},{"floor":9.0,"key":"Emotion Chip"},{"floor":11.0,"key":"Nunchaku"},{"floor":23.0,"key":"Bag of Marbles"},{"floor":25.0,"key":"Molten Egg 2"},{"floor":26.0,"key":"Omamori"},{"floor":37,"key":"Shuriken"}],"event_choices":[{"damage_healed":0.0,"max_hp_gain":0.0,"max_hp_loss":0.0,"gold_gain":175.0,"event_name":"Liars Game","player_choice":"AGREE","floor":2.0,"gold_loss":0.0,"damage_taken":0.0,"cards_obtained":["Doubt"]},{"cards_removed":["Doubt"],"damage_healed":0.0,"max_hp_gain":0.0,"max_hp_loss":0.0,"gold_gain":0.0,"event_name":"Golden Wing","player_choice":"Card Removal","floor":5.0,"gold_loss":0.0,"damage_taken":7.0},{"damage_healed":0.0,"max_hp_gain":0.0,"max_hp_loss":0.0,"gold_gain":0.0,"event_name":"Match and Keep!","player_choice":"1 cards matched","floor":19.0,"gold_loss":0.0,"damage_taken":0.0,"cards_obtained":["Rainbow"]},{"damage_healed":0.0,"max_hp_gain":0.0,"max_hp_loss":0.0,"gold_gain":0.0,"event_name":"Vampires","player_choice":"Ignored","floor":21.0,"gold_loss":0.0,"damage_taken":0.0},{"damage_healed":0.0,"max_hp_gain":0.0,"max_hp_loss":0.0,"gold_gain":0.0,"event_name":"Back to Basics","player_choice":"Simplicity","floor":29.0,"gold_loss":0.0,"damage_taken":0.0,"cards_upgraded":["Strike_B","Strike_B","Strike_B","Strike_B","Defend_B","Defend_B","Defend_B","Defend_B"]}],"is_beta":false,"boss_relics":[{"not_picked":["Philosopher\u0027s Stone","Runic Pyramid"],"picked":"Tiny House"},{"not_picked":["Orrery","Empty Cage"],"picked":"Inserter"}],"items_purged_floors":[],"is_endless":false,"potions_floor_spawned":[8,11,13,14,16,20,27,28,31,35,36],"killed_by":"Writhing Mass","ascension_level":1}