{"gold_per_floor":[112,126,126,139,157,157,187,202,202,202,215,229,254,329,329,430,430,447,447,460,477,392,392,419,432,432,459,459,2,2,21,21,121,121,137,137,154,154,168,200,200,230,230,240,240,85,102,112,112,112,112,112,3,38,38],"floor_reached":56,"playtime":2787,"items_purged":["Strike_B","Compile Driver"],"score":1465,"play_id":"efd287b1-101c-4e78-8edf-d9ea8e5fef37","local_time":"20190505151034","is_ascension_mode":true,"campfire_choices":[{"data":"Sweeping Beam","floor":6,"key":"SMITH"},{"data":"Dualcast","floor":10,"key":"SMITH"},{"data":"Capacitor","floor":15,"key":"SMITH"},{"data":"Coolheaded","floor":23,"key":"SMITH"},{"data":"Undo","floor":28,"key":"SMITH"},{"floor":32,"key":"REST"},{"floor":41,"key":"RECALL"},{"floor":45,"key":"REST"},{"data":"Panache","floor":49,"key":"SMITH"},{"data":"Double Energy","floor":52,"key":"SMITH"}],"neow_cost":"NONE","seed_source_timestamp":69272644064262,"circlet_count":0,"master_deck":["Defend_B","Defend_B","Defend_B","Defend_B","Zap+1","Dualcast+1","Coolheaded+1","Undo+1","All For One","Go for the Eyes","Capacitor+1","Steam","Self Repair","True Grit+1","Genetic Algorithm+1","Defragment+1","Steam+1","Capacitor","Defragment","Capacitor","Defragment","Hologram","Machine Learning","Static Discharge+1","Leap+1","Storm+1","Steam+1","Blind","Panache+1","Defragment+1","Cold Snap+1","Double Energy+1","Beam Cell+1","Recycle+1","Storm+1","Go for the Eyes+1"],"relics":["Cracked Core","Symbiotic Virus","Mango","Bottled Tornado","Sozu","Unceasing Top","Happy Flower","Gremlin Horn","The Courier","Mummified Hand","Astrolabe","Emotion Chip","Oddly Smooth Stone","Membership Card","Bag of Preparation","Bronze Scales"],"potions_floor_usage":[5,7,12,27,55,55],"damage_taken":[{"damage":0,"enemies":"Cultist","floor":1,"turns":4},{"damage":0,"enemies":"Small Slimes","floor":2,"turns":2},{"damage":1,"enemies":"Jaw Worm","floor":4,"turns":3},{"damage":23,"enemies":"Gremlin Gang","floor":5,"turns":4},{"damage":2,"enemies":"3 Sentries","floor":7,"turns":2},{"damage":1,"enemies":"2 Fungi Beasts","floor":8,"turns":3},{"damage":0,"enemies":"Large Slime","floor":11,"turns":3},{"damage":18,"enemies":"Exordium Thugs","floor":12,"turns":4},{"damage":0,"enemies":"Gremlin Nob","floor":13,"turns":3},{"damage":22,"enemies":"The Guardian","floor":16,"turns":11},{"damage":7,"enemies":"Shell Parasite","floor":18,"turns":3},{"damage":7,"enemies":"3 Byrds","floor":20,"turns":4},{"damage":30,"enemies":"Cultist and Chosen","floor":21,"turns":6},{"damage":14,"enemies":"Book of Stabbing","floor":24,"turns":6},{"damage":29,"enemies":"Chosen and Byrds","floor":25,"turns":5},{"damage":5,"enemies":"Slavers","floor":27,"turns":5},{"damage":10,"enemies":"Snecko","floor":31,"turns":6},{"damage":0,"enemies":"Champ","floor":33,"turns":16},{"damage":6,"enemies":"3 Darklings","floor":35,"turns":4},{"damage":0,"enemies":"3 Shapes","floor":37,"turns":2},{"damage":1,"enemies":"3 Darklings","floor":39,"turns":3},{"damage":0,"enemies":"Giant Head","floor":40,"turns":6},{"damage":64,"enemies":"Reptomancer","floor":42,"turns":3},{"damage":0,"enemies":"Jaw Worm Horde","floor":44,"turns":2},{"damage":0,"enemies":"Spire Growth","floor":47,"turns":2},{"damage":0,"enemies":"3 Darklings","floor":48,"turns":3},{"damage":8,"enemies":"Time Eater","floor":50,"turns":7},{"damage":0,"enemies":"Shield and Spear","floor":54,"turns":3},{"damage":30,"enemies":"The Heart","floor":55,"turns":6}],"seed_played":"5745467956695866809","potions_obtained":[{"floor":2,"key":"Energy Potion"},{"floor":3,"key":"PowerPotion"},{"floor":3,"key":"FearPotion"},{"floor":5,"key":"AttackPotion"},{"floor":11,"key":"Ancient Potion"},{"floor":13,"key":"Explosive Potion"},{"floor":16,"key":"SpeedPotion"}],"is_trial":false,"path_per_floor":["M","M","?","M","M","R","E","M","T","R","M","M","E","?","R","B",null,"M","?","M","M","?","R","E","M","T","E","R","$","?","M","R","B",null,"M","?","M","?","M","E","R","E","T","M","R","$","M","M","R","B",null,"R","$","E","B",null],"character_chosen":"DEFECT","items_purchased":["Mummified Hand","Defragment","Capacitor","Defragment","Hologram","Membership Card","Bag of Preparation"],"campfire_rested":2,"item_purchase_floors":[29,29,29,29,29,46,53],"current_hp_per_floor":[75,75,75,74,51,51,49,48,62,62,62,44,44,33,33,11,89,82,82,82,59,59,59,52,30,30,32,32,32,32,29,55,62,89,89,79,86,86,89,89,89,32,32,39,65,65,65,72,72,71,89,89,89,89,66],"gold":38,"neow_bonus":"UPGRADE_CARD","is_prod":false,"is_daily":false,"chose_seed":false,"campfire_upgraded":7,"win_rate":0,"timestamp":1557083434,"path_taken":["M","M","?","M","M","R","E","M","T","R","M","?","E","?","R","BOSS","M","?","?","M","?","R","E","M","T","E","R","$","?","?","R","BOSS","M","?","M","?","M","E","R","E","T","M","R","$","M","M","R","BOSS","R","$","E","BOSS"],"build_version":"2019-04-23","purchased_purges":2,"victory":true,"max_hp_per_floor":[75,75,75,75,75,75,75,75,89,89,89,89,89,89,89,89,89,89,89,89,89,89,89,89,89,89,89,89,89,89,89,89,89,89,89,89,89,89,89,89,89,89,89,89,89,89,89,89,89,89,89,89,89,89,89],"card_choices":[{"not_picked":["Leap","Chaos"],"picked":"Coolheaded","floor":1},{"not_picked":["Auto Shields","Rebound"],"picked":"Sweeping Beam","floor":2},{"not_picked":["Hologram","Cold Snap"],"picked":"Compile Driver","floor":4},{"not_picked":["White Noise","Redo"],"picked":"Undo","floor":5},{"not_picked":["Compile Driver","Darkness"],"picked":"All For One","floor":7},{"not_picked":["Compile Driver","Blizzard","Leap"],"picked":"SKIP","floor":8},{"not_picked":["Streamline","Conserve Battery"],"picked":"Go for the Eyes","floor":11},{"not_picked":["Sunder","Rip and Tear"],"picked":"Capacitor","floor":12},{"not_picked":["Reprogram","Go for the Eyes"],"picked":"Steam","floor":13},{"not_picked":["Reboot","Fission"],"picked":"Core Surge","floor":16},{"not_picked":["Force Field+1","Stack"],"picked":"Self Repair","floor":18},{"not_picked":["White Noise","Steam Power","Steam"],"picked":"SKIP","floor":20},{"not_picked":["Reinforced Body+1","Steam+1"],"picked":"Genetic Algorithm+1","floor":21},{"not_picked":["Turbo","Capacitor+1"],"picked":"Defragment+1","floor":24},{"not_picked":["Rebound","Go for the Eyes"],"picked":"Steam+1","floor":25},{"not_picked":["Lockon","Stack+1"],"picked":"Capacitor","floor":27},{"not_picked":["Gash","Beam Cell+1","Genetic Algorithm"],"picked":"SKIP","floor":31},{"not_picked":["Rainbow","Thunder Strike"],"picked":"Machine Learning","floor":33},{"not_picked":["Rebound","Ball Lightning"],"picked":"Steam+1","floor":35},{"not_picked":["Mind Blast","Magnetism"],"picked":"Blind","floor":36},{"not_picked":["Magnetism","Impatience"],"picked":"Panache","floor":36},{"not_picked":["Conserve Battery+1","Sunder","Blizzard+1"],"picked":"SKIP","floor":37},{"not_picked":["Lockon+1","Redo+1"],"picked":"Defragment+1","floor":39},{"not_picked":["Coolheaded","Consume+1"],"picked":"Cold Snap+1","floor":40},{"not_picked":["Leap+1","Streamline+1"],"picked":"Double Energy","floor":42},{"not_picked":["Steam","Consume+1"],"picked":"Beam Cell+1","floor":44},{"not_picked":["Ball Lightning","Consume"],"picked":"Recycle+1","floor":47},{"not_picked":["Coolheaded","Conserve Battery+1"],"picked":"Storm+1","floor":48},{"not_picked":["Storm","Stack+1"],"picked":"Go for the Eyes+1","floor":54}],"player_experience":1391630,"relics_obtained":[{"floor":7,"key":"Symbiotic Virus"},{"floor":9,"key":"Mango"},{"floor":13,"key":"Bottled Tornado"},{"floor":24,"key":"Happy Flower"},{"floor":26,"key":"Gremlin Horn"},{"floor":27,"key":"The Courier"},{"floor":40,"key":"Emotion Chip"},{"floor":42,"key":"Oddly Smooth Stone"},{"floor":54,"key":"Bronze Scales"}],"event_choices":[{"damage_healed":0,"gold_gain":0,"player_choice":"Got Potions","damage_taken":0,"max_hp_gain":0,"max_hp_loss":0,"event_name":"Lab","floor":3,"gold_loss":0},{"damage_healed":0,"gold_gain":75,"player_choice":"Gather Gold","damage_taken":11,"max_hp_gain":0,"max_hp_loss":0,"event_name":"World of Goop","floor":14,"gold_loss":0},{"cards_removed":["Core Surge"],"damage_healed":0,"gold_gain":0,"player_choice":"Took Card","damage_taken":0,"max_hp_gain":0,"max_hp_loss":0,"event_name":"NoteForYourself","floor":19,"gold_loss":0,"cards_obtained":["True Grit"]},{"damage_healed":0,"gold_gain":0,"player_choice":"Obtained Relic","damage_taken":0,"relics_obtained":["Unceasing Top"],"max_hp_gain":0,"max_hp_loss":0,"event_name":"Addict","floor":22,"gold_loss":85},{"damage_healed":0,"gold_gain":0,"player_choice":"Ignored","damage_taken":0,"max_hp_gain":0,"max_hp_loss":0,"event_name":"Beggar","floor":30,"gold_loss":0},{"damage_healed":0,"gold_gain":0,"player_choice":"Memory 3","damage_taken":10,"max_hp_gain":0,"max_hp_loss":0,"event_name":"SensoryStone","floor":36,"gold_loss":0},{"cards_removed":["Sweeping Beam"],"damage_healed":0,"gold_gain":0,"player_choice":"Removed Attack","damage_taken":0,"max_hp_gain":0,"max_hp_loss":0,"event_name":"Falling","floor":38,"gold_loss":0}],"is_beta":true,"boss_relics":[{"not_picked":["Empty Cage","Tiny House"],"picked":"Sozu"},{"not_picked":["Eternal Feather","Velvet Choker"],"picked":"Astrolabe"}],"items_purged_floors":[29,53],"is_endless":false,"potions_floor_spawned":[2,5,11,13,16,21,25,27,33,37,42,44,47],"ascension_level":1}