{"gold_per_floor":[215,115,190,190,190,190,220,220,246,246,211,211,235,246,246,351,351,363,383,401,268,278,278,297,212,237,237,255,255,306,306,306,405,405,419,419,419,438,52,52,64,12,82,82,95,120,120,139,139,139],"floor_reached":51,"playtime":2993,"items_purged":["Writhe"],"score":646,"play_id":"71de0ece-6f95-4b10-a6ba-1a2bcd09416f","local_time":"20190422153738","is_ascension_mode":false,"campfire_choices":[{"data":"Zap","floor":6.0,"key":"SMITH"},{"floor":8.0,"key":"REST"},{"data":"Reprogram","floor":10.0,"key":"SMITH"},{"data":"Beam Cell","floor":12.0,"key":"SMITH"},{"data":"Dualcast","floor":15.0,"key":"SMITH"},{"floor":23.0,"key":"REST"},{"floor":27.0,"key":"REST"},{"data":"Defragment","floor":32.0,"key":"SMITH"},{"floor":40.0,"key":"REST"},{"floor":49.0,"key":"REST"}],"neow_cost":"NONE","seed_source_timestamp":939861955510740,"circlet_count":0,"master_deck":["Strike_B+1","Strike_B","Strike_B","Defend_B","Defend_B+1","Defend_B+1","Defend_B","Zap+1","Dualcast+1","Reprogram+1","Gash+1","Sweeping Beam","Beam Cell+1","Skim","Seek","Defragment+1","Go for the Eyes+1","Beam Cell","Turbo","Conserve Battery","Sunder","Chill+1","Beam Cell","Core Surge","Hologram+1","Conserve Battery+1","Reboot","Capacitor+1","Coolheaded","Parasite","Hologram+1","Skim+1","Doubt","Compile Driver"],"special_seed":0,"relics":["Cracked Core","Whetstone","Bronze Scales","Juzu Bracelet","Runic Pyramid","Anchor","Oddly Smooth Stone","Lantern","PreservedInsect","Cursed Key","Art of War","Frozen Egg 2","Shuriken"],"potions_floor_usage":[50],"damage_taken":[{"damage":0.0,"enemies":"Cultist","floor":1.0,"turns":4.0},{"damage":10.0,"enemies":"Gremlin Nob","floor":7.0,"turns":4.0},{"damage":0.0,"enemies":"Small Slimes","floor":14.0,"turns":2.0},{"damage":24.0,"enemies":"Slime Boss","floor":16.0,"turns":10.0},{"damage":7.0,"enemies":"Spheric Guardian","floor":18.0,"turns":3.0},{"damage":20.0,"enemies":"3 Byrds","floor":19.0,"turns":3.0},{"damage":18.0,"enemies":"Snake Plant","floor":20.0,"turns":4.0},{"damage":2.0,"enemies":"Snecko","floor":22.0,"turns":4.0},{"damage":4.0,"enemies":"3 Cultists","floor":24.0,"turns":5.0},{"damage":0.0,"enemies":"Centurion and Healer","floor":28.0,"turns":6.0},{"damage":15.0,"enemies":"Collector","floor":33.0,"turns":13.0},{"damage":26.0,"enemies":"3 Shapes","floor":35.0,"turns":7.0},{"damage":5.0,"enemies":"Orb Walker","floor":38.0,"turns":3.0},{"damage":16.0,"enemies":"Jaw Worm Horde","floor":41.0,"turns":4.0},{"damage":0.0,"enemies":"Transient","floor":45.0,"turns":5.0},{"damage":29.0,"enemies":"Nemesis","floor":46.0,"turns":9.0},{"damage":24.0,"enemies":"3 Darklings","floor":48.0,"turns":5.0},{"damage":28,"enemies":"Donu and Deca","floor":50,"turns":10}],"seed_played":"-7225963292086443297","potions_obtained":[{"floor":1.0,"key":"Weak Potion"},{"floor":14.0,"key":"Poison Potion"},{"floor":19.0,"key":"Energy Potion"},{"floor":22.0,"key":"AttackPotion"},{"floor":24.0,"key":"LiquidBronze"},{"floor":35.0,"key":"Strength Potion"},{"floor":41.0,"key":"Weak Potion"}],"is_trial":false,"path_per_floor":["M","$","?","?","?","R","E","R","T","R","?","R","T","M","R","B",null,"M","M","M","$","M","R","M","?","T","R","M","?","T","?","R","B",null,"M","?","?","M","$","R","M","$","T","?","M","E","?","M","R","B",null],"character_chosen":"DEFECT","items_purchased":["Gash","Sweeping Beam","Turbo","Conserve Battery","Sunder","Art of War","Reboot","Coolheaded"],"campfire_rested":5,"item_purchase_floors":[2,2,21,21,21,39,39,42],"current_hp_per_floor":[75,75,64,64,49,49,39,61,61,61,75,75,75,75,75,51,75,68,48,30,30,28,50,46,46,46,68,68,68,68,68,68,53,75,49,49,49,44,44,65,49,49,49,49,49,20,71,47,68,40],"gold":139,"neow_bonus":"HUNDRED_GOLD","is_prod":false,"is_daily":false,"chose_seed":false,"campfire_upgraded":5,"win_rate":0,"timestamp":1555961858,"path_taken":["M","$","?","?","?","R","E","R","T","R","?","R","?","M","R","BOSS","M","M","M","$","M","R","M","?","T","R","M","?","?","?","R","BOSS","M","?","?","M","$","R","M","?","T","?","M","E","?","M","R","BOSS"],"build_version":"2019-01-23","purchased_purges":1,"victory":true,"max_hp_per_floor":[75,75,75,75,75,75,75,75,75,75,75,75,75,75,75,75,75,75,75,75,75,75,75,75,75,75,75,75,75,75,75,75,75,75,75,75,71,71,71,71,71,71,71,71,71,71,71,71,71,71],"card_choices":[{"not_picked":["Doom and Gloom","Redo"],"picked":"Reprogram","floor":1.0},{"not_picked":["Loop","Fission"],"picked":"Beam Cell","floor":7.0},{"not_picked":["Gash","White Noise"],"picked":"Skim","floor":14.0},{"not_picked":["Biased Cognition","Multi-Cast"],"picked":"Seek","floor":16.0},{"not_picked":["Redo","Melter"],"picked":"Defragment","floor":18.0},{"not_picked":["Sweeping Beam","Streamline+1"],"picked":"Go for the Eyes+1","floor":19.0},{"not_picked":["Cold Snap","Barrage"],"picked":"Beam Cell","floor":20.0},{"not_picked":["Heatsinks","Leap"],"picked":"Chill+1","floor":22.0},{"not_picked":["Loop+1","Ball Lightning","Streamline"],"picked":"SKIP","floor":24.0},{"not_picked":["Barrage+1","Lockon"],"picked":"Beam Cell","floor":28.0},{"not_picked":["Machine Learning","Electrodynamics"],"picked":"Core Surge","floor":33.0},{"not_picked":["Rebound","Heatsinks"],"picked":"Hologram+1","floor":35.0},{"not_picked":["Ball Lightning+1","Streamline+1"],"picked":"Conserve Battery+1","floor":38.0},{"not_picked":["Glacier+1","Coolheaded"],"picked":"Capacitor+1","floor":41.0},{"not_picked":["Turbo+1","Cold Snap"],"picked":"Hologram+1","floor":45.0},{"not_picked":["Turbo","Beam Cell+1"],"picked":"Skim+1","floor":46.0},{"not_picked":["Storm+1","Lockon"],"picked":"Compile Driver","floor":48.0}],"player_experience":221635,"relics_obtained":[{"floor":7.0,"key":"Whetstone"},{"floor":9.0,"key":"Bronze Scales"},{"floor":13.0,"key":"Juzu Bracelet"},{"floor":26.0,"key":"Oddly Smooth Stone"},{"floor":30.0,"key":"Lantern"},{"floor":43.0,"key":"Frozen Egg 2"},{"floor":46.0,"key":"Shuriken"}],"event_choices":[{"damage_healed":0.0,"max_hp_gain":0.0,"max_hp_loss":0.0,"gold_gain":75.0,"event_name":"World of Goop","player_choice":"Gather Gold","floor":3.0,"gold_loss":0.0,"damage_taken":11.0},{"damage_healed":0.0,"max_hp_gain":0.0,"max_hp_loss":0.0,"gold_gain":0.0,"event_name":"Golden Wing","player_choice":"Ignored","floor":4.0,"gold_loss":0.0,"damage_taken":0.0},{"damage_healed":0.0,"max_hp_gain":0.0,"max_hp_loss":0.0,"gold_gain":0.0,"event_name":"Shining Light","player_choice":"Entered Light","floor":5.0,"gold_loss":0.0,"damage_taken":15.0,"cards_upgraded":["Defend_B","Defend_B"]},{"damage_healed":18.0,"max_hp_gain":0.0,"max_hp_loss":0.0,"gold_gain":0.0,"event_name":"The Cleric","player_choice":"Healed","floor":11.0,"gold_loss":35.0,"damage_taken":0.0},{"damage_healed":0.0,"max_hp_gain":0.0,"max_hp_loss":0.0,"gold_gain":0.0,"event_name":"Addict","player_choice":"Obtained Relic","floor":25.0,"gold_loss":85.0,"damage_taken":0.0,"relics_obtained":["Anchor"]},{"damage_healed":0.0,"max_hp_gain":0.0,"max_hp_loss":0.0,"gold_gain":0.0,"event_name":"Vampires","player_choice":"Ignored","floor":29.0,"gold_loss":0.0,"damage_taken":0.0},{"damage_healed":0.0,"max_hp_gain":0.0,"max_hp_loss":0.0,"gold_gain":0.0,"event_name":"The Mausoleum","player_choice":"Opened","floor":31.0,"gold_loss":0.0,"damage_taken":0.0,"relics_obtained":["PreservedInsect"],"cards_obtained":["Writhe"]},{"cards_removed":["Strike_B"],"damage_healed":0.0,"max_hp_gain":0.0,"max_hp_loss":0.0,"gold_gain":0.0,"event_name":"Falling","player_choice":"Removed Attack","floor":36.0,"gold_loss":0.0,"damage_taken":0.0},{"damage_healed":0.0,"max_hp_gain":0.0,"max_hp_loss":4.0,"gold_gain":0.0,"event_name":"Winding Halls","player_choice":"Max HP","floor":37.0,"gold_loss":0.0,"damage_taken":0.0},{"damage_healed":0.0,"max_hp_gain":0.0,"max_hp_loss":0.0,"gold_gain":0.0,"event_name":"The Woman in Blue","player_choice":"Bought 0 Potions","floor":44.0,"gold_loss":0.0,"damage_taken":0.0},{"damage_healed":51.0,"max_hp_gain":0.0,"max_hp_loss":0.0,"gold_gain":0.0,"event_name":"MindBloom","player_choice":"Heal","floor":47.0,"gold_loss":0.0,"damage_taken":0.0,"cards_obtained":["Doubt"]}],"is_beta":false,"boss_relics":[{"not_picked":["Coffee Dripper","Pandora\u0027s Box"],"picked":"Runic Pyramid"},{"not_picked":["Calling Bell","Sozu"],"picked":"Cursed Key"}],"items_purged_floors":[39],"is_endless":false,"potions_floor_spawned":[1,14,19,22,24,35,41],"ascension_level":0}