{"gold_per_floor":[117,117,137,62,62,88,102,102,149,179,53,53,65,79,79,179,179,194,208,133,408,263,292,311,311],"floor_reached":25,"playtime":1021,"items_purged":["Strike_B","Regret"],"score":413,"play_id":"5e877b63-40f1-462f-b543-fddfe4a0ddd5","local_time":"20190418140146","is_ascension_mode":true,"campfire_choices":[{"data":"Doom and Gloom","floor":8,"key":"SMITH"},{"data":"Self Repair","floor":12,"key":"SMITH"},{"data":"Zap","floor":15,"key":"SMITH"}],"neow_cost":"NONE","seed_source_timestamp":1707553178692646,"circlet_count":0,"master_deck":["Strike_B","Defend_B","Defend_B","Defend_B","Defend_B","Zap+1","Dualcast","Coolheaded","Buffer+1","Doom and Gloom+1","BootSequence","Capacitor","Hologram","Self Repair+1","Ball Lightning","Multi-Cast","Conserve Battery","Fission","Leap+1","Redo","Barrage","Hologram+1"],"relics":["Cracked Core","NeowsBlessing","Lantern","Blood Vial","Mango","Inserter","Centennial Puzzle"],"potions_floor_usage":[23,23,25],"damage_taken":[{"damage":0,"enemies":"Jaw Worm","floor":1,"turns":1},{"damage":0,"enemies":"Cultist","floor":3,"turns":1},{"damage":0,"enemies":"Lagavulin","floor":6,"turns":1},{"damage":0,"enemies":"Small Slimes","floor":7,"turns":4},{"damage":17,"enemies":"3 Sentries","floor":10,"turns":6},{"damage":0,"enemies":"3 Louse","floor":13,"turns":1},{"damage":0,"enemies":"Red Slaver","floor":14,"turns":4},{"damage":0,"enemies":"Slime Boss","floor":16,"turns":6},{"damage":10,"enemies":"2 Thieves","floor":18,"turns":3},{"damage":0,"enemies":"Chosen","floor":19,"turns":3},{"damage":18,"enemies":"Gremlin Leader","floor":23,"turns":8},{"damage":71,"enemies":"3 Cultists","floor":24,"turns":5},{"damage":21,"enemies":"Snake Plant","floor":25,"turns":4}],"seed_played":"6119715186718855323","potions_obtained":[{"floor":6,"key":"Strength Potion"},{"floor":7,"key":"SneckoOil"},{"floor":16,"key":"Poison Potion"},{"floor":19,"key":"Dexterity Potion"}],"is_trial":false,"path_per_floor":["M","?","M","$","?","E","M","R","T","E","$","R","M","M","R","B",null,"M","M","?","?","$","E","M","M"],"character_chosen":"DEFECT","items_purchased":["Self Repair","Ball Lightning","Redo"],"campfire_rested":0,"item_purchase_floors":[11,11,22],"current_hp_per_floor":[68,68,68,68,68,68,68,68,68,67,67,67,69,81,81,89,89,79,89,89,89,89,81,12,0],"gold":311,"neow_bonus":"THREE_ENEMY_KILL","is_prod":false,"is_daily":false,"chose_seed":false,"campfire_upgraded":3,"win_rate":0,"timestamp":1555563706,"path_taken":["M","?","?","$","?","E","M","R","T","E","$","R","M","M","R","BOSS","M","M","?","?","$","E","?","M"],"build_version":"2019-01-23","purchased_purges":2,"victory":false,"max_hp_per_floor":[75,75,75,75,75,75,75,75,75,89,89,89,89,89,89,89,89,89,89,89,89,89,89,89,89],"card_choices":[{"not_picked":["Conserve Battery","Hologram"],"picked":"Coolheaded","floor":1},{"not_picked":["Darkness","Hologram"],"picked":"Doom and Gloom","floor":3},{"not_picked":["Chaos","Leap"],"picked":"BootSequence","floor":6},{"not_picked":["Leap","Tempest"],"picked":"Capacitor","floor":7},{"not_picked":["Go for the Eyes","Steam Power"],"picked":"Hologram","floor":10},{"not_picked":["Ball Lightning","Static Discharge"],"picked":"Multi-Cast","floor":13},{"not_picked":["Barrage","Force Field"],"picked":"Conserve Battery","floor":14},{"not_picked":["All For One","Amplify"],"picked":"Fission","floor":16},{"not_picked":["Aggregate","Gash+1","Ball Lightning"],"picked":"SKIP","floor":18},{"not_picked":["Streamline","Compile Driver"],"picked":"Leap+1","floor":19},{"not_picked":["FTL","Machine Learning"],"picked":"Barrage","floor":23},{"not_picked":["Gash+1","Compile Driver"],"picked":"Hologram+1","floor":24}],"player_experience":236865,"relics_obtained":[{"floor":6,"key":"Lantern"},{"floor":9,"key":"Blood Vial"},{"floor":10,"key":"Mango"},{"floor":23,"key":"Centennial Puzzle"}],"event_choices":[{"damage_healed":0,"gold_gain":0,"cards_transformed":["Strike_B"],"player_choice":"Transformed","damage_taken":0,"max_hp_gain":0,"max_hp_loss":0,"event_name":"Transmorgrifier","floor":2,"gold_loss":0,"cards_obtained":["Buffer"]},{"damage_healed":0,"gold_gain":0,"player_choice":"Grow","damage_taken":0,"max_hp_gain":0,"max_hp_loss":0,"event_name":"Living Wall","floor":5,"gold_loss":0,"cards_upgraded":["Buffer"]},{"cards_removed":["Strike_B"],"damage_healed":0,"gold_gain":0,"player_choice":"Gave Gold","damage_taken":0,"max_hp_gain":0,"max_hp_loss":0,"event_name":"Beggar","floor":20,"gold_loss":75},{"damage_healed":0,"gold_gain":275,"player_choice":"Desecrate","damage_taken":0,"max_hp_gain":0,"max_hp_loss":0,"event_name":"Golden Shrine","floor":21,"gold_loss":0,"cards_obtained":["Regret"]}],"is_beta":false,"boss_relics":[{"not_picked":["Runic Pyramid","Lizard Tail"],"picked":"Inserter"}],"items_purged_floors":[4,22],"is_endless":false,"potions_floor_spawned":[6,7,16,19],"killed_by":"Snake Plant","ascension_level":7}