{"gold_per_floor":[116,81,42,55,55,55,125,140,140,158,176,176,186,220,220,322,322,342,267,281,291,291,326,147,147,147,147,18,18,32,47,47,143,143,153,153,153,165,176,176,176,176,176,176,24,38,58,58,58,58],"floor_reached":51,"playtime":6664,"items_purged":[],"score":717,"play_id":"25968ec9-0878-460e-9535-723412720227","local_time":"20180901152615","is_ascension_mode":false,"campfire_choices":[{"data":"Zap","floor":6.0,"key":"SMITH"},{"floor":12.0,"key":"REST"},{"data":"Static Discharge","floor":15.0,"key":"SMITH"},{"data":"Thunder Strike","floor":25,"key":"SMITH"},{"floor":32,"key":"REST"},{"floor":40,"key":"REST"},{"floor":44,"key":"REST"},{"floor":49,"key":"REST"}],"neow_cost":"NONE","seed_source_timestamp":1277138324493154,"circlet_count":0,"master_deck":["Strike_B+1","Strike_B+1","Defend_B","Defend_B","Defend_B","Zap+1","Dualcast","Thunder Strike+1","Self Repair","Sunder+1","Conserve Battery","Static Discharge+1","Auto Shields","Double Energy","Reboot","Lockon+1","Steam","Loop","Conserve Battery","Ball Lightning","Redo","Static Discharge","Leap","Static Discharge","Ball Lightning","Reboot","Ball Lightning+1","Reprogram+1","Ball Lightning+1","Stack+1","Madness","Madness","Discovery","Panache","Steam","Deep Breath","Rebound+1","Steam","Doom and Gloom"],"special_seed":0,"relics":["Cracked Core","Shuriken","Nunchaku","Velvet Choker","Lantern","Whetstone","Matryoshka","Lizard Tail","Shovel","Pantograph","Bottled Tornado"],"potions_floor_usage":[23,33,47,50,50],"damage_taken":[{"damage":8.0,"enemies":"2 Louse","floor":1.0,"turns":3.0},{"damage":0.0,"enemies":"Small Slimes","floor":4.0,"turns":2.0},{"damage":0.0,"enemies":"Cultist","floor":8.0,"turns":2.0},{"damage":11.0,"enemies":"Lots of Slimes","floor":10.0,"turns":3.0},{"damage":7.0,"enemies":"Blue Slaver","floor":11.0,"turns":2.0},{"damage":7.0,"enemies":"2 Fungi Beasts","floor":13.0,"turns":4.0},{"damage":17.0,"enemies":"3 Sentries","floor":14.0,"turns":6.0},{"damage":18.0,"enemies":"Slime Boss","floor":16.0,"turns":7.0},{"damage":0.0,"enemies":"Chosen","floor":18.0,"turns":4.0},{"damage":20,"enemies":"2 Thieves","floor":20,"turns":3},{"damage":16,"enemies":"Snake Plant","floor":21,"turns":2},{"damage":22,"enemies":"Slavers","floor":23,"turns":4},{"damage":13,"enemies":"3 Cultists","floor":30,"turns":4},{"damage":16,"enemies":"Centurion and Healer","floor":31,"turns":9},{"damage":48,"enemies":"Champ","floor":33,"turns":9},{"damage":24,"enemies":"Orb Walker","floor":35,"turns":4},{"damage":12,"enemies":"Mind Bloom Boss Battle","floor":37,"turns":8},{"damage":33,"enemies":"3 Darklings","floor":38,"turns":6},{"damage":55,"enemies":"Transient","floor":39,"turns":5},{"damage":25,"enemies":"Sphere and 2 Shapes","floor":46,"turns":4},{"damage":21,"enemies":"Spire Growth","floor":47,"turns":6},{"damage":81,"enemies":"Donu and Deca","floor":50,"turns":6}],"seed_played":"8027397419539510556","potions_obtained":[{"floor":10.0,"key":"Block Potion"},{"floor":13.0,"key":"Energy Potion"},{"floor":16.0,"key":"Weak Potion"},{"floor":20,"key":"Weak Potion"},{"floor":23,"key":"Fruit Juice"},{"floor":30,"key":"Strength Potion"},{"floor":37,"key":"Ancient Potion"}],"is_trial":false,"path_per_floor":["M","?","$","M","?","R","?","M","T","M","M","R","M","E","R","B",null,"M","?","M","M","?","E","$","R","T","?","$","$","M","M","R","B",null,"M","?","?","M","M","R","?","?","T","R","$","M","M","?","R","B"],"character_chosen":"DEFECT","items_purchased":["Sunder","Whetstone","Redo","Static Discharge","Leap","Steam","Deep Breath"],"campfire_rested":5,"item_purchase_floors":[3,24,24,28,28,45,45],"current_hp_per_floor":[67,75,75,75,60,60,60,60,60,56,49,71,71,61,61,50,75,75,75,55,39,85,75,75,75,75,75,75,75,69,60,87,39,90,73,73,68,42,52,79,68,63,63,90,90,65,51,51,78,9],"gold":58,"neow_bonus":"ONE_RANDOM_RARE_CARD","is_prod":false,"is_daily":false,"chose_seed":false,"campfire_upgraded":3,"win_rate":0,"timestamp":1535829975,"path_taken":["M","?","?","?","?","R","?","M","T","M","M","R","?","E","R","BOSS","M","?","?","M","?","E","$","R","T","?","?","$","M","?","R","BOSS","M","?","?","?","M","R","?","?","T","R","$","?","M","?","R","BOSS"],"build_version":"2018-08-30","purchased_purges":0,"victory":true,"max_hp_per_floor":[75,75,75,75,75,75,75,75,75,75,75,75,75,75,75,75,75,75,75,75,75,85,90,90,90,90,90,90,90,90,90,90,90,90,90,90,90,90,90,90,90,90,90,90,90,90,90,90,90,90],"card_choices":[{"not_picked":["Sweeping Beam","Streamline"],"picked":"Self Repair","floor":1.0},{"not_picked":["Go for the Eyes","Hologram"],"picked":"Conserve Battery","floor":4.0},{"not_picked":["Steam Power","Melter"],"picked":"Static Discharge","floor":8.0},{"not_picked":["Scrape","Storm"],"picked":"Auto Shields","floor":10.0},{"not_picked":["FTL","Coolheaded"],"picked":"Double Energy","floor":11.0},{"not_picked":["Barrage","Stack"],"picked":"Reboot","floor":13.0},{"not_picked":["Gash","Compile Driver"],"picked":"Lockon","floor":14.0},{"not_picked":["Machine Learning","Fission"],"picked":"Thunder Strike","floor":16.0},{"not_picked":["Stack","Compile Driver+1"],"picked":"Steam","floor":18.0},{"not_picked":["Cold Snap","Self Repair"],"picked":"Loop","floor":20},{"not_picked":["Redo","Hologram"],"picked":"Conserve Battery","floor":21},{"not_picked":["Biased Cognition","Core Surge"],"picked":"Ball Lightning","floor":23},{"not_picked":["Turbo+1","Compile Driver"],"picked":"Static Discharge","floor":30},{"not_picked":["Hyperbeam","Barrage"],"picked":"Ball Lightning","floor":31},{"not_picked":["Biased Cognition","Meteor Strike"],"picked":"Reboot","floor":33},{"not_picked":["Doom and Gloom","Streamline"],"picked":"Ball Lightning+1","floor":35},{"not_picked":["Aggregate","Rip and Tear+1"],"picked":"Reprogram+1","floor":37},{"not_picked":["Steam Power+1","Redo"],"picked":"Ball Lightning+1","floor":38},{"not_picked":["Turbo+1","Doom and Gloom"],"picked":"Stack+1","floor":39},{"not_picked":["Secret Technique","Swift Strike"],"picked":"Discovery","floor":42},{"not_picked":["Good Instincts","Flash of Steel"],"picked":"Panache","floor":42},{"not_picked":["Streamline","Beam Cell"],"picked":"Rebound+1","floor":46},{"not_picked":["Reprogram+1","Cold Snap"],"picked":"Steam","floor":47}],"player_experience":93242,"relics_obtained":[{"floor":9.0,"key":"Shuriken"},{"floor":14.0,"key":"Nunchaku"},{"floor":23,"key":"Lantern"},{"floor":26,"key":"Matryoshka"},{"floor":37,"key":"Shovel"},{"floor":43,"key":"Pantograph"},{"floor":43,"key":"Bottled Tornado"}],"event_choices":[{"event_name":"The Cleric","player_choice":"Healed","floor":2.0,"damage_taken":0.0},{"event_name":"Shining Light","player_choice":"Entered Light","floor":5.0,"damage_taken":0.0},{"event_name":"Golden Wing","player_choice":"Gained Gold","floor":7.0,"damage_taken":0.0},{"event_name":"Beggar","player_choice":"Gave Gold","floor":19,"damage_taken":0},{"event_name":"Bonfire Elementals","player_choice":"RARE","floor":22,"damage_taken":0},{"event_name":"Ghosts","player_choice":"Ignored","floor":27,"damage_taken":0},{"event_name":"Purifier","player_choice":"One Purge","floor":36,"damage_taken":0},{"event_name":"MindBloom","player_choice":"Fight","floor":37,"damage_taken":0},{"event_name":"Winding Halls","player_choice":"Embrace Madness","floor":41,"damage_taken":0},{"event_name":"SensoryStone","player_choice":"Memory 2","floor":42,"damage_taken":0},{"event_name":"Transmorgrifier","player_choice":"Transform","floor":48,"damage_taken":0}],"is_beta":false,"boss_relics":[{"not_picked":["Empty Cage","Black Star"],"picked":"Velvet Choker"},{"not_picked":["Runic Dome","Coffee Dripper"],"picked":"Lizard Tail"}],"items_purged_floors":[],"is_endless":false,"potions_floor_spawned":[10,13,16,20,23,30,31,37],"ascension_level":0}