{"gold_per_floor":[118,135,135,153,153,153,37,47,47,47,58,233,233,233,233,335,335,353,353,353,368,368,397,410,410,410,426,443,458,471,471,471,471],"floor_reached":33,"playtime":3001,"items_purged":[],"score":259,"play_id":"93e49488-986c-47b0-939a-305c4934b07b","local_time":"20180817203351","is_ascension_mode":false,"campfire_choices":[{"data":"Dualcast","floor":6,"key":"SMITH"},{"data":"1","floor":13,"key":"LIFT"},{"data":"Cold Snap","floor":15,"key":"SMITH"},{"floor":25,"key":"REST"},{"floor":32,"key":"REST"}],"neow_cost":"","seed_source_timestamp":3173918311850,"circlet_count":0,"master_deck":["Strike_B","Strike_B","Strike_B","Strike_B","Defend_B","Defend_B","Defend_B","Defend_B","Zap+1","Dualcast+1","Self Repair","Electrodynamics+1","Sweeping Beam","Go for the Eyes","Cold Snap+1","Dark Shackles","Leap","Redo","Doubt","Fission","Conserve Battery","Chaos","Doom and Gloom","Capacitor","Cold Snap+1","Redo","Blizzard","Hologram","Darkness"],"relics":["FrozenCore","Girya","Gambling Chip","Lantern","Blood Vial"],"potions_floor_usage":[16,21,23,33,33],"damage_taken":[{"damage":8,"enemies":"Jaw Worm","floor":1,"turns":3},{"damage":1,"enemies":"Cultist","floor":2,"turns":4},{"damage":4,"enemies":"2 Louse","floor":4,"turns":4},{"damage":9,"enemies":"Gremlin Gang","floor":8,"turns":3},{"damage":0,"enemies":"Exordium Thugs","floor":11,"turns":4},{"damage":60,"enemies":"Slime Boss","floor":16,"turns":11},{"damage":4,"enemies":"Shell Parasite","floor":18,"turns":11},{"damage":20,"enemies":"Spheric Guardian","floor":21,"turns":4},{"damage":27,"enemies":"Slavers","floor":23,"turns":3},{"damage":15,"enemies":"3 Cultists","floor":24,"turns":5},{"damage":21,"enemies":"Snecko","floor":27,"turns":7},{"damage":5,"enemies":"Centurion and Healer","floor":28,"turns":6},{"damage":3,"enemies":"Cultist and Chosen","floor":29,"turns":4},{"damage":21,"enemies":"Snake Plant","floor":30,"turns":5},{"damage":31,"enemies":"Champ","floor":33,"turns":7}],"seed_played":"-688653649347079507","potions_obtained":[{"floor":2,"key":"Block Potion"},{"floor":8,"key":"SneckoOil"},{"floor":16,"key":"Weak Potion"},{"floor":18,"key":"AttackPotion"},{"floor":21,"key":"SpeedPotion"},{"floor":28,"key":"PowerPotion"},{"floor":30,"key":"Weak Potion"}],"is_trial":false,"path_per_floor":["M","M","?","M","?","R","$","M","T","?","M","?","R","?","R","B",null,"M","?","?","M","?","E","M","R","T","M","M","M","M","?","R"],"character_chosen":"DEFECT","items_purchased":["Cold Snap","Dark Shackles"],"campfire_rested":2,"item_purchase_floors":[7,7],"current_hp_per_floor":[67,73,73,75,75,75,75,73,73,73,75,75,75,75,75,15,75,75,75,75,55,55,28,13,35,35,23,27,33,21,5,27,0],"gold":471,"neow_bonus":"","is_prod":false,"is_daily":false,"chose_seed":false,"campfire_upgraded":2,"win_rate":0.0,"timestamp":1534552431,"path_taken":["M","M","?","M","?","R","?","M","T","?","M","?","R","?","R","BOSS","M","?","?","M","?","E","?","R","T","M","M","M","M","?","R","BOSS"],"build_version":"2018-08-16","purchased_purges":0,"victory":false,"max_hp_per_floor":[75,75,75,75,75,75,75,75,75,75,75,75,75,75,75,75,75,75,75,75,75,75,75,75,75,75,75,75,75,75,75,75,75],"card_choices":[{"not_picked":["Compile Driver","Streamline"],"picked":"Self Repair","floor":1},{"not_picked":["Compile Driver","White Noise"],"picked":"Electrodynamics","floor":2},{"not_picked":["Heatsinks","Scrape"],"picked":"Go for the Eyes","floor":4},{"not_picked":["Barrage","Ball Lightning"],"picked":"Leap","floor":8},{"not_picked":["Beam Cell","Storm"],"picked":"Redo","floor":11},{"not_picked":["All For One","Multi-Cast"],"picked":"Fission","floor":16},{"not_picked":["Steam","Reinforced Body+1"],"picked":"Conserve Battery","floor":18},{"not_picked":["Self Repair","Barrage"],"picked":"Doom and Gloom","floor":21},{"not_picked":["Coolheaded","Conserve Battery"],"picked":"Capacitor","floor":23},{"not_picked":["Reinforced Body+1","Leap"],"picked":"Cold Snap+1","floor":24},{"not_picked":["Gash+1","Hello World"],"picked":"Redo","floor":27},{"not_picked":["Gash","Coolheaded"],"picked":"Blizzard","floor":28},{"not_picked":["Steam+1","Cold Snap+1"],"picked":"Hologram","floor":29},{"not_picked":["Coolheaded","Fission"],"picked":"Darkness","floor":30}],"player_experience":12485,"relics_obtained":[{"floor":9,"key":"Girya"},{"floor":23,"key":"Lantern"},{"floor":26,"key":"Blood Vial"}],"event_choices":[{"event_name":"Match and Keep!","player_choice":"1 cards matched","floor":3,"damage_taken":0},{"event_name":"Upgrade Shrine","player_choice":"Upgraded","floor":5,"damage_taken":0},{"event_name":"Golden Wing","player_choice":"Ignored","floor":10,"damage_taken":0},{"event_name":"Liars Game","player_choice":"agreed","floor":12,"damage_taken":0},{"event_name":"The Cleric","player_choice":"Leave","floor":14,"damage_taken":0},{"event_name":"The Library","player_choice":"Read","floor":19,"damage_taken":0},{"event_name":"Accursed Blacksmith","player_choice":"Forge","floor":20,"damage_taken":0},{"event_name":"WeMeetAgain","player_choice":"Potion","floor":22,"damage_taken":0},{"event_name":"Cursed Tome","player_choice":"Obtained Book","floor":31,"damage_taken":0}],"is_beta":false,"boss_relics":[{"not_picked":["Astrolabe","Philosopher\u0027s Stone"],"picked":"FrozenCore"}],"items_purged_floors":[],"is_endless":false,"potions_floor_spawned":[2,8,16,18,21,28,30],"killed_by":"Champ","ascension_level":0}