{"path_per_floor":["M","?","?","?","$","E","R","E","T","R","E","R","$","M","R","B",null,"M","?","M","?","$","R","?","M","T","M","$","M","R","M","R"],"character_chosen":"IRONCLAD","items_purchased":["Flex","Battle Trance"],"gold_per_floor":[116,66,141,141,66,99,99,134,159,159,186,186,41,55,55,154,154,169,169,179,94,94,94,94,114,190,200,5,16,16,29,29],"floor_reached":33,"campfire_rested":3,"playtime":1953,"current_hp_per_floor":[80,80,69,62,62,68,68,74,74,74,46,70,70,78,82,21,82,84,84,84,84,84,84,84,69,69,76,76,80,80,73,88],"items_purged":["Strike_R","Strike_R","Searing Blow"],"gold":29,"score":373,"play_id":"89d45406-0a5c-47aa-9299-49c3bb8924ac","local_time":"20180302192900","is_prod":false,"is_daily":false,"is_ascension_mode":true,"campfire_upgraded":4,"timestamp":1520015340,"path_taken":["M","?","?","?","$","E","R","E","T","R","E","R","$","?","R","BOSS","M","?","M","?","$","R","?","M","T","M","$","M","R","?","R","BOSS"],"build_version":"2018-03-01-BETA2","purchased_purges":3,"victory":false,"master_deck":["Bash+1","Pommel Strike+1","Flex+1","Seeing Red+1","Headbutt","Flex+1","Brutality+1","Havoc+1","Carnage","Clothesline","Iron Wave","Carnage","Shrug It Off+1","Battle Trance+1","Whirlwind+1","Heavy Blade"],"max_hp_per_floor":[80,80,80,80,80,80,80,80,80,80,80,80,80,82,82,82,82,84,84,84,84,84,84,84,86,86,88,88,88,88,88,88],"relics":["Burning Blood","NeowsBlessing","Toxic Egg 2","Dodecahedron","Singing Bowl","Bag of Preparation","Charon\u0027s Ashes","Pandora\u0027s Box","Unceasing Top","Torii","Mercury Hourglass"],"card_choices":[{"not_picked":["Dual Wield","Armaments"],"picked":"Pommel Strike"},{"not_picked":["Wild Strike","Inflame"],"picked":"Flex"},{"not_picked":["Fire Breathing","Sentinel"],"picked":"Seeing Red"},{"not_picked":["Wild Strike","Intimidate"],"picked":"Headbutt"},{"not_picked":["Reaper","Impervious"],"picked":"Brutality"},{"not_picked":["Sever Soul","True Grit"],"picked":"Shrug It Off"},{"not_picked":["Sword Boomerang","Carnage"],"picked":"Whirlwind"},{"not_picked":["Searing Blow","Sentinel"],"picked":"Heavy Blade"}],"player_experience":150935,"potions_floor_usage":[20,33],"damage_taken":[{"damage":0,"enemies":"2 Louse","floor":1,"turns":1},{"damage":0,"enemies":"Gremlin Nob","floor":6,"turns":1},{"damage":0,"enemies":"3 Sentries","floor":8,"turns":1},{"damage":34,"enemies":"Gremlin Nob","floor":11,"turns":5},{"damage":0,"enemies":"Small Slimes","floor":14,"turns":1},{"damage":67,"enemies":"Slime Boss","floor":16,"turns":8},{"damage":1,"enemies":"Chosen","floor":18,"turns":2},{"damage":0,"enemies":"3 Byrds","floor":20,"turns":2},{"damage":23,"enemies":"Slaver and Parasite","floor":25,"turns":2},{"damage":1,"enemies":"Snecko","floor":27,"turns":2},{"damage":2,"enemies":"3 Cultists","floor":29,"turns":3},{"damage":13,"enemies":"Slaver and Parasite","floor":31,"turns":2},{"damage":89,"enemies":"Champ","floor":33,"turns":8}],"event_choices":[{"event_name":"The Cleric","player_choice":"Card Removal","floor":2,"damage_taken":0},{"event_name":"World of Goop","player_choice":"Gather Gold","floor":3,"damage_taken":0},{"event_name":"Scrap Ooze","player_choice":"success","floor":4,"damage_taken":7},{"event_name":"Accursed Blacksmith","player_choice":"Rummage","floor":19,"damage_taken":0},{"event_name":"Addict","player_choice":"Obtained Relic","floor":21,"damage_taken":0},{"event_name":"Back to Basics","player_choice":"Elegance","floor":24,"damage_taken":0}],"boss_relics":[{"not_picked":["Eternal Feather","Velvet Choker"],"picked":"Pandora\u0027s Box"}],"potions_floor_spawned":[1,11,14,16,27,29,31],"seed_played":"8014082157998464471","killed_by":"Champ","ascension_level":4,"is_trial":false}