{"gold_per_floor":[119,44,119,135,135,155,170,196,222,222,222,222,222],"floor_reached":13,"playtime":268,"items_purged":["Strike_B"],"score":83,"play_id":"be82d1e4-f332-4798-8ff5-66e30827b835","local_time":"20190505152536","is_ascension_mode":false,"campfire_choices":[{"data":"Storm","floor":11,"key":"SMITH"}],"neow_cost":"NONE","seed_source_timestamp":1055523875251963,"circlet_count":0,"master_deck":["Strike_B","Strike_B","Strike_B","Defend_B+1","Defend_B","Defend_B","Defend_B","Zap","Dualcast","Ball Lightning+1","Loop","Storm+1","Conserve Battery","Machine Learning","Regret"],"relics":["Cracked Core","NeowsBlessing","Centennial Puzzle","Regal Pillow","Smiling Mask","Vajra"],"potions_floor_usage":[],"damage_taken":[{"damage":0,"enemies":"Small Slimes","floor":1,"turns":1},{"damage":0,"enemies":"Jaw Worm","floor":4,"turns":1},{"damage":0,"enemies":"Cultist","floor":6,"turns":1},{"damage":10,"enemies":"Looter","floor":7,"turns":2},{"damage":19,"enemies":"Lagavulin","floor":8,"turns":6},{"damage":21,"enemies":"Large Slime","floor":13,"turns":2}],"seed_played":"-8285592259420760071","potions_obtained":[{"floor":4,"key":"Poison Potion"},{"floor":7,"key":"Poison Potion"},{"floor":8,"key":"SpeedPotion"}],"is_trial":false,"path_per_floor":["M","$","?","M","?","M","M","E","T","?","R","?","M"],"character_chosen":"DEFECT","items_purchased":[],"campfire_rested":0,"item_purchase_floors":[],"current_hp_per_floor":[75,75,64,64,64,64,54,35,35,35,35,20,0],"gold":222,"neow_bonus":"THREE_ENEMY_KILL","is_prod":false,"is_daily":false,"chose_seed":false,"campfire_upgraded":1,"win_rate":0,"timestamp":1557062736,"path_taken":["M","$","?","M","?","?","M","E","T","?","R","?","M"],"build_version":"2019-04-23","purchased_purges":1,"victory":false,"max_hp_per_floor":[75,75,75,75,75,75,75,75,75,75,75,75,75],"card_choices":[{"not_picked":["White Noise","Chill"],"picked":"Ball Lightning","floor":1},{"not_picked":["Consume","Rebound"],"picked":"Loop","floor":4},{"not_picked":["Fusion","White Noise"],"picked":"Storm","floor":6},{"not_picked":["Gash","Beam Cell"],"picked":"Conserve Battery","floor":7},{"not_picked":["Barrage","Blizzard"],"picked":"Machine Learning","floor":8}],"player_experience":342527,"relics_obtained":[{"floor":8,"key":"Regal Pillow"},{"floor":9,"key":"Smiling Mask"}],"event_choices":[{"damage_healed":0,"gold_gain":75,"player_choice":"Gather Gold","damage_taken":11,"max_hp_gain":0,"max_hp_loss":0,"event_name":"World of Goop","floor":3,"gold_loss":0},{"damage_healed":0,"gold_gain":0,"player_choice":"Gave Potion","damage_taken":0,"relics_obtained":["Centennial Puzzle"],"max_hp_gain":0,"max_hp_loss":0,"event_name":"WeMeetAgain","floor":5,"gold_loss":0},{"damage_healed":0,"gold_gain":0,"player_choice":"Box","damage_taken":0,"relics_obtained":["Vajra"],"max_hp_gain":0,"max_hp_loss":0,"event_name":"Big Fish","floor":10,"gold_loss":0,"cards_obtained":["Regret"]},{"damage_healed":0,"gold_gain":0,"player_choice":"Entered Light","damage_taken":15,"max_hp_gain":0,"max_hp_loss":0,"event_name":"Shining Light","floor":12,"gold_loss":0,"cards_upgraded":["Defend_B","Ball Lightning"]}],"is_beta":true,"boss_relics":[],"items_purged_floors":[2],"is_endless":false,"potions_floor_spawned":[4,7,8],"killed_by":"Large Slime","ascension_level":0}