{"gold_per_floor":[119,188,263,35,55,55,55,84,109,121,161,173,205,217,229,339,351,375,387,399,428,453,465,490,502,514,91,102,102,102],"floor_reached":30,"playtime":1205,"items_purged":[],"score":261,"play_id":"1ccd15d5-f308-4d06-a912-2fc0ffb24849","local_time":"20181016133138","is_ascension_mode":false,"campfire_choices":[{"floor":6,"key":"REST"},{"floor":10,"key":"REST"},{"floor":12,"key":"REST"},{"data":"Defragment","floor":15,"key":"SMITH"},{"floor":23,"key":"REST"},{"floor":29,"key":"REST"}],"neow_cost":"NONE","seed_source_timestamp":446867719487168,"circlet_count":0,"master_deck":["Strike_B","Strike_B","Strike_B","Defend_B","Defend_B","Defend_B","Defend_B","Zap","Dualcast","Static Discharge","Sunder","Defragment+1","Static Discharge","Static Discharge","Force Field","Defragment+1","Amplify","Consume","Coolheaded+1","Capacitor","Core Surge"],"relics":["Cracked Core","Potion Belt","Bag of Marbles","MawBank","Sundial","White Beast Statue","MutagenicStrength","Pear","OrangePellets","Lantern"],"potions_floor_usage":[8,16,16,28,30,30,30,30,30],"damage_taken":[{"damage":9,"enemies":"Small Slimes","floor":1,"turns":3},{"damage":11,"enemies":"Jaw Worm","floor":5,"turns":3},{"damage":29,"enemies":"Gremlin Nob","floor":8,"turns":4},{"damage":26,"enemies":"3 Sentries","floor":11,"turns":3},{"damage":0,"enemies":"Cultist","floor":13,"turns":4},{"damage":26,"enemies":"Slime Boss","floor":16,"turns":6},{"damage":9,"enemies":"Chosen","floor":18,"turns":4},{"damage":20,"enemies":"Spheric Guardian","floor":21,"turns":3},{"damage":20,"enemies":"Snake Plant","floor":22,"turns":3},{"damage":19,"enemies":"3 Cultists","floor":24,"turns":4},{"damage":6,"enemies":"Snecko","floor":28,"turns":5},{"damage":26,"enemies":"Colosseum Slavers","floor":30,"turns":3},{"damage":28,"enemies":"Colosseum Nobs","floor":30,"turns":2}],"seed_played":"7793980251678215359","potions_obtained":[{"floor":1,"key":"Dexterity Potion"},{"floor":5,"key":"FocusPotion"},{"floor":11,"key":"Weak Potion"},{"floor":13,"key":"Dexterity Potion"},{"floor":18,"key":"Swift Potion"},{"floor":21,"key":"PowerPotion"},{"floor":22,"key":"Explosive Potion"},{"floor":24,"key":"EssenceOfSteel"},{"floor":28,"key":"FocusPotion"}],"is_trial":false,"path_per_floor":["M","?","?","$","M","R","?","E","T","R","E","R","M","?","R","B",null,"M","?","$","M","M","R","M","?","T","$","M","R"],"character_chosen":"DEFECT","items_purchased":["Defragment","Potion Belt","Capacitor","OrangePellets","Lantern"],"campfire_rested":5,"item_purchase_floors":[4,4,27,27,27],"current_hp_per_floor":[66,66,55,55,44,66,66,37,37,59,33,55,55,60,60,34,80,71,56,56,36,16,41,22,22,32,32,26,54,0],"gold":102,"neow_bonus":"TRANSFORM_CARD","is_prod":false,"is_daily":false,"chose_seed":false,"campfire_upgraded":1,"win_rate":0,"timestamp":1539711098,"path_taken":["M","?","?","$","M","R","?","E","T","R","E","R","M","?","R","BOSS","M","?","$","M","M","R","M","?","T","$","M","R","?"],"build_version":"2018-10-11","purchased_purges":0,"victory":false,"max_hp_per_floor":[75,75,75,75,75,75,75,75,75,75,75,75,75,80,80,80,80,80,85,85,85,85,85,85,85,95,95,95,95,95],"card_choices":[{"not_picked":["Gash","Stack"],"picked":"Sunder","floor":1},{"not_picked":["Go for the Eyes","Gash"],"picked":"Static Discharge","floor":5},{"not_picked":["Streamline","Ball Lightning"],"picked":"Static Discharge","floor":8},{"not_picked":["Turbo","Storm"],"picked":"Force Field","floor":11},{"not_picked":["Meteor Strike","Go for the Eyes"],"picked":"Defragment","floor":13},{"not_picked":["Meteor Strike","Buffer"],"picked":"Amplify","floor":16},{"not_picked":["Redo","Leap"],"picked":"Consume","floor":18},{"not_picked":["Darkness+1","Barrage","Compile Driver"],"picked":"SKIP","floor":21},{"not_picked":["Ball Lightning","Gash+1"],"picked":"Coolheaded+1","floor":22},{"not_picked":["Recycle+1","Rebound","Streamline"],"picked":"SKIP","floor":24},{"not_picked":["Coolheaded","Redo"],"picked":"Core Surge","floor":28}],"player_experience":142798,"relics_obtained":[{"floor":8,"key":"Bag of Marbles"},{"floor":9,"key":"MawBank"},{"floor":11,"key":"Sundial"},{"floor":26,"key":"Pear"}],"event_choices":[{"event_name":"Golden Wing","player_choice":"Gained Gold","floor":2,"damage_taken":0},{"event_name":"World of Goop","player_choice":"Gather Gold","floor":3,"damage_taken":0},{"event_name":"Accursed Blacksmith","player_choice":"Forge","floor":7,"damage_taken":0},{"event_name":"Big Fish","player_choice":"Donut","floor":14,"damage_taken":0},{"event_name":"Forgotten Altar","player_choice":"Shed Blood","floor":19,"damage_taken":0},{"event_name":"Drug Dealer","player_choice":"Inject Mutagens","floor":25,"damage_taken":0},{"event_name":"Colosseum","player_choice":"Fight","floor":30,"damage_taken":0},{"event_name":"Colosseum","player_choice":"Fought Nobs","floor":30,"damage_taken":0}],"is_beta":false,"boss_relics":[{"not_picked":["Tiny House","Black Star"],"picked":"White Beast Statue"}],"items_purged_floors":[],"is_endless":false,"potions_floor_spawned":[1,5,11,13,18,21,22,24,28,30],"killed_by":"Colosseum Nobs","ascension_level":0}