{"gold_per_floor":[116,132,147,72,72,97,97,97,124,124,138,138,152,164,164,261,261,271,243,158,158,171,171,26,58,58,58],"floor_reached":27,"playtime":1059,"items_purged":["Writhe"],"score":245,"play_id":"ba6fd0b0-d12b-4207-b872-b6d00763f908","local_time":"20190513140830","is_ascension_mode":true,"campfire_choices":[{"data":"Barricade","floor":7,"key":"SMITH"},{"floor":10,"key":"REST"},{"data":"Seeing Red","floor":12,"key":"SMITH"},{"floor":15,"key":"REST"},{"data":"Metallicize","floor":23,"key":"SMITH"}],"neow_cost":"CURSE","seed_source_timestamp":508414406029500,"circlet_count":0,"master_deck":["Strike_R","Strike_R+1","Strike_R","Strike_R","Strike_R+1","Defend_R","Defend_R","Defend_R","Defend_R","Bash","Barricade+1","Shrug It Off","Shockwave","Seeing Red+1","Shrug It Off","Ghostly Armor","Juggernaut","Disarm","Dual Wield","Metallicize+1","Armaments+1"],"relics":["Burning Blood","Bronze Scales","Boot","Philosopher\u0027s Stone","Magic Flower","Toxic Egg 2","Omamori","Bottled Lightning","Letter Opener"],"potions_floor_usage":[6,16,27],"damage_taken":[{"damage":12,"enemies":"Cultist","floor":1,"turns":5},{"damage":3,"enemies":"Small Slimes","floor":2,"turns":5},{"damage":0,"enemies":"2 Louse","floor":3,"turns":3},{"damage":56,"enemies":"Lagavulin","floor":6,"turns":11},{"damage":7,"enemies":"Exordium Wildlife","floor":11,"turns":5},{"damage":7,"enemies":"Looter","floor":13,"turns":3},{"damage":6,"enemies":"3 Louse","floor":14,"turns":4},{"damage":34,"enemies":"The Guardian","floor":16,"turns":14},{"damage":8,"enemies":"3 Byrds","floor":18,"turns":4},{"damage":32,"enemies":"2 Thieves","floor":19,"turns":5},{"damage":16,"enemies":"Shelled Parasite and Fungi","floor":22,"turns":8},{"damage":13,"enemies":"Book of Stabbing","floor":25,"turns":7},{"damage":42,"enemies":"Gremlin Leader","floor":27,"turns":4}],"seed_played":"-6491284667376009770","potions_obtained":[{"floor":1,"key":"Weak Potion"},{"floor":2,"key":"SkillPotion"},{"floor":14,"key":"FearPotion"},{"floor":16,"key":"GamblersBrew"},{"floor":18,"key":"FearPotion"},{"floor":25,"key":"Block Potion"}],"is_trial":false,"path_per_floor":["M","M","M","$","?","E","R","?","T","R","M","R","M","M","R","B",null,"M","M","?","?","M","R","$","E","T","E"],"character_chosen":"IRONCLAD","items_purchased":["Omamori"],"campfire_rested":2,"item_purchase_floors":[24],"current_hp_per_floor":[74,77,80,80,80,30,30,14,14,38,37,37,36,36,60,32,80,78,52,52,52,45,45,45,41,41,0],"gold":58,"neow_bonus":"THREE_RARE_CARDS","is_prod":false,"is_daily":false,"chose_seed":false,"campfire_upgraded":3,"win_rate":0,"timestamp":1557774510,"path_taken":["M","?","M","?","?","E","R","?","T","R","?","R","M","M","R","BOSS","M","M","?","?","M","R","$","E","T","E"],"build_version":"2019-01-23","purchased_purges":1,"victory":false,"max_hp_per_floor":[80,80,80,80,80,80,80,80,80,80,80,80,80,80,80,80,80,80,80,80,80,80,80,80,80,80,80],"card_choices":[{"not_picked":["Limit Break","Berserk"],"picked":"Barricade","floor":0},{"not_picked":["Uppercut","Rampage","Burning Pact"],"picked":"SKIP","floor":1},{"not_picked":["Heavy Blade","Cleave","Iron Wave"],"picked":"SKIP","floor":2},{"not_picked":["Clash","Body Slam"],"picked":"Shrug It Off","floor":3},{"not_picked":["Anger","Clash"],"picked":"Shockwave","floor":6},{"not_picked":["Searing Blow","Anger"],"picked":"Seeing Red","floor":11},{"not_picked":["Sever Soul","Immolate"],"picked":"Shrug It Off","floor":13},{"not_picked":["Flex","Havoc"],"picked":"Ghostly Armor","floor":14},{"not_picked":["Limit Break","Double Tap"],"picked":"Juggernaut","floor":16},{"not_picked":["Iron Wave","Cleave"],"picked":"Disarm","floor":18},{"not_picked":["Perfected Strike","Rage+1"],"picked":"Dual Wield","floor":19},{"not_picked":["Flex+1","Corruption"],"picked":"Metallicize","floor":22},{"not_picked":["Clothesline+1","Metallicize"],"picked":"Armaments+1","floor":25}],"player_experience":27191,"relics_obtained":[{"floor":6,"key":"Bronze Scales"},{"floor":9,"key":"Boot"},{"floor":25,"key":"Bottled Lightning"},{"floor":26,"key":"Letter Opener"}],"event_choices":[{"damage_healed":0,"gold_gain":0,"player_choice":"Ignored","damage_taken":0,"max_hp_gain":0,"max_hp_loss":0,"event_name":"Liars Game","floor":5,"gold_loss":0},{"damage_healed":0,"gold_gain":0,"player_choice":"Entered Light","damage_taken":16,"max_hp_gain":0,"max_hp_loss":0,"event_name":"Shining Light","floor":8,"gold_loss":0,"cards_upgraded":["Strike_R","Strike_R"]},{"damage_healed":0,"gold_gain":0,"player_choice":"Obtained Relic","damage_taken":0,"relics_obtained":["Magic Flower"],"max_hp_gain":0,"max_hp_loss":0,"event_name":"Addict","floor":20,"gold_loss":85},{"damage_healed":0,"gold_gain":0,"player_choice":"Opened","damage_taken":0,"relics_obtained":["Toxic Egg 2"],"max_hp_gain":0,"max_hp_loss":0,"event_name":"The Mausoleum","floor":21,"gold_loss":0}],"is_beta":false,"boss_relics":[{"not_picked":["Empty Cage","Runic Dome"],"picked":"Philosopher\u0027s Stone"}],"items_purged_floors":[4],"is_endless":false,"potions_floor_spawned":[1,2,14,16,18,19,25],"killed_by":"Gremlin Leader","ascension_level":1}