{"gold_per_floor":[111,127,15,15,15,15,41,41,87,87,121,139,139,139,139,267,267,292,306,306,327,367,367,393,100,156,179,179],"floor_reached":28,"playtime":1017,"items_purged":[],"score":224,"play_id":"26b567cb-8f62-440f-bd22-d2388e9ad084","local_time":"20181127111842","is_ascension_mode":false,"campfire_choices":[{"data":"Zap","floor":6,"key":"SMITH"},{"data":"Defragment","floor":8,"key":"SMITH"},{"data":"Chaos","floor":10,"key":"SMITH"},{"floor":15,"key":"REST"},{"floor":23,"key":"REST"}],"neow_cost":"NONE","seed_source_timestamp":90620110051241,"circlet_count":0,"master_deck":["Strike_B","Strike_B","Strike_B","Strike_B","Defend_B","Defend_B","Defend_B","Defend_B+1","Zap+1","Dualcast","Redo","Ball Lightning","Chaos+1","Capacitor","Scrape+1","Defragment+1","Undo","Static Discharge","Electrodynamics","Barrage","Lockon","Rip and Tear","Redo+1","Apotheosis","Cold Snap","Redo","Beam Cell"],"relics":["Cracked Core","PreservedInsect","Gremlin Horn","Omamori","Du-Vu Doll","Golden Idol","Black Star","Red Mask","Lantern","Tiny Chest"],"potions_floor_usage":[16,16,19,19,19,21,21,27,28],"damage_taken":[{"damage":0,"enemies":"Cultist","floor":1,"turns":4},{"damage":0,"enemies":"Small Slimes","floor":2,"turns":3},{"damage":21,"enemies":"3 Sentries","floor":7,"turns":5},{"damage":21,"enemies":"Lagavulin","floor":11,"turns":4},{"damage":8,"enemies":"Jaw Worm","floor":12,"turns":3},{"damage":12,"enemies":"Hexaghost","floor":16,"turns":7},{"damage":2,"enemies":"Chosen","floor":18,"turns":4},{"damage":33,"enemies":"2 Thieves","floor":19,"turns":4},{"damage":28,"enemies":"Shelled Parasite and Fungi","floor":21,"turns":6},{"damage":20,"enemies":"Masked Bandits","floor":22,"turns":3},{"damage":7,"enemies":"3 Cultists","floor":27,"turns":3},{"damage":28,"enemies":"Slavers","floor":28,"turns":2}],"seed_played":"5613773918309539263","potions_obtained":[{"floor":2,"key":"Block Potion"},{"floor":7,"key":"PowerPotion"},{"floor":11,"key":"EntropicBrew"},{"floor":18,"key":"FocusPotion"},{"floor":20,"key":"Energy Potion"},{"floor":21,"key":"SkillPotion"}],"is_trial":false,"path_per_floor":["M","M","$","?","?","R","E","R","T","R","E","M","?","?","R","B",null,"M","M","?","M","?","R","T","$","T","M","E"],"character_chosen":"DEFECT","items_purchased":["Capacitor","Scrape","Apotheosis","Cold Snap","Redo"],"campfire_rested":2,"item_purchase_floors":[3,3,25,25,25],"current_hp_per_floor":[75,75,75,75,68,68,47,47,47,47,26,18,18,3,25,13,75,73,40,40,27,7,29,29,29,29,22,0],"gold":179,"neow_bonus":"THREE_CARDS","is_prod":false,"is_daily":false,"chose_seed":false,"campfire_upgraded":3,"win_rate":0,"timestamp":1543335522,"path_taken":["M","M","$","?","?","R","E","R","T","R","E","M","?","?","R","BOSS","M","M","?","?","?","R","?","$","T","M","E"],"build_version":"2018-11-15","purchased_purges":0,"victory":false,"max_hp_per_floor":[75,75,75,75,75,75,75,75,75,75,75,75,75,75,75,75,75,75,75,75,75,75,75,75,75,75,75,75],"card_choices":[{"not_picked":["Recycle","Gash"],"picked":"Redo","floor":0},{"not_picked":["Turbo","Undo"],"picked":"Ball Lightning","floor":1},{"not_picked":["Redo","Gash"],"picked":"Chaos","floor":2},{"not_picked":["Coolheaded","Conserve Battery"],"picked":"Defragment","floor":7},{"not_picked":["Genetic Algorithm","Sweeping Beam"],"picked":"Undo","floor":11},{"not_picked":["Sweeping Beam","Go for the Eyes"],"picked":"Static Discharge","floor":12},{"not_picked":["All For One","Multi-Cast"],"picked":"Electrodynamics","floor":16},{"not_picked":["Beam Cell","Steam"],"picked":"Barrage","floor":18},{"not_picked":["Compile Driver","Reinforced Body"],"picked":"Lockon","floor":19},{"not_picked":["Streamline","Steam+1"],"picked":"Rip and Tear","floor":21},{"not_picked":["Beam Cell","Barrage"],"picked":"Redo+1","floor":22},{"not_picked":["Rebound","Hologram"],"picked":"Beam Cell","floor":27}],"player_experience":207205,"relics_obtained":[{"floor":7,"key":"Gremlin Horn"},{"floor":9,"key":"Omamori"},{"floor":11,"key":"Du-Vu Doll"},{"floor":22,"key":"Red Mask"},{"floor":24,"key":"Lantern"},{"floor":26,"key":"Tiny Chest"}],"event_choices":[{"damage_healed":0,"gold_gain":0,"player_choice":"Leave","damage_taken":0,"max_hp_gain":0,"max_hp_loss":0,"event_name":"The Cleric","floor":4,"gold_loss":0},{"damage_healed":0,"gold_gain":0,"player_choice":"Success","damage_taken":7,"relics_obtained":["PreservedInsect"],"max_hp_gain":0,"max_hp_loss":0,"event_name":"Scrap Ooze","floor":5,"gold_loss":0},{"damage_healed":0,"gold_gain":0,"player_choice":"Take Wound","damage_taken":0,"relics_obtained":["Golden Idol"],"max_hp_gain":0,"max_hp_loss":0,"event_name":"Golden Idol","floor":13,"gold_loss":0,"cards_obtained":["Injury"]},{"damage_healed":0,"gold_gain":0,"player_choice":"Entered Light","damage_taken":15,"max_hp_gain":0,"max_hp_loss":0,"event_name":"Shining Light","floor":14,"gold_loss":0,"cards_upgraded":["Scrape","Defend_B"]},{"damage_healed":0,"gold_gain":0,"player_choice":"Got Potions","damage_taken":0,"max_hp_gain":0,"max_hp_loss":0,"event_name":"Lab","floor":20,"gold_loss":0},{"damage_healed":0,"gold_gain":0,"player_choice":"Fought Bandits","damage_taken":0,"max_hp_gain":0,"max_hp_loss":0,"event_name":"Masked Bandits","floor":22,"gold_loss":0}],"is_beta":false,"boss_relics":[{"not_picked":["Runic Dome","Astrolabe"],"picked":"Black Star"}],"items_purged_floors":[],"is_endless":false,"potions_floor_spawned":[2,7,11,18,21],"killed_by":"Slavers","ascension_level":0}