{"gold_per_floor":[113,288,238,249,249,249,259,259,259,28,28,43,58,71,71,175,175,190,204,204,204],"floor_reached":21,"playtime":1421,"items_purged":["Strike_B"],"score":271,"play_id":"ecd3a32e-1cc9-484d-82de-a07f64396ea5","local_time":"20190510203440","daily_mods":["Heirloom"],"is_ascension_mode":false,"campfire_choices":[{"data":"Chaos","floor":6.0,"key":"SMITH"},{"floor":8.0,"key":"REST"},{"data":"Zap","floor":11.0,"key":"SMITH"},{"data":"Turbo","floor":15,"key":"SMITH"}],"neow_cost":"","seed_source_timestamp":0,"circlet_count":0,"master_deck":["Strike_B","Strike_B","Defend_B+1","Defend_B","Defend_B","Defend_B+1","Zap+1","Dualcast","Chaos+1","Doubt","Rebound","Turbo+1","Conserve Battery","Auto Shields","Rebound","Rainbow","Steam+1","Coolheaded","Bandage Up"],"special_seed":0,"relics":["Cracked Core","Unceasing Top","Pear","Membership Card","White Beast Statue"],"potions_floor_usage":[16,16,21],"damage_taken":[{"damage":1.0,"enemies":"Jaw Worm","floor":1.0,"turns":3.0},{"damage":10.0,"enemies":"Small Slimes","floor":4.0,"turns":3.0},{"damage":7.0,"enemies":"2 Louse","floor":7.0,"turns":2.0},{"damage":7,"enemies":"Blue Slaver","floor":12,"turns":3},{"damage":1,"enemies":"Exordium Wildlife","floor":13,"turns":3},{"damage":0,"enemies":"Gremlin Gang","floor":14,"turns":5},{"damage":51,"enemies":"Hexaghost","floor":16,"turns":13},{"damage":15,"enemies":"Spheric Guardian","floor":18,"turns":5},{"damage":24,"enemies":"3 Byrds","floor":19,"turns":7},{"damage":63,"enemies":"Cultist and Chosen","floor":21,"turns":5}],"seed_played":"8689044455279380915","potions_obtained":[{"floor":1.0,"key":"EntropicBrew"},{"floor":4.0,"key":"LiquidBronze"},{"floor":19,"key":"PowerPotion"}],"is_trial":true,"path_per_floor":["M","?","?","M","?","R","M","R","T","$","R","M","M","M","R","B",null,"M","M","?","M"],"character_chosen":"DEFECT","items_purchased":["Membership Card"],"campfire_rested":1,"item_purchase_floors":[10],"current_hp_per_floor":[74,74,74,64,49,49,42,64,74,74,74,67,66,66,66,15,85,70,46,46,0],"gold":204,"neow_bonus":"","is_prod":false,"is_daily":false,"chose_seed":false,"campfire_upgraded":3,"win_rate":0,"timestamp":1557534880,"path_taken":["M","?","?","M","?","R","M","R","T","?","R","M","?","M","R","BOSS","M","M","?","?"],"build_version":"2019-01-23","purchased_purges":1,"victory":false,"max_hp_per_floor":[75,75,75,75,75,75,75,75,85,85,85,85,85,85,85,85,85,85,85,85,85],"card_choices":[{"not_picked":["Heatsinks","Leap"],"picked":"Chaos","floor":1.0},{"not_picked":["Aggregate","Stack"],"picked":"Rebound","floor":4.0},{"not_picked":["Sweeping Beam","Compile Driver"],"picked":"Turbo","floor":7.0},{"not_picked":["Electrodynamics","Darkness"],"picked":"Conserve Battery","floor":12},{"not_picked":["Cold Snap","Genetic Algorithm"],"picked":"Auto Shields","floor":13},{"not_picked":["Stack","Turbo"],"picked":"Rebound","floor":14},{"not_picked":["All For One","Meteor Strike"],"picked":"Rainbow","floor":16},{"not_picked":["Leap","Reinforced Body+1"],"picked":"Steam+1","floor":18},{"not_picked":["Gash","Aggregate"],"picked":"Coolheaded","floor":19}],"player_experience":293875,"relics_obtained":[{"floor":9.0,"key":"Pear"}],"event_choices":[{"damage_healed":0.0,"max_hp_gain":0.0,"max_hp_loss":0.0,"gold_gain":175.0,"event_name":"Liars Game","player_choice":"AGREE","floor":2.0,"gold_loss":0.0,"damage_taken":0.0,"cards_obtained":["Doubt"]},{"cards_removed":["Strike_B"],"damage_healed":0.0,"max_hp_gain":0.0,"max_hp_loss":0.0,"gold_gain":0.0,"event_name":"The Cleric","player_choice":"Card Removal","floor":3.0,"gold_loss":50.0,"damage_taken":0.0},{"damage_healed":0.0,"max_hp_gain":0.0,"max_hp_loss":0.0,"gold_gain":0.0,"event_name":"Shining Light","player_choice":"Entered Light","floor":5.0,"gold_loss":0.0,"damage_taken":15.0,"cards_upgraded":["Defend_B","Defend_B"]},{"damage_healed":0,"gold_gain":0,"player_choice":"1 cards matched","damage_taken":0,"max_hp_gain":0,"max_hp_loss":0,"event_name":"Match and Keep!","floor":20,"gold_loss":0,"cards_obtained":["Bandage Up"]}],"is_beta":false,"boss_relics":[{"not_picked":["Tiny House","Lizard Tail"],"picked":"White Beast Statue"}],"items_purged_floors":[10],"is_endless":true,"potions_floor_spawned":[1,4,16,18,19],"killed_by":"Cultist and Chosen","ascension_level":0}