{"gold_per_floor":[110,129,140,19,94,94,121,121,147,175,175,191,217,11,11,109,109,129,129,141,241,331,366,366,399,399,399,415,444,444,457,457,557,557,575,653,409,409,425,425,444,14,38,69,69,83,113,127,127,127,127,127,4,32,32],"floor_reached":56,"playtime":2967,"items_purged":["Strike_G"],"score":1409,"play_id":"ae22edc5-a9e4-408e-a308-1b85e3ede875","local_time":"20190512134031","is_ascension_mode":true,"campfire_choices":[{"data":"Footwork","floor":6,"key":"SMITH"},{"data":"Backstab","floor":8,"key":"SMITH"},{"data":"Poisoned Stab","floor":11,"key":"SMITH"},{"data":"Noxious Fumes","floor":15,"key":"SMITH"},{"floor":24,"key":"REST"},{"data":"1","floor":27,"key":"LIFT"},{"data":"2","floor":30,"key":"LIFT"},{"data":"3","floor":32,"key":"LIFT"},{"floor":40,"key":"RECALL"},{"data":"Malaise","floor":49,"key":"SMITH"},{"data":"Well Laid Plans","floor":52,"key":"SMITH"}],"neow_cost":"NONE","seed_source_timestamp":170376044389163,"circlet_count":0,"master_deck":["Defend_G","Defend_G","Defend_G","Defend_G","Defend_G","Strike_G+1","Strike_G","Strike_G","Survivor","Neutralize+1","Poisoned Stab+1","Backstab+1","Footwork+1","Deflect","Noxious Fumes+1","PiercingWail","Malaise+1","Footwork","Dagger Throw","Well Laid Plans+1","Die Die Die+1","Crippling Poison+1","Adrenaline+1","Deadly Poison+1","Bouncing Flask+1","Cloak And Dagger+1","Leg Sweep+1","Acrobatics+1","Predator+1","Blur+1","Noxious Fumes+1"],"relics":["Ring of the Snake","Bronze Scales","Orichalcum","The Courier","Tingsha","OrangePellets","Busted Crown","Girya","Bottled Flame","Bird Faced Urn","Happy Flower","Ninja Scroll","Toxic Egg 2","Sozu","TwistedFunnel","Centennial Puzzle","Vajra","PreservedInsect","Bag of Marbles","Bottled Tornado","Meat on the Bone","Whetstone","Snake Skull","Pear"],"potions_floor_usage":[7,13,21,55,55,55],"damage_taken":[{"damage":0,"enemies":"Cultist","floor":1,"turns":5},{"damage":9,"enemies":"Jaw Worm","floor":2,"turns":5},{"damage":0,"enemies":"2 Louse","floor":3,"turns":2},{"damage":5,"enemies":"Lagavulin","floor":7,"turns":7},{"damage":5,"enemies":"3 Sentries","floor":10,"turns":9},{"damage":0,"enemies":"Red Slaver","floor":12,"turns":3},{"damage":0,"enemies":"Gremlin Nob","floor":13,"turns":5},{"damage":13,"enemies":"The Guardian","floor":16,"turns":10},{"damage":7,"enemies":"2 Thieves","floor":18,"turns":5},{"damage":0,"enemies":"Shell Parasite","floor":20,"turns":7},{"damage":1,"enemies":"Colosseum Slavers","floor":21,"turns":4},{"damage":5,"enemies":"Colosseum Nobs","floor":21,"turns":7},{"damage":4,"enemies":"Book of Stabbing","floor":23,"turns":6},{"damage":12,"enemies":"Gremlin Leader","floor":25,"turns":9},{"damage":0,"enemies":"Centurion and Healer","floor":28,"turns":6},{"damage":0,"enemies":"Book of Stabbing","floor":29,"turns":5},{"damage":2,"enemies":"Snake Plant","floor":31,"turns":3},{"damage":26,"enemies":"Collector","floor":33,"turns":10},{"damage":0,"enemies":"Orb Walker","floor":35,"turns":2},{"damage":0,"enemies":"3 Shapes","floor":39,"turns":2},{"damage":4,"enemies":"Sphere and 2 Shapes","floor":41,"turns":4},{"damage":0,"enemies":"Giant Head","floor":44,"turns":6},{"damage":2,"enemies":"Spire Growth","floor":46,"turns":2},{"damage":0,"enemies":"Reptomancer","floor":47,"turns":3},{"damage":0,"enemies":"Maw","floor":48,"turns":5},{"damage":8,"enemies":"Time Eater","floor":50,"turns":11},{"damage":4,"enemies":"Shield and Spear","floor":54,"turns":4},{"damage":65,"enemies":"The Heart","floor":55,"turns":10}],"seed_played":"-6938525272567330465","potions_obtained":[{"floor":7,"key":"SpeedPotion"},{"floor":10,"key":"GhostInAJar"},{"floor":12,"key":"SpeedPotion"},{"floor":23,"key":"Dexterity Potion"},{"floor":25,"key":"Energy Potion"}],"is_trial":false,"path_per_floor":["M","M","M","$","?","R","E","R","T","E","R","M","E","$","R","B",null,"M","?","M","?","?","E","R","E","T","R","M","E","R","M","R","B",null,"M","T","$","?","M","R","M","$","T","E","?","M","E","M","R","B",null,"R","$","E","B",null],"character_chosen":"THE_SILENT","items_purchased":["Footwork","PowerPotion","OrangePellets","PiercingWail","TwistedFunnel","Bouncing Flask+1","Leg Sweep+1","Acrobatics+1","Centennial Puzzle","Vajra","PreservedInsect","Snake Skull"],"campfire_rested":1,"item_purchase_floors":[4,4,14,14,37,37,42,42,42,42,42,53],"current_hp_per_floor":[70,61,61,61,50,50,45,45,45,40,40,40,40,40,40,27,70,63,63,63,57,43,39,60,56,56,56,64,70,70,70,70,52,70,70,70,70,70,70,70,70,70,70,70,70,70,70,70,70,66,70,70,70,78,31],"gold":32,"neow_bonus":"UPGRADE_CARD","is_prod":false,"is_daily":false,"chose_seed":false,"campfire_upgraded":6,"win_rate":0,"timestamp":1557682831,"path_taken":["M","?","M","?","?","R","E","R","T","E","R","M","E","$","R","BOSS","M","?","?","?","?","E","R","E","T","R","M","E","R","M","R","BOSS","M","?","$","?","M","R","M","$","T","E","?","?","E","M","R","BOSS","R","$","E","BOSS"],"build_version":"2019-05-07","purchased_purges":1,"victory":true,"max_hp_per_floor":[70,70,70,70,70,70,70,70,70,70,70,70,70,70,70,70,70,70,70,70,70,70,70,70,70,70,70,70,70,70,70,70,70,70,70,70,70,70,70,70,70,70,70,70,70,70,70,70,70,70,70,70,70,80,80],"card_choices":[{"not_picked":["Blade Dance","Dagger Throw"],"picked":"Poisoned Stab","floor":1},{"not_picked":["Riddle With Holes","PiercingWail"],"picked":"Backstab","floor":2},{"not_picked":["Infinite Blades","Outmaneuver","Night Terror"],"picked":"SKIP","floor":3},{"not_picked":["All Out Attack","Masterful Stab"],"picked":"Deflect","floor":7},{"not_picked":["Tactician","Cloak And Dagger","Masterful Stab"],"picked":"SKIP","floor":10},{"not_picked":["Skewer","Flying Knee","Quick Slash"],"picked":"SKIP","floor":12},{"not_picked":["Endless Agony","Heel Hook"],"picked":"Noxious Fumes","floor":13},{"not_picked":["Unload","Die Die Die"],"picked":"Malaise","floor":16},{"not_picked":[],"picked":"Footwork","floor":18},{"not_picked":[],"picked":"Dagger Throw","floor":20},{"not_picked":[],"picked":"Well Laid Plans","floor":21},{"not_picked":["Setup+1"],"picked":"SKIP","floor":23},{"not_picked":[],"picked":"Die Die Die","floor":25},{"not_picked":["Prepared"],"picked":"SKIP","floor":28},{"not_picked":[],"picked":"Crippling Poison","floor":29},{"not_picked":["Dash"],"picked":"SKIP","floor":31},{"not_picked":[],"picked":"Adrenaline+1","floor":33},{"not_picked":[],"picked":"Deadly Poison+1","floor":35},{"not_picked":[],"picked":"Cloak And Dagger+1","floor":39},{"not_picked":["Slice"],"picked":"SKIP","floor":41},{"not_picked":["Endless Agony"],"picked":"SKIP","floor":44},{"not_picked":["Endless Agony"],"picked":"SKIP","floor":44},{"not_picked":[],"picked":"Predator+1","floor":46},{"not_picked":[],"picked":"Blur+1","floor":47},{"not_picked":["Accuracy"],"picked":"SKIP","floor":48},{"not_picked":[],"picked":"Noxious Fumes+1","floor":54}],"player_experience":1406999,"relics_obtained":[{"floor":7,"key":"Bronze Scales"},{"floor":9,"key":"Orichalcum"},{"floor":10,"key":"The Courier"},{"floor":13,"key":"Tingsha"},{"floor":21,"key":"Girya"},{"floor":21,"key":"Bottled Flame"},{"floor":23,"key":"Bird Faced Urn"},{"floor":25,"key":"Happy Flower"},{"floor":26,"key":"Ninja Scroll"},{"floor":29,"key":"Toxic Egg 2"},{"floor":43,"key":"Bag of Marbles"},{"floor":44,"key":"Bottled Tornado"},{"floor":45,"key":"Meat on the Bone"},{"floor":47,"key":"Whetstone"},{"floor":54,"key":"Pear"}],"event_choices":[{"damage_healed":0,"gold_gain":75,"player_choice":"Gather Gold","damage_taken":11,"max_hp_gain":0,"max_hp_loss":0,"event_name":"World of Goop","floor":5,"gold_loss":0},{"cards_removed":["Strike_G"],"damage_healed":0,"gold_gain":0,"player_choice":"Purged","damage_taken":0,"max_hp_gain":0,"max_hp_loss":0,"event_name":"Purifier","floor":19,"gold_loss":0},{"damage_healed":0,"gold_gain":0,"player_choice":"Fight","damage_taken":0,"max_hp_gain":0,"max_hp_loss":0,"event_name":"Colosseum","floor":21,"gold_loss":0},{"damage_healed":0,"gold_gain":0,"player_choice":"Fought Nobs","damage_taken":0,"max_hp_gain":0,"max_hp_loss":0,"event_name":"Colosseum","floor":21,"gold_loss":0},{"damage_healed":0,"gold_gain":90,"player_choice":"GOLD ","damage_taken":14,"max_hp_gain":0,"max_hp_loss":0,"event_name":"Knowing Skull","floor":22,"potions_obtained":[],"gold_loss":0,"cards_obtained":[]},{"damage_healed":0,"gold_gain":0,"player_choice":"Ignored","damage_taken":0,"max_hp_gain":0,"max_hp_loss":0,"event_name":"Tomb of Lord Red Mask","floor":38,"gold_loss":0},{"damage_healed":0,"gold_gain":0,"player_choice":"Relic","damage_taken":0,"max_hp_gain":0,"max_hp_loss":0,"event_name":"Wheel of Change","floor":45,"gold_loss":0}],"is_beta":true,"boss_relics":[{"not_picked":["Black Star","White Beast Statue"],"picked":"Busted Crown"},{"not_picked":["Eternal Feather","Tiny House"],"picked":"Sozu"}],"items_purged_floors":[37],"is_endless":false,"potions_floor_spawned":[7,10,12,21,23,25,28,29,35,41,44,46,54],"ascension_level":1}