{"path_per_floor":["M","M","?","?","M","E","R","M","T","M","M","M","M","$","R","B",null,"M","$","?","M","M","R","?","M","T"],"character_chosen":"IRONCLAD","items_purchased":["Apotheosis","Lantern"],"gold_per_floor":[112,123,123,123,137,177,177,200,200,223,246,266,280,105,105,230,230,250,24,274,299,324,324,249,274,574],"floor_reached":27,"campfire_rested":2,"playtime":2203,"current_hp_per_floor":[80,80,60,53,48,13,37,32,46,26,28,12,7,7,50,47,94,74,74,74,62,44,44,44,38,38],"items_purged":["Injury"],"gold":574,"play_id":"fc1b4f03-9db3-435b-8f6f-0c983631a6cd","is_prod":false,"is_daily":false,"is_ascension_mode":false,"campfire_upgraded":1,"path_taken":["M","M","?","?","M","E","R","M","T","M","M","?","M","$","R","BOSS","M","$","?","M","M","R","?","M","T","E"],"build_version":"2018-02-01-PROD3","purchased_purges":2,"victory":false,"master_deck":["Strike_R","Strike_R","Strike_R","Strike_R","Strike_R","Defend_R","Defend_R","Defend_R","Bash","Cleave","Anger+1","Spot Weakness","Anger","Dual Wield","Heavy Blade","Dual Wield","Apotheosis","Double Tap","Clumsy","Clumsy","Cleave","Cleave","Cleave+1"],"max_hp_per_floor":[80,80,80,80,80,80,80,80,94,94,94,94,94,94,94,94,94,94,94,94,94,94,94,94,94,94],"relics":["Burning Blood","Golden Idol","Matryoshka","Regal Pillow","Mango","Calling Bell","Vajra","Gambling Chip","Orichalcum","Lantern","Blood Vial","Old Coin"],"card_choices":[{"not_picked":["Body Slam","Shrug It Off"],"picked":"Cleave"},{"not_picked":["Warcry","Thunderclap"],"picked":"Anger"},{"not_picked":["Combust","Flex"],"picked":"Spot Weakness"},{"not_picked":["Cleave","Warcry"],"picked":"Anger"},{"not_picked":["Armaments","Spot Weakness"],"picked":"Dual Wield"},{"not_picked":["Flex","Perfected Strike"],"picked":"Heavy Blade"},{"not_picked":["Infernal Blade","Twin Strike"],"picked":"Dual Wield"},{"not_picked":["Feed","Bludgeon"],"picked":"Double Tap"},{"not_picked":["Iron Wave","Twin Strike"],"picked":"Cleave"},{"not_picked":["Thunderclap","Clash"],"picked":"Cleave"},{"not_picked":["Rage","Perfected Strike"],"picked":"Cleave"}],"player_experience":1386,"potions_floor_usage":[22,25],"damage_taken":[{"damage":5.0,"enemies":"Jaw Worm","floor":1.0,"turns":4.0},{"damage":0.0,"enemies":"Small Slimes","floor":2.0,"turns":3.0},{"damage":11.0,"enemies":"Blue Slaver","floor":5.0,"turns":4.0},{"damage":41.0,"enemies":"Gremlin Nob","floor":6.0,"turns":5.0},{"damage":11.0,"enemies":"3 Louse","floor":8.0,"turns":3.0},{"damage":26.0,"enemies":"Exordium Thugs","floor":10.0,"turns":4.0},{"damage":4.0,"enemies":"Exordium Wildlife","floor":11.0,"turns":3.0},{"damage":22.0,"enemies":"2 Fungi Beasts","floor":12.0,"turns":4.0},{"damage":11.0,"enemies":"Large Slime","floor":13.0,"turns":5.0},{"damage":9.0,"enemies":"Slime Boss","floor":16.0,"turns":5.0},{"damage":26.0,"enemies":"2 Thieves","floor":18.0,"turns":4.0},{"damage":18,"enemies":"3 Byrds","floor":21,"turns":5},{"damage":24,"enemies":"Snecko","floor":22,"turns":5},{"damage":12,"enemies":"3 Cultists","floor":25,"turns":3},{"damage":42,"enemies":"Book of Stabbing","floor":27,"turns":4}],"event_choices":[{"event_name":"Golden Idol","player_choice":"Take Damage","floor":3.0,"damage_taken":0.0},{"event_name":"Golden Wing","player_choice":"Card Removal","floor":4.0,"damage_taken":0.0},{"event_name":"Golden Shrine","player_choice":"Desecrate","floor":20.0,"damage_taken":0.0},{"event_name":"Beggar","player_choice":"Gave Gold","floor":24,"damage_taken":0}],"boss_relics":[],"potions_floor_spawned":[8,10,11,16,22],"seed_played":"4303269600054646028","killed_by":"Book of Stabbing","ascension_level":0,"is_trial":false}