{"gold_per_floor":[109,129,149,168,18,50,50,60,60,79,79,99,132,143,143,243,243,261,22,38,51,71,71,102,102,102,129,148,165,165,197,197,294,294,305,260,270,285,285,285,285,285,310,325,343,263,263,46,46,46,46,46,46,71,71],"floor_reached":56,"playtime":7442,"items_purged":["Defend_G","Strike_G"],"score":1223,"play_id":"9d5c72c3-9084-43b9-a708-05389c453427","local_time":"20190519233218","is_ascension_mode":true,"campfire_choices":[{"data":"Burst","floor":7.0,"key":"SMITH"},{"floor":11.0,"key":"REST"},{"data":"Well Laid Plans","floor":15.0,"key":"SMITH"},{"floor":23.0,"key":"REST"},{"data":"Leg Sweep","floor":25.0,"key":"SMITH"},{"floor":30.0,"key":"REST"},{"floor":32.0,"key":"REST"},{"floor":40.0,"key":"RECALL"},{"data":"Burst","floor":42.0,"key":"SMITH"},{"floor":49,"key":"REST"},{"data":"Prepared","floor":52,"key":"SMITH"}],"neow_cost":"NONE","seed_source_timestamp":0,"circlet_count":0,"master_deck":["Defend_G","Defend_G","Defend_G","Defend_G","Strike_G","Strike_G","Strike_G","Survivor","Neutralize","All Out Attack","Cloak And Dagger","Backstab","Backflip","Escape Plan","Burst+1","Tactician","Cloak And Dagger","Well Laid Plans+1","Corpse Explosion","Backflip","After Image","Bouncing Flask+1","Acrobatics+1","Leg Sweep+1","Catalyst+1","Leg Sweep","Cloak And Dagger","After Image","Escape Plan+1","Burst+1","PiercingWail+1","Acrobatics","Dagger Throw+1","Finesse","Catalyst","Dagger Throw+1","Tactician","Pain","Prepared+1","Footwork"],"special_seed":0,"relics":["Ring of the Snake","Ancient Tea Set","Kunai","Tingsha","Runic Dome","Paper Crane","Ornamental Fan","Orichalcum","Red Mask","Busted Crown","Vajra","WarpedTongs","Pantograph"],"potions_floor_usage":[50,55,55],"damage_taken":[{"damage":0.0,"enemies":"Cultist","floor":1.0,"turns":4.0},{"damage":0.0,"enemies":"2 Louse","floor":2.0,"turns":2.0},{"damage":0.0,"enemies":"Small Slimes","floor":3.0,"turns":2.0},{"damage":1.0,"enemies":"3 Louse","floor":4.0,"turns":3.0},{"damage":7.0,"enemies":"Gremlin Nob","floor":6.0,"turns":5.0},{"damage":0.0,"enemies":"Red Slaver","floor":8.0,"turns":2.0},{"damage":21.0,"enemies":"Gremlin Gang","floor":10.0,"turns":7.0},{"damage":0.0,"enemies":"3 Louse","floor":12.0,"turns":2.0},{"damage":2.0,"enemies":"3 Sentries","floor":13.0,"turns":9.0},{"damage":0.0,"enemies":"Blue Slaver","floor":14.0,"turns":3.0},{"damage":5.0,"enemies":"The Guardian","floor":16.0,"turns":9.0},{"damage":4.0,"enemies":"Spheric Guardian","floor":18.0,"turns":8.0},{"damage":0.0,"enemies":"Chosen","floor":20.0,"turns":4.0},{"damage":14.0,"enemies":"Snake Plant","floor":21.0,"turns":5.0},{"damage":0.0,"enemies":"Centurion and Healer","floor":22.0,"turns":6.0},{"damage":14.0,"enemies":"Slavers","floor":24.0,"turns":2.0},{"damage":10.0,"enemies":"Gremlin Leader","floor":27.0,"turns":5.0},{"damage":0.0,"enemies":"Sentry and Sphere","floor":28.0,"turns":2.0},{"damage":2.0,"enemies":"Snake Plant","floor":29.0,"turns":6.0},{"damage":15.0,"enemies":"Masked Bandits","floor":31.0,"turns":4.0},{"damage":35.0,"enemies":"Champ","floor":33.0,"turns":18.0},{"damage":0.0,"enemies":"Orb Walker","floor":35.0,"turns":4.0},{"damage":0.0,"enemies":"3 Darklings","floor":37.0,"turns":4.0},{"damage":0.0,"enemies":"Transient","floor":38.0,"turns":5.0},{"damage":3.0,"enemies":"Writhing Mass","floor":44.0,"turns":2.0},{"damage":0.0,"enemies":"Maw","floor":45.0,"turns":8.0},{"damage":13,"enemies":"Awakened One","floor":50,"turns":21},{"damage":5,"enemies":"Shield and Spear","floor":54,"turns":6},{"damage":29,"enemies":"The Heart","floor":55,"turns":9}],"seed_played":"1623414330022858977","potions_obtained":[{"floor":1.0,"key":"Block Potion"},{"floor":4.0,"key":"LiquidBronze"},{"floor":12.0,"key":"SteroidPotion"},{"floor":13.0,"key":"Poison Potion"},{"floor":18.0,"key":"SteroidPotion"},{"floor":21.0,"key":"Ancient Potion"},{"floor":28.0,"key":"Energy Potion"},{"floor":31.0,"key":"PowerPotion"},{"floor":33.0,"key":"Poison Potion"},{"floor":35.0,"key":"PowerPotion"},{"floor":45.0,"key":"Block Potion"},{"floor":54,"key":"AttackPotion"}],"is_trial":false,"path_per_floor":["M","M","M","M","$","E","R","M","T","M","R","M","E","M","R","B",null,"M","$","M","M","M","R","E","R","T","E","M","M","R","?","R","B",null,"M","$","M","M","?","R","?","R","T","M","M","$","?","$","R","B",null,"R","$","E","B",null],"character_chosen":"THE_SILENT","items_purchased":["Burst","Paper Crane","Acrobatics","Tactician","Prepared","Footwork"],"campfire_rested":5,"item_purchase_floors":[5,19,36,46,48,48],"current_hp_per_floor":[70,70,70,69,69,62,62,62,62,41,62,62,60,60,60,55,70,66,66,66,52,52,70,56,56,56,46,46,44,65,50,70,35,70,70,70,70,70,60,60,60,60,60,57,57,57,57,57,70,57,70,70,70,65,41],"gold":71,"neow_bonus":"THREE_CARDS","is_prod":false,"is_daily":false,"chose_seed":false,"campfire_upgraded":5,"win_rate":0,"timestamp":1558301538,"path_taken":["M","M","M","M","$","E","R","M","T","M","R","M","E","M","R","BOSS","M","?","?","M","M","R","E","R","T","E","M","M","R","?","R","BOSS","M","$","M","M","?","R","?","R","T","M","?","$","?","$","R","BOSS","R","$","E","BOSS"],"build_version":"2019-01-23","purchased_purges":2,"victory":true,"max_hp_per_floor":[70,70,70,70,70,70,70,70,70,70,70,70,70,70,70,70,70,70,70,70,70,70,70,70,70,70,70,70,70,70,70,70,70,70,70,70,70,70,70,70,70,70,70,70,70,70,70,70,70,70,70,70,70,70,70],"card_choices":[{"not_picked":["Terror","Blade Dance"],"picked":"All Out Attack","floor":0.0},{"not_picked":["Bane","Dodge and Roll"],"picked":"Cloak And Dagger","floor":1.0},{"not_picked":["Masterful Stab","Crippling Poison"],"picked":"Backstab","floor":2.0},{"not_picked":["Deadly Poison","Tactician"],"picked":"Backflip","floor":3.0},{"not_picked":["Underhanded Strike","Blade Dance"],"picked":"Escape Plan","floor":4.0},{"not_picked":["Dagger Spray","Deadly Poison"],"picked":"Tactician","floor":6.0},{"not_picked":["Finisher","Caltrops"],"picked":"Cloak And Dagger","floor":8.0},{"not_picked":["Dodge and Roll","Underhanded Strike","Sucker Punch"],"picked":"SKIP","floor":10.0},{"not_picked":["Poisoned Stab","Sucker Punch"],"picked":"Well Laid Plans","floor":12.0},{"not_picked":["Deadly Poison","Backflip"],"picked":"Corpse Explosion","floor":13.0},{"not_picked":["Prepared","Dodge and Roll"],"picked":"Backflip","floor":14.0},{"not_picked":["Night Terror","Phantasmal Killer"],"picked":"After Image","floor":16.0},{"not_picked":["Dodge and Roll","Terror+1"],"picked":"Bouncing Flask+1","floor":18.0},{"not_picked":["Cloak And Dagger","Prepared"],"picked":"Acrobatics+1","floor":20.0},{"not_picked":["Flying Knee","Caltrops","Dodge and Roll"],"picked":"SKIP","floor":21.0},{"not_picked":["Bane","Dagger Spray+1"],"picked":"Leg Sweep","floor":22.0},{"not_picked":["Dodge and Roll","Skewer"],"picked":"Catalyst+1","floor":24.0},{"not_picked":["Well Laid Plans","Eviscerate"],"picked":"Leg Sweep","floor":27.0},{"not_picked":["Slice+1","Deflect"],"picked":"Cloak And Dagger","floor":28.0},{"not_picked":["Deflect","Prepared"],"picked":"After Image","floor":29.0},{"not_picked":["Blade Dance","Outmaneuver"],"picked":"Escape Plan+1","floor":31.0},{"not_picked":["Die Die Die","Glass Knife"],"picked":"Burst","floor":33.0},{"not_picked":[],"picked":"PiercingWail+1","floor":35.0},{"not_picked":[],"picked":"Dagger Throw+1","floor":37.0},{"not_picked":["Riddle With Holes"],"picked":"SKIP","floor":38.0},{"not_picked":[],"picked":"Finesse","floor":39.0},{"not_picked":[],"picked":"Catalyst","floor":44.0},{"not_picked":[],"picked":"Dagger Throw+1","floor":45.0},{"not_picked":["Flying Knee+1"],"picked":"SKIP","floor":54}],"player_experience":117991,"relics_obtained":[{"floor":6.0,"key":"Ancient Tea Set"},{"floor":9.0,"key":"Kunai"},{"floor":13.0,"key":"Tingsha"},{"floor":24.0,"key":"Ornamental Fan"},{"floor":27.0,"key":"Orichalcum"},{"floor":31.0,"key":"Red Mask"},{"floor":43.0,"key":"Vajra"},{"floor":54,"key":"Pantograph"}],"event_choices":[{"damage_healed":0.0,"max_hp_gain":0.0,"max_hp_loss":0.0,"gold_gain":0.0,"event_name":"Masked Bandits","player_choice":"Fought Bandits","floor":31.0,"gold_loss":0.0,"damage_taken":0.0},{"damage_healed":0.0,"max_hp_gain":0.0,"max_hp_loss":0.0,"gold_gain":0.0,"event_name":"SensoryStone","player_choice":"Memory 3","floor":39.0,"gold_loss":0.0,"damage_taken":10.0},{"cards_removed":["Strike_G"],"damage_healed":0.0,"max_hp_gain":0.0,"max_hp_loss":0.0,"gold_gain":0.0,"event_name":"Bonfire Elementals","player_choice":"Offered Basic","floor":41.0,"gold_loss":0.0,"damage_taken":0.0},{"damage_healed":0.0,"max_hp_gain":0.0,"max_hp_loss":0.0,"gold_gain":0.0,"event_name":"Accursed Blacksmith","player_choice":"Rummage","floor":47.0,"gold_loss":0.0,"damage_taken":0.0,"relics_obtained":["WarpedTongs"],"cards_obtained":["Pain"]}],"is_beta":false,"boss_relics":[{"not_picked":["Velvet Choker","Tiny House"],"picked":"Runic Dome"},{"not_picked":["White Beast Statue","Runic Pyramid"],"picked":"Busted Crown"}],"items_purged_floors":[5,48],"is_endless":false,"potions_floor_spawned":[1,4,12,13,18,20,21,28,31,33,35,45,54],"ascension_level":1}