{"gold_per_floor":[14,14,24,124,144,174,174,23,23,36,49,49,76,91,91,192,192,192,73,73,73,73,73,73,73,73,73,28,28,6,6,6,6,6,6,6,6,6,6,6,6,6,6,6,6,6,6,6,6,6,6,6,6,6,6],"floor_reached":55,"playtime":4719,"items_purged":["Defend_G"],"score":1002,"play_id":"80212b3f-6332-44ba-a431-271c0cf9cfe0","local_time":"20190521172622","is_ascension_mode":true,"campfire_choices":[{"floor":7.0,"key":"REST"},{"floor":15.0,"key":"REST"},{"floor":23.0,"key":"REST"},{"data":"Accuracy","floor":29,"key":"SMITH"},{"floor":32,"key":"REST"},{"data":"Adrenaline","floor":41,"key":"SMITH"},{"floor":45,"key":"REST"},{"floor":49,"key":"RECALL"},{"data":"Infinite Blades","floor":52,"key":"SMITH"}],"neow_cost":"NO_GOLD","seed_source_timestamp":0,"circlet_count":0,"master_deck":["Defend_G","Defend_G","Defend_G","Defend_G","Strike_G","Strike_G","Strike_G","Strike_G","Survivor","Neutralize","Cloak And Dagger","Bullet Time","Well Laid Plans","Terror","Cloak And Dagger","Infinite Blades+1","Footwork","Skewer+1","Quick Slash+1","Reflex","After Image","Leg Sweep","Footwork","Accuracy+1","Expertise+1","Cloak And Dagger","After Image","Acrobatics+1","Endless Agony+1","Flying Knee+1","Well Laid Plans+1","Adrenaline+1","Endless Agony+1","Finisher+1","Sadistic Nature+1","Distraction+1","Blade Dance","Infinite Blades+1","Choke+1","Footwork+1"],"special_seed":0,"relics":["Ring of the Snake","Tough Bandages","Dream Catcher","The Courier","Molten Egg 2","Ectoplasm","Red Mask","Mummified Hand","Tingsha","Darkstone Periapt","Frozen Egg 2","MutagenicStrength","WristBlade","Ginger","Bottled Flame","Ancient Tea Set","Boot","Blood Vial"],"potions_floor_usage":[42,54,55],"damage_taken":[{"damage":3.0,"enemies":"Jaw Worm","floor":1.0,"turns":4.0},{"damage":0.0,"enemies":"Small Slimes","floor":3.0,"turns":4.0},{"damage":6.0,"enemies":"Cultist","floor":5.0,"turns":5.0},{"damage":39.0,"enemies":"Gremlin Nob","floor":6.0,"turns":7.0},{"damage":1.0,"enemies":"Lots of Slimes","floor":10.0,"turns":6.0},{"damage":2.0,"enemies":"Looter","floor":11.0,"turns":5.0},{"damage":3.0,"enemies":"Lagavulin","floor":13.0,"turns":8.0},{"damage":10.0,"enemies":"3 Louse","floor":14.0,"turns":3.0},{"damage":11.0,"enemies":"The Guardian","floor":16.0,"turns":8.0},{"damage":6.0,"enemies":"Shell Parasite","floor":18.0,"turns":5.0},{"damage":12.0,"enemies":"Masked Bandits","floor":20.0,"turns":6.0},{"damage":4.0,"enemies":"Book of Stabbing","floor":24.0,"turns":6.0},{"damage":0.0,"enemies":"Colosseum Slavers","floor":25.0,"turns":6.0},{"damage":22.0,"enemies":"Colosseum Nobs","floor":25.0,"turns":6.0},{"damage":0,"enemies":"2 Thieves","floor":28,"turns":5},{"damage":34,"enemies":"Automaton","floor":33,"turns":13},{"damage":0,"enemies":"Orb Walker","floor":35,"turns":4},{"damage":0,"enemies":"Mind Bloom Boss Battle","floor":36,"turns":7},{"damage":4,"enemies":"3 Shapes","floor":37,"turns":3},{"damage":3,"enemies":"Spire Growth","floor":38,"turns":3},{"damage":0,"enemies":"Giant Head","floor":40,"turns":7},{"damage":49,"enemies":"Reptomancer","floor":42,"turns":6},{"damage":0,"enemies":"Maw","floor":44,"turns":6},{"damage":0,"enemies":"Transient","floor":46,"turns":5},{"damage":0,"enemies":"Spire Growth","floor":47,"turns":2},{"damage":0,"enemies":"Jaw Worm Horde","floor":48,"turns":3},{"damage":37,"enemies":"Donu and Deca","floor":50,"turns":9},{"damage":48,"enemies":"Shield and Spear","floor":54,"turns":7},{"damage":44,"enemies":"The Heart","floor":55,"turns":2}],"seed_played":"-8016371935066483319","potions_obtained":[{"floor":5.0,"key":"GhostInAJar"},{"floor":6.0,"key":"PowerPotion"},{"floor":10.0,"key":"SteroidPotion"},{"floor":14.0,"key":"GamblersBrew"},{"floor":16.0,"key":"Weak Potion"},{"floor":18.0,"key":"Regen Potion"},{"floor":20.0,"key":"Block Potion"},{"floor":28,"key":"SpeedPotion"},{"floor":33,"key":"SpeedPotion"},{"floor":35,"key":"EssenceOfSteel"},{"floor":42,"key":"Poison Potion"}],"is_trial":false,"path_per_floor":["M","?","M","?","M","E","R","$","T","M","M","?","E","M","R","B",null,"M","$","?","?","?","R","E","?","T","?","M","R","$","T","R","B",null,"M","?","M","M","?","E","R","E","T","M","R","M","M","M","R","B",null,"R","$","E","B"],"character_chosen":"THE_SILENT","items_purchased":["Infinite Blades","Footwork","Accuracy","Flying Knee+1"],"campfire_rested":5,"item_purchase_floors":[8,19,19,30],"current_hp_per_floor":[67,60,60,60,54,15,36,36,36,35,33,56,53,43,64,53,70,64,64,52,52,39,61,57,49,49,49,49,49,49,49,71,37,75,75,75,71,68,68,68,68,19,19,19,41,41,41,41,41,4,75,75,75,27,0],"gold":6,"neow_bonus":"ONE_RARE_RELIC","is_prod":false,"is_daily":false,"chose_seed":false,"campfire_upgraded":3,"win_rate":0,"timestamp":1558452382,"path_taken":["M","?","M","?","M","E","R","$","T","?","?","?","E","M","R","BOSS","M","$","?","?","?","R","E","?","T","?","?","R","$","?","R","BOSS","M","?","M","M","?","E","R","E","T","M","R","M","M","M","R","BOSS","R","$","E","BOSS"],"build_version":"2019-05-07","purchased_purges":1,"victory":false,"max_hp_per_floor":[70,70,70,70,70,70,70,70,70,70,70,70,70,70,70,70,70,70,70,70,70,75,75,75,75,75,75,75,75,75,75,75,75,75,75,75,75,75,75,75,75,75,75,75,75,75,75,75,75,75,75,75,75,75,75],"card_choices":[{"not_picked":["Underhanded Strike","PiercingWail"],"picked":"Cloak And Dagger","floor":1.0},{"not_picked":["Expertise","Deadly Poison"],"picked":"Bullet Time","floor":3.0},{"not_picked":["Bane","Outmaneuver"],"picked":"Well Laid Plans","floor":5.0},{"not_picked":["Well Laid Plans","Bane"],"picked":"Terror","floor":6.0},{"not_picked":["Sucker Punch","PiercingWail"],"picked":"Cloak And Dagger","floor":7.0},{"not_picked":["Masterful Stab","Dagger Spray"],"picked":"Footwork","floor":10.0},{"not_picked":["Underhanded Strike","Setup","Deflect"],"picked":"SKIP","floor":11.0},{"not_picked":["Finisher","Quick Slash"],"picked":"Skewer","floor":13.0},{"not_picked":["Backstab+1","Backflip"],"picked":"Quick Slash+1","floor":14.0},{"not_picked":["Deflect","Expertise"],"picked":"Reflex","floor":15.0},{"not_picked":["Bullet Time","Night Terror"],"picked":"After Image","floor":16.0},{"not_picked":["Catalyst","Deadly Poison"],"picked":"Leg Sweep","floor":18.0},{"not_picked":["Quick Slash+1","Dagger Throw+1"],"picked":"Expertise+1","floor":20.0},{"not_picked":["Backstab+1","Quick Slash+1"],"picked":"Cloak And Dagger","floor":23.0},{"not_picked":["Deadly Poison","Eviscerate+1"],"picked":"After Image","floor":24.0},{"not_picked":["Sucker Punch+1","Tactician"],"picked":"Acrobatics+1","floor":25},{"not_picked":["All Out Attack+1","Deadly Poison"],"picked":"Endless Agony+1","floor":28},{"not_picked":["Dagger Spray+1","Calculated Gamble+1"],"picked":"Well Laid Plans+1","floor":32},{"not_picked":["Die Die Die+1","Envenom+1"],"picked":"Adrenaline","floor":33},{"not_picked":["Deflect+1","Dagger Throw+1","Poisoned Stab+1"],"picked":"SKIP","floor":35},{"not_picked":["Dagger Spray+1","Dodge and Roll+1"],"picked":"Endless Agony+1","floor":36},{"not_picked":["Flying Knee+1","Deadly Poison+1","Bane+1"],"picked":"SKIP","floor":37},{"not_picked":["Backflip+1","Choke+1"],"picked":"Finisher+1","floor":38},{"not_picked":["PanicButton","Dark Shackles"],"picked":"Sadistic Nature+1","floor":39},{"not_picked":["Backflip","Dagger Throw+1","Quick Slash+1"],"picked":"SKIP","floor":40},{"not_picked":["Poisoned Stab+1","Sucker Punch+1"],"picked":"Distraction+1","floor":42},{"not_picked":["All Out Attack+1","Crippling Poison","Leg Sweep"],"picked":"SKIP","floor":44},{"not_picked":["Slice+1","Grand Finale+1"],"picked":"Blade Dance","floor":45},{"not_picked":["Flying Knee+1","Sucker Punch+1","Poisoned Stab+1"],"picked":"SKIP","floor":46},{"not_picked":["Predator+1","Slice+1"],"picked":"Infinite Blades+1","floor":47},{"not_picked":["Setup","Night Terror"],"picked":"Choke+1","floor":48},{"not_picked":["Slice+1","Prepared+1"],"picked":"Footwork+1","floor":54}],"player_experience":407459,"relics_obtained":[{"floor":6.0,"key":"Dream Catcher"},{"floor":9.0,"key":"The Courier"},{"floor":13.0,"key":"Molten Egg 2"},{"floor":20.0,"key":"Red Mask"},{"floor":24.0,"key":"Mummified Hand"},{"floor":25,"key":"Tingsha"},{"floor":25,"key":"Darkstone Periapt"},{"floor":26,"key":"Frozen Egg 2"},{"floor":36,"key":"Ginger"},{"floor":40,"key":"Bottled Flame"},{"floor":42,"key":"Ancient Tea Set"},{"floor":43,"key":"Boot"},{"floor":54,"key":"Blood Vial"}],"event_choices":[{"cards_removed":["Strike_G"],"damage_healed":0.0,"max_hp_gain":0.0,"max_hp_loss":0.0,"gold_gain":0.0,"event_name":"Golden Wing","player_choice":"Card Removal","floor":2.0,"gold_loss":0.0,"damage_taken":7.0},{"damage_healed":0.0,"max_hp_gain":0.0,"max_hp_loss":0.0,"gold_gain":100.0,"event_name":"Wheel of Change","player_choice":"Gold","floor":4.0,"gold_loss":0.0,"damage_taken":0.0},{"damage_healed":23.0,"max_hp_gain":0.0,"max_hp_loss":0.0,"gold_gain":0.0,"event_name":"Big Fish","player_choice":"Banana","floor":12.0,"gold_loss":0.0,"damage_taken":0.0},{"damage_healed":0.0,"max_hp_gain":0.0,"max_hp_loss":0.0,"gold_gain":0.0,"event_name":"Masked Bandits","player_choice":"Fought Bandits","floor":20.0,"gold_loss":0.0,"damage_taken":0.0},{"damage_healed":0.0,"max_hp_gain":0.0,"max_hp_loss":0.0,"gold_gain":0.0,"event_name":"Beggar","player_choice":"Ignored","floor":21.0,"gold_loss":0.0,"damage_taken":0.0},{"damage_healed":0.0,"max_hp_gain":5.0,"max_hp_loss":0.0,"gold_gain":0.0,"event_name":"Forgotten Altar","player_choice":"Shed Blood","floor":22.0,"gold_loss":0.0,"damage_taken":18.0},{"damage_healed":0.0,"max_hp_gain":0.0,"max_hp_loss":0.0,"gold_gain":0.0,"event_name":"Colosseum","player_choice":"Fight","floor":25.0,"gold_loss":0.0,"damage_taken":0.0},{"damage_healed":0.0,"max_hp_gain":0.0,"max_hp_loss":0.0,"gold_gain":0.0,"event_name":"Colosseum","player_choice":"Fought Nobs","floor":25.0,"gold_loss":0.0,"damage_taken":0.0},{"damage_healed":0,"gold_gain":0,"player_choice":"Inject Mutagens","damage_taken":0,"relics_obtained":["MutagenicStrength"],"max_hp_gain":0,"max_hp_loss":0,"event_name":"Drug Dealer","floor":27,"gold_loss":0},{"damage_healed":0,"gold_gain":0,"player_choice":"Fight","damage_taken":0,"max_hp_gain":0,"max_hp_loss":0,"event_name":"MindBloom","floor":36,"gold_loss":0},{"damage_healed":0,"gold_gain":0,"player_choice":"Memory 1","damage_taken":0,"max_hp_gain":0,"max_hp_loss":0,"event_name":"SensoryStone","floor":39,"gold_loss":0}],"is_beta":true,"boss_relics":[{"not_picked":["Snecko Eye","Orrery"],"picked":"Ectoplasm"},{"not_picked":["Runic Dome","Calling Bell"],"picked":"WristBlade"}],"items_purged_floors":[8],"is_endless":false,"potions_floor_spawned":[5,6,10,14,16,18,20,28,33,35,36,38,42],"killed_by":"The Heart","ascension_level":1}