{"gold_per_floor":[110,158,178,190,200,200,46,56,83,83,110,185,204,216,216,287,287,302,302,302,14,31,31,51,51,51,51,12,24,35,64,76,159,171,203,215,227,252,364,376,402,414,449,461,487,69,85,95,95,95],"floor_reached":51,"playtime":2864,"items_purged":["Strike_B"],"score":1174,"play_id":"3c5b9f1b-59c0-4c19-bd7f-7c7c0e1b35c0","local_time":"20190425150237","is_ascension_mode":true,"campfire_choices":[{"data":"Streamline","floor":6.0,"key":"SMITH"},{"data":"White Noise","floor":10.0,"key":"SMITH"},{"floor":15.0,"key":"REST"},{"floor":23.0,"key":"REST"},{"data":"Capacitor","floor":25.0,"key":"SMITH"},{"data":"Hologram","floor":27.0,"key":"SMITH"},{"floor":32.0,"key":"REST"},{"floor":40.0,"key":"DIG"},{"data":"Recycle","floor":42.0,"key":"SMITH"},{"floor":44.0,"key":"DIG"},{"data":"Biased Cognition","floor":49,"key":"SMITH"}],"neow_cost":"NONE","seed_source_timestamp":312550072997514,"circlet_count":0,"master_deck":["AscendersBane","Defend_B","Defend_B","Defend_B","Defend_B","Zap","Dualcast","Capacitor+1","White Noise+1","Streamline+1","Hologram+1","Cold Snap","Ball Lightning","Coolheaded","Recycle+1","Ball Lightning","Core Surge","Glacier","Cold Snap","Glacier","Conserve Battery","Self Repair","Defragment+1","Sunder+1","Biased Cognition+1","Redo+1","Double Energy","Loop","Cold Snap"],"special_seed":0,"relics":["Cracked Core","Ancient Tea Set","Vajra","Strawberry","Bronze Scales","Lizard Tail","Meat on the Bone","Pantograph","MawBank","Calling Bell","Boot","Mummified Hand","Shovel","Girya","Gremlin Horn","Happy Flower","Regal Pillow","OrangePellets","Art of War"],"potions_floor_usage":[50,50],"damage_taken":[{"damage":1.0,"enemies":"Cultist","floor":1.0,"turns":3.0},{"damage":0.0,"enemies":"2 Louse","floor":3.0,"turns":3.0},{"damage":7.0,"enemies":"Jaw Worm","floor":4.0,"turns":2.0},{"damage":22.0,"enemies":"Exordium Wildlife","floor":5.0,"turns":3.0},{"damage":11.0,"enemies":"Large Slime","floor":8.0,"turns":2.0},{"damage":12.0,"enemies":"Gremlin Nob","floor":11.0,"turns":3.0},{"damage":2.0,"enemies":"Looter","floor":13.0,"turns":3.0},{"damage":0.0,"enemies":"2 Fungi Beasts","floor":14.0,"turns":3.0},{"damage":9.0,"enemies":"Slime Boss","floor":16.0,"turns":7.0},{"damage":31.0,"enemies":"Shell Parasite","floor":18.0,"turns":4.0},{"damage":7.0,"enemies":"Spheric Guardian","floor":22.0,"turns":4.0},{"damage":6.0,"enemies":"Centurion and Healer","floor":24.0,"turns":9.0},{"damage":0.0,"enemies":"Sentry and Sphere","floor":29.0,"turns":7.0},{"damage":28.0,"enemies":"Snake Plant","floor":30.0,"turns":4.0},{"damage":52.0,"enemies":"Book of Stabbing","floor":31.0,"turns":7.0},{"damage":34.0,"enemies":"Collector","floor":33.0,"turns":16.0},{"damage":8.0,"enemies":"3 Shapes","floor":35.0,"turns":6.0},{"damage":0.0,"enemies":"Orb Walker","floor":38.0,"turns":4.0},{"damage":0.0,"enemies":"Mind Bloom Boss Battle","floor":39.0,"turns":9.0},{"damage":17.0,"enemies":"4 Shapes","floor":41.0,"turns":6.0},{"damage":47.0,"enemies":"3 Darklings","floor":45.0,"turns":5.0},{"damage":0.0,"enemies":"Spire Growth","floor":47.0,"turns":7.0},{"damage":29.0,"enemies":"Transient","floor":48.0,"turns":6.0},{"damage":60,"enemies":"Awakened One","floor":50,"turns":23}],"seed_played":"7161727818369980301","potions_obtained":[{"floor":1.0,"key":"FocusPotion"},{"floor":3.0,"key":"GamblersBrew"},{"floor":11.0,"key":"Block Potion"},{"floor":24.0,"key":"PowerPotion"},{"floor":31.0,"key":"GamblersBrew"},{"floor":38.0,"key":"Strength Potion"},{"floor":39.0,"key":"FocusPotion"}],"is_trial":false,"path_per_floor":["M","T","M","M","M","R","$","M","T","R","E","?","M","M","R","B",null,"M","?","?","$","M","R","M","R","T","R","$","M","M","E","R","B",null,"M","?","?","M","?","R","M","R","T","R","M","$","M","M","R","B",null],"character_chosen":"DEFECT","items_purchased":["Cold Snap","Ball Lightning","Meat on the Bone","Self Repair","OrangePellets","Loop","Art of War"],"campfire_rested":3,"item_purchase_floors":[7,7,21,28,46,46,46],"current_hp_per_floor":[63,63,63,56,34,34,34,23,30,30,18,7,5,5,28,19,63,32,32,32,32,37,60,54,54,54,54,54,68,40,58,78,51,71,70,70,70,70,74,74,64,64,64,64,36,36,55,45,45,22],"gold":95,"neow_bonus":"RANDOM_COMMON_RELIC","is_prod":false,"is_daily":false,"chose_seed":false,"campfire_upgraded":6,"win_rate":0,"timestamp":1556172157,"path_taken":["M","?","M","M","M","R","$","M","T","R","E","?","M","M","R","BOSS","M","?","?","?","M","R","M","R","T","R","$","M","M","E","R","BOSS","M","?","?","M","?","R","M","R","T","R","M","$","M","M","R","BOSS"],"build_version":"2019-01-23","purchased_purges":1,"victory":true,"max_hp_per_floor":[71,71,71,71,71,71,71,71,78,78,78,78,78,78,78,78,78,78,78,78,78,78,78,78,78,78,78,78,78,78,78,78,78,78,78,74,74,74,74,74,74,74,74,74,74,74,74,74,74,74],"card_choices":[{"not_picked":["Rip and Tear","Compile Driver"],"picked":"Capacitor","floor":1.0},{"not_picked":["Consume","Ball Lightning"],"picked":"White Noise","floor":3.0},{"not_picked":["Multi-Cast","Skim"],"picked":"Streamline","floor":4.0},{"not_picked":["Leap","Turbo"],"picked":"Hologram","floor":5.0},{"not_picked":["Tempest","Go for the Eyes","Barrage"],"picked":"SKIP","floor":8.0},{"not_picked":["Steam","Leap"],"picked":"Coolheaded","floor":11.0},{"not_picked":["Conserve Battery","Stack"],"picked":"Recycle","floor":13.0},{"not_picked":["Rebound","Gash"],"picked":"Ball Lightning","floor":14.0},{"not_picked":["Machine Learning","Buffer"],"picked":"Core Surge","floor":16.0},{"not_picked":["Rebound","Go for the Eyes"],"picked":"Glacier","floor":18.0},{"not_picked":["BootSequence","Ball Lightning"],"picked":"Conserve Battery","floor":22.0},{"not_picked":["Lockon","Compile Driver","Undo"],"picked":"SKIP","floor":24.0},{"not_picked":["Lockon","Compile Driver","Undo"],"picked":"SKIP","floor":24.0},{"not_picked":["Stack","Hologram","Barrage"],"picked":"SKIP","floor":29.0},{"not_picked":["Loop","Darkness+1"],"picked":"Defragment+1","floor":30.0},{"not_picked":["Doom and Gloom","Gash+1"],"picked":"Sunder+1","floor":31.0},{"not_picked":["Multi-Cast","Reboot"],"picked":"Biased Cognition","floor":33.0},{"not_picked":["Beam Cell","Static Discharge+1"],"picked":"Redo+1","floor":35.0},{"not_picked":["Gash","Conserve Battery","Genetic Algorithm"],"picked":"SKIP","floor":38.0},{"not_picked":["Barrage","Conserve Battery"],"picked":"Double Energy","floor":39.0},{"not_picked":["Hologram","Gash+1","Undo+1"],"picked":"SKIP","floor":41.0},{"not_picked":["Redo","Thunder Strike","Undo+1"],"picked":"SKIP","floor":45.0},{"not_picked":["Doom and Gloom","Ball Lightning"],"picked":"Cold Snap","floor":47.0},{"not_picked":["Hello World","Steam+1","Rebound"],"picked":"SKIP","floor":48.0}],"player_experience":283704,"relics_obtained":[{"floor":2.0,"key":"Vajra"},{"floor":9.0,"key":"Strawberry"},{"floor":11.0,"key":"Bronze Scales"},{"floor":26.0,"key":"Pantograph"},{"floor":31.0,"key":"MawBank"},{"floor":34.0,"key":"Boot"},{"floor":34.0,"key":"Mummified Hand"},{"floor":34.0,"key":"Shovel"},{"floor":39.0,"key":"Girya"},{"floor":40.0,"key":"Gremlin Horn"},{"floor":43.0,"key":"Happy Flower"},{"floor":44.0,"key":"Regal Pillow"}],"event_choices":[{"damage_healed":0.0,"max_hp_gain":0.0,"max_hp_loss":0.0,"gold_gain":75.0,"event_name":"World of Goop","player_choice":"Gather Gold","floor":12.0,"gold_loss":0.0,"damage_taken":11.0},{"cards_removed":["Strike_B"],"damage_healed":0.0,"max_hp_gain":0.0,"max_hp_loss":0.0,"gold_gain":0.0,"event_name":"Back to Basics","player_choice":"Elegance","floor":19.0,"gold_loss":0.0,"damage_taken":0.0},{"damage_healed":0.0,"max_hp_gain":0.0,"max_hp_loss":0.0,"gold_gain":0.0,"cards_transformed":["Strike_B","Strike_B"],"event_name":"Drug Dealer","player_choice":"Became Test Subject","floor":20.0,"gold_loss":0.0,"damage_taken":0.0,"cards_obtained":["Cold Snap","Glacier"]},{"damage_healed":0.0,"max_hp_gain":0.0,"max_hp_loss":4.0,"gold_gain":0.0,"event_name":"Winding Halls","player_choice":"Max HP","floor":36.0,"gold_loss":0.0,"damage_taken":0.0},{"damage_healed":0.0,"max_hp_gain":0.0,"max_hp_loss":0.0,"gold_gain":0.0,"event_name":"Tomb of Lord Red Mask","player_choice":"Ignored","floor":37.0,"gold_loss":0.0,"damage_taken":0.0},{"damage_healed":0.0,"max_hp_gain":0.0,"max_hp_loss":0.0,"gold_gain":0.0,"event_name":"MindBloom","player_choice":"Fight","floor":39.0,"gold_loss":0.0,"damage_taken":0.0}],"is_beta":false,"boss_relics":[{"not_picked":["Busted Crown","Philosopher\u0027s Stone"],"picked":"Lizard Tail"},{"not_picked":["Runic Pyramid","Black Star"],"picked":"Calling Bell"}],"items_purged_floors":[7],"is_endless":false,"potions_floor_spawned":[1,3,11,13,24,31,38,39,47],"ascension_level":17}