{"gold_per_floor":[116,116,132,150,160,192,210,210,210,210,223,21,21,46,46,147,147,163,289,302,352,417,417,435,469,469,469,496,496],"floor_reached":29,"playtime":1103,"items_purged":["Strike_R"],"score":519,"play_id":"90f673f0-770a-4991-a4ef-5a2433e92a1a","local_time":"20190522210109","is_ascension_mode":true,"campfire_choices":[{"data":"Anger","floor":8.0,"key":"SMITH"},{"data":"Bash","floor":10.0,"key":"SMITH"},{"data":"Shockwave","floor":15.0,"key":"SMITH"},{"data":"Fiend Fire","floor":23.0,"key":"SMITH"},{"floor":27,"key":"REST"}],"neow_cost":"NONE","seed_source_timestamp":95786945772212,"circlet_count":0,"master_deck":["Strike_R","Strike_R","Strike_R","Strike_R","Defend_R","Defend_R","Defend_R","Defend_R","Bash+1","Ghostly Armor","Anger+1","Spot Weakness","Disarm","Pommel Strike","Shockwave+1","Feel No Pain","Flex","Fiend Fire+1","True Grit","Battle Trance","Havoc"],"special_seed":0,"relics":["Burning Blood","Strawberry","Charon\u0027s Ashes","SsserpentHead","Mango","Mark of Pain","Matryoshka","Champion Belt","Bronze Scales","Question Card","Omamori"],"potions_floor_usage":[],"damage_taken":[{"damage":6.0,"enemies":"2 Louse","floor":1.0,"turns":3.0},{"damage":0.0,"enemies":"Cultist","floor":3.0,"turns":4.0},{"damage":7.0,"enemies":"Jaw Worm","floor":4.0,"turns":3.0},{"damage":8.0,"enemies":"Red Slaver","floor":5.0,"turns":4.0},{"damage":25.0,"enemies":"3 Sentries","floor":6.0,"turns":8.0},{"damage":9.0,"enemies":"2 Fungi Beasts","floor":7.0,"turns":3.0},{"damage":10.0,"enemies":"Gremlin Gang","floor":11.0,"turns":4.0},{"damage":28.0,"enemies":"Lagavulin","floor":14.0,"turns":6.0},{"damage":25.0,"enemies":"Slime Boss","floor":16.0,"turns":6.0},{"damage":17.0,"enemies":"2 Thieves","floor":18.0,"turns":5.0},{"damage":7.0,"enemies":"Shell Parasite","floor":20.0,"turns":5.0},{"damage":9.0,"enemies":"Centurion and Healer","floor":22.0,"turns":7.0},{"damage":31.0,"enemies":"3 Cultists","floor":24.0,"turns":6.0},{"damage":41.0,"enemies":"Slavers","floor":25.0,"turns":5.0},{"damage":48,"enemies":"Gremlin Leader","floor":28,"turns":7},{"damage":18,"enemies":"Shelled Parasite and Fungi","floor":29,"turns":3}],"seed_played":"6670909133236831259","potions_obtained":[{"floor":1.0,"key":"FairyPotion"},{"floor":3.0,"key":"Energy Potion"},{"floor":11.0,"key":"Fruit Juice"},{"floor":14.0,"key":"SkillPotion"},{"floor":18.0,"key":"Swift Potion"}],"is_trial":false,"path_per_floor":["M","?","M","M","M","E","M","R","T","R","M","$","?","E","R","B",null,"M","T","M","?","M","R","M","E","T","R","E","M"],"character_chosen":"IRONCLAD","items_purchased":["Feel No Pain","Flex"],"campfire_rested":1,"item_purchase_floors":[12,12],"current_hp_per_floor":[88,88,88,87,85,73,70,70,70,70,71,71,71,63,63,44,97,86,86,85,74,71,71,46,11,11,45,17,0],"gold":496,"neow_bonus":"TEN_PERCENT_HP_BONUS","is_prod":false,"is_daily":false,"chose_seed":false,"campfire_upgraded":4,"win_rate":0,"timestamp":1558551669,"path_taken":["M","?","?","M","M","E","M","R","T","R","M","$","?","E","R","BOSS","M","?","M","?","?","R","M","E","T","R","E","M"],"build_version":"2019-01-23","purchased_purges":1,"victory":false,"max_hp_per_floor":[88,88,88,88,88,95,95,95,95,95,100,100,100,114,114,114,114,114,114,114,114,114,114,114,114,114,114,114,114],"card_choices":[{"not_picked":["Combust","Headbutt"],"picked":"Ghostly Armor","floor":1.0},{"not_picked":["Warcry","Pommel Strike"],"picked":"Anger","floor":3.0},{"not_picked":["Sword Boomerang","Sentinel","Sever Soul"],"picked":"SKIP","floor":4.0},{"not_picked":["Sever Soul","Heavy Blade"],"picked":"Spot Weakness","floor":5.0},{"not_picked":["Anger","Twin Strike"],"picked":"Disarm","floor":6.0},{"not_picked":["Feed","Inflame"],"picked":"Pommel Strike","floor":7.0},{"not_picked":["Thunderclap","Warcry"],"picked":"Shockwave","floor":11.0},{"not_picked":["Bludgeon","Second Wind","Pommel Strike"],"picked":"SKIP","floor":14.0},{"not_picked":["Berserk","Reaper"],"picked":"Fiend Fire","floor":16.0},{"not_picked":["Anger","Clothesline+1"],"picked":"True Grit","floor":18.0},{"not_picked":["True Grit","Twin Strike","Blood for Blood"],"picked":"SKIP","floor":20.0},{"not_picked":["Perfected Strike","Metallicize","Power Through"],"picked":"SKIP","floor":22.0},{"not_picked":["Sever Soul+1","Clothesline+1","Reckless Charge"],"picked":"SKIP","floor":24.0},{"not_picked":["Body Slam+1","Inflame"],"picked":"Battle Trance","floor":25},{"not_picked":["Clothesline","Searing Blow","Battle Trance"],"picked":"Havoc","floor":28}],"player_experience":84581,"relics_obtained":[{"floor":6.0,"key":"Strawberry"},{"floor":9.0,"key":"Charon\u0027s Ashes"},{"floor":14.0,"key":"Mango"},{"floor":19.0,"key":"Matryoshka"},{"floor":25,"key":"Champion Belt"},{"floor":26,"key":"Bronze Scales"},{"floor":26,"key":"Question Card"},{"floor":28,"key":"Omamori"}],"event_choices":[{"damage_healed":0.0,"max_hp_gain":0.0,"max_hp_loss":0.0,"gold_gain":0.0,"event_name":"Wheel of Change","player_choice":"Full Heal","floor":2.0,"gold_loss":0.0,"damage_taken":0.0},{"damage_healed":0.0,"max_hp_gain":0.0,"max_hp_loss":0.0,"gold_gain":0.0,"event_name":"FaceTrader","player_choice":"Trade","floor":13.0,"gold_loss":0.0,"damage_taken":0.0,"relics_obtained":["SsserpentHead"]},{"damage_healed":0.0,"max_hp_gain":0.0,"max_hp_loss":0.0,"gold_gain":0.0,"event_name":"Knowing Skull","player_choice":"","floor":21.0,"potions_obtained":[],"gold_loss":0.0,"damage_taken":11.0,"cards_obtained":[]}],"is_beta":false,"boss_relics":[{"not_picked":["Ectoplasm","Runic Cube"],"picked":"Mark of Pain"}],"items_purged_floors":[12],"is_endless":false,"potions_floor_spawned":[1,3,11,14,18,20],"killed_by":"Shelled Parasite and Fungi","ascension_level":5}