{"path_per_floor":["M","M","M","M","M","R","E","R","T","M","$","M","M","?","R","B",null,"M","M","M","?","?","E"],"character_chosen":"THE_SILENT","items_purchased":["Vajra"],"gold_per_floor":[113,125,138,155,167,167,199,199,199,211,67,85,103,103,103,199,199,215,230,248,248,163,195],"floor_reached":24,"campfire_rested":1,"playtime":1801,"current_hp_per_floor":[64,64,64,44,44,44,32,32,32,32,32,27,27,44,65,60,70,48,50,30,14,14,1],"items_purged":[],"gold":195,"score":222,"play_id":"8edf3275-9885-477d-85c3-0eea115108b9","is_prod":false,"is_daily":false,"is_ascension_mode":false,"campfire_upgraded":2,"path_taken":["M","M","M","M","M","R","E","R","T","M","$","M","?","?","R","BOSS","M","?","?","?","?","E","?"],"build_version":"2018-02-16-BETA2","purchased_purges":0,"victory":false,"master_deck":["Defend_G","Defend_G","Defend_G","Defend_G","Defend_G","Strike_G","Strike_G","Strike_G","Strike_G","Strike_G","Survivor","Neutralize","Escape Plan","Infinite Blades+1","Outmaneuver","Blade Dance+1","Quick Slash","Finisher","Acrobatics","Parasite","Tactician","Backstab+1","Backflip","Cloak And Dagger"],"max_hp_per_floor":[70,70,70,70,70,70,70,70,70,70,70,70,70,70,70,70,70,70,70,70,70,70,70],"relics":["Ring of the Snake","Bronze Scales","Anchor","Blood Vial","Vajra","Sozu","Nilry\u0027s Codex","Kunai","Prayer Wheel"],"card_choices":[{"not_picked":["Skewer","Slice"],"picked":"Escape Plan"},{"not_picked":["Doppelganger","Noxious Fumes"],"picked":"Infinite Blades"},{"not_picked":["PiercingWail","Poisoned Stab"],"picked":"Outmaneuver"},{"not_picked":["Underhanded Strike","Malaise"],"picked":"Blade Dance"},{"not_picked":["Dash","Footwork"],"picked":"Quick Slash"},{"not_picked":["Cloak And Dagger","Poisoned Stab"],"picked":"Finisher"},{"not_picked":["Flying Knee","Tools of the Trade"],"picked":"Acrobatics"},{"not_picked":["Night Terror","Venomology"],"picked":"Tactician"},{"not_picked":["Bane","Dagger Throw"],"picked":"Backstab"},{"not_picked":["Slice","Underhanded Strike"],"picked":"Backflip"},{"not_picked":["Slice","Dodge and Roll"],"picked":"Cloak And Dagger"}],"player_experience":73253,"potions_floor_usage":[7,7],"damage_taken":[{"damage":6,"enemies":"Cultist","floor":1,"turns":3},{"damage":0,"enemies":"Jaw Worm","floor":2,"turns":4},{"damage":0,"enemies":"Small Slimes","floor":3,"turns":4},{"damage":20,"enemies":"Gremlin Gang","floor":4,"turns":5},{"damage":0,"enemies":"Looter","floor":5,"turns":4},{"damage":12,"enemies":"Lagavulin","floor":7,"turns":7},{"damage":2,"enemies":"Exordium Thugs","floor":10,"turns":5},{"damage":7,"enemies":"Blue Slaver","floor":12,"turns":2},{"damage":2,"enemies":"2 Fungi Beasts","floor":13,"turns":3},{"damage":7,"enemies":"Slime Boss","floor":16,"turns":7},{"damage":22,"enemies":"Chosen","floor":18,"turns":6},{"damage":0,"enemies":"3 Byrds","floor":19,"turns":3},{"damage":22,"enemies":"3 Cultists","floor":20,"turns":5},{"damage":15,"enemies":"Book of Stabbing","floor":23,"turns":5},{"damage":5,"enemies":"Chosen and Byrds","floor":24,"turns":2}],"event_choices":[{"event_name":"Mushrooms","player_choice":"Healed and dodged fight","floor":14,"damage_taken":0},{"event_name":"Cursed Tome","player_choice":"Obtained Book","floor":21,"damage_taken":0},{"event_name":"Addict","player_choice":"Obtained Relic","floor":22,"damage_taken":0}],"boss_relics":[{"not_picked":["Orrery","White Beast Statue"],"picked":"Sozu"}],"potions_floor_spawned":[1,3,7,12,13,20,23],"seed_played":"6025936886925228227","killed_by":"Chosen and Byrds","ascension_level":0,"is_trial":false}