{"gold_per_floor":[118,135,135,147,160,186,186,186,186,186,219,21,49,69,69,169,169,180,145,11,28,0,33,33,50,50,68,68],"floor_reached":28,"playtime":1966,"items_purged":["Strike_R","Strike_R"],"score":260,"play_id":"2c3e393f-6a5d-4b6c-9e25-3ca29a2e231a","local_time":"20181129161040","is_ascension_mode":false,"campfire_choices":[{"data":"Body Slam","floor":7,"key":"SMITH"},{"floor":15,"key":"REST"},{"data":"Entrench","floor":24,"key":"SMITH"}],"neow_cost":"NONE","seed_source_timestamp":164702148382119,"circlet_count":0,"master_deck":["Strike_R+1","Strike_R","Strike_R","Defend_R","Defend_R","Defend_R","Defend_R","Bash+1","Iron Wave","Ghostly Armor","Body Slam+1","Cleave","Offering","Armaments","Metallicize","Demon Form","Entrench+1","Whirlwind+1","Shrug It Off","Juggernaut","Body Slam+1"],"relics":["Burning Blood","Whetstone","Gambling Chip","StoneCalendar","Molten Egg 2","Lizard Tail","Orichalcum","Shovel"],"potions_floor_usage":[16,18,21,23,27],"damage_taken":[{"damage":10,"enemies":"Cultist","floor":1,"turns":4},{"damage":6,"enemies":"Jaw Worm","floor":2,"turns":3},{"damage":0,"enemies":"2 Louse","floor":4,"turns":2},{"damage":10,"enemies":"Looter","floor":5,"turns":3},{"damage":26,"enemies":"Gremlin Nob","floor":6,"turns":6},{"damage":21,"enemies":"Lagavulin","floor":11,"turns":6},{"damage":10,"enemies":"3 Sentries","floor":13,"turns":7},{"damage":6,"enemies":"Red Slaver","floor":14,"turns":2},{"damage":31,"enemies":"The Guardian","floor":16,"turns":15},{"damage":33,"enemies":"Spheric Guardian","floor":18,"turns":6},{"damage":24,"enemies":"2 Thieves","floor":19,"turns":5},{"damage":46,"enemies":"Shelled Parasite and Fungi","floor":21,"turns":4},{"damage":48,"enemies":"Gremlin Leader","floor":23,"turns":9},{"damage":12,"enemies":"Centurion and Healer","floor":25,"turns":6},{"damage":19,"enemies":"3 Cultists","floor":27,"turns":5},{"damage":15,"enemies":"Snecko","floor":28,"turns":6}],"seed_played":"7917582971224138100","potions_obtained":[{"floor":4,"key":"GamblersBrew"},{"floor":6,"key":"Ancient Potion"},{"floor":10,"key":"FairyPotion"},{"floor":10,"key":"EntropicBrew"},{"floor":11,"key":"Block Potion"},{"floor":13,"key":"BloodPotion"},{"floor":16,"key":"Regen Potion"},{"floor":18,"key":"SneckoOil"},{"floor":19,"key":"Dexterity Potion"},{"floor":25,"key":"AttackPotion"}],"is_trial":false,"path_per_floor":["M","M","?","M","M","E","R","?","T","?","E","$","E","M","R","B",null,"M","M","$","M","?","E","R","M","T","M","M"],"character_chosen":"IRONCLAD","items_purchased":["Armaments","Metallicize","Whirlwind+1"],"campfire_rested":1,"item_purchase_floors":[12,12,20],"current_hp_per_floor":[76,76,76,80,76,56,56,56,56,56,41,41,37,37,61,36,80,65,47,47,15,15,31,31,25,25,12,0],"gold":68,"neow_bonus":"RANDOM_COMMON_RELIC","is_prod":false,"is_daily":false,"chose_seed":false,"campfire_upgraded":2,"win_rate":0,"timestamp":1543504240,"path_taken":["M","M","?","M","M","E","R","?","T","?","E","$","E","?","R","BOSS","M","M","$","M","?","E","R","M","T","M","M"],"build_version":"2018-11-15","purchased_purges":2,"victory":false,"max_hp_per_floor":[80,80,80,80,80,80,80,80,80,80,80,80,80,80,80,80,80,80,80,80,80,80,80,80,80,80,80,80],"card_choices":[{"not_picked":["Twin Strike","Uppercut"],"picked":"Iron Wave","floor":1},{"not_picked":["Iron Wave","Sever Soul"],"picked":"Ghostly Armor","floor":2},{"not_picked":["Thunderclap","Wild Strike"],"picked":"Body Slam","floor":4},{"not_picked":["Blood for Blood","Wild Strike"],"picked":"Cleave","floor":5},{"not_picked":["Reckless Charge","Heavy Blade","Uppercut"],"picked":"SKIP","floor":6},{"not_picked":["Wild Strike","Power Through"],"picked":"Offering","floor":11},{"not_picked":["Clash","Power Through","Searing Blow"],"picked":"SKIP","floor":13},{"not_picked":["Clash+1","Wild Strike+1","Armaments"],"picked":"SKIP","floor":14},{"not_picked":["Brutality","Offering"],"picked":"Demon Form","floor":16},{"not_picked":["Headbutt+1","Flex"],"picked":"Entrench","floor":18},{"not_picked":["Evolve+1","Clothesline+1","Perfected Strike+1"],"picked":"SKIP","floor":19},{"not_picked":["Rage","Rupture"],"picked":"Shrug It Off","floor":21},{"not_picked":["Flex","Brutality"],"picked":"Juggernaut","floor":23},{"not_picked":["Sword Boomerang+1","Wild Strike+1","Perfected Strike+1"],"picked":"SKIP","floor":25},{"not_picked":["Wild Strike+1","Sword Boomerang+1"],"picked":"Body Slam+1","floor":27}],"player_experience":255193,"relics_obtained":[{"floor":6,"key":"Gambling Chip"},{"floor":11,"key":"StoneCalendar"},{"floor":13,"key":"Molten Egg 2"},{"floor":23,"key":"Orichalcum"},{"floor":26,"key":"Shovel"}],"event_choices":[{"damage_healed":0,"gold_gain":0,"player_choice":"Ignored","damage_taken":0,"max_hp_gain":0,"max_hp_loss":0,"event_name":"Liars Game","floor":3,"gold_loss":0},{"damage_healed":0,"gold_gain":0,"player_choice":"Fled","damage_taken":0,"max_hp_gain":0,"max_hp_loss":0,"event_name":"Scrap Ooze","floor":8,"gold_loss":0},{"damage_healed":0,"gold_gain":0,"player_choice":"Got Potions","damage_taken":0,"max_hp_gain":0,"max_hp_loss":0,"event_name":"Lab","floor":10,"gold_loss":0},{"damage_healed":0,"gold_gain":0,"player_choice":"Paid Fearfully","damage_taken":0,"max_hp_gain":0,"max_hp_loss":0,"event_name":"Masked Bandits","floor":22,"gold_loss":28}],"is_beta":true,"boss_relics":[{"not_picked":["Pandora\u0027s Box","Coffee Dripper"],"picked":"Lizard Tail"}],"items_purged_floors":[12,20],"is_endless":false,"potions_floor_spawned":[4,6,11,13,16,18,19,25],"killed_by":"Snecko","ascension_level":0}