{"path_per_floor":["M","?","M","?","?","E","R","M","T","M","T","E","R","E","R","B",null,"M","M","?","$","?","E","M","$","T"],"character_chosen":"IRONCLAD","items_purchased":["Darkstone Periapt"],"gold_per_floor":[109,109,122,197,197,238,238,257,257,281,281,320,320,364,364,494,494,513,531,531,199,199,232,245,145,170],"floor_reached":27,"campfire_rested":1,"playtime":1178,"current_hp_per_floor":[80,80,80,69,69,75,75,74,88,83,83,76,76,42,70,11,94,88,83,83,83,83,60,54,54,54],"items_purged":["Injury","Strike_R"],"gold":170,"score":329,"play_id":"b639b6cc-a4e7-4fbb-9910-056b33e82f76","local_time":"20180228185802","is_prod":false,"is_daily":false,"is_ascension_mode":true,"campfire_upgraded":2,"timestamp":1519840682,"path_taken":["M","?","M","?","?","E","R","M","T","M","?","E","R","E","R","BOSS","M","M","?","$","?","E","M","$","T","E"],"build_version":"2018-02-27-BETA1","purchased_purges":2,"victory":false,"master_deck":["Strike_R+1","Strike_R+1","Strike_R+1","Defend_R+1","Defend_R+1","Defend_R+1","Bash+1","Clash","Pommel Strike","Whirlwind+1","Demon Form","Perfected Strike+1","Heavy Blade+1","Shrug It Off"],"max_hp_per_floor":[80,80,80,80,80,80,80,80,94,94,94,94,94,94,94,94,94,94,94,94,94,94,94,94,94,94],"relics":["Burning Blood","NeowsBlessing","Golden Idol","Bag of Marbles","Mango","Happy Flower","Prayer Wheel","Oddly Smooth Stone","Black Star","Darkstone Periapt","Orichalcum","War Paint","Singing Bowl"],"card_choices":[{"not_picked":["Pummel","Shrug It Off"],"picked":"Clash"},{"not_picked":["Carnage","True Grit"],"picked":"Pommel Strike"},{"not_picked":["Clash","Sentinel"],"picked":"Whirlwind"},{"not_picked":["Reaper","Juggernaut"],"picked":"Demon Form"},{"not_picked":["Sword Boomerang","Second Wind"],"picked":"Perfected Strike"},{"not_picked":["Wild Strike","Warcry"],"picked":"Heavy Blade"},{"not_picked":["Power Through","Anger"],"picked":"Shrug It Off"}],"player_experience":136564,"potions_floor_usage":[16,16,19,23,23],"damage_taken":[{"damage":0,"enemies":"Small Slimes","floor":1,"turns":1},{"damage":0,"enemies":"2 Louse","floor":3,"turns":1},{"damage":0,"enemies":"Lagavulin","floor":6,"turns":1},{"damage":7,"enemies":"Jaw Worm","floor":8,"turns":3},{"damage":11,"enemies":"Looter","floor":10,"turns":2},{"damage":13,"enemies":"Gremlin Nob","floor":12,"turns":3},{"damage":40,"enemies":"Lagavulin","floor":14,"turns":4},{"damage":65,"enemies":"The Guardian","floor":16,"turns":7},{"damage":12,"enemies":"3 Byrds","floor":18,"turns":5},{"damage":11,"enemies":"2 Thieves","floor":19,"turns":2},{"damage":29,"enemies":"Book of Stabbing","floor":23,"turns":4},{"damage":12,"enemies":"Snecko","floor":24,"turns":3},{"damage":55,"enemies":"Slavers","floor":27,"turns":4}],"event_choices":[{"event_name":"Living Wall","player_choice":"Forget","floor":2,"damage_taken":0},{"event_name":"World of Goop","player_choice":"Gather Gold","floor":4,"damage_taken":0},{"event_name":"Golden Idol","player_choice":"Take Wound","floor":5,"damage_taken":0},{"event_name":"Back to Basics","player_choice":"Simplicity","floor":20,"damage_taken":0},{"event_name":"Bonfire Elementals","player_choice":"BASIC","floor":22,"damage_taken":0}],"boss_relics":[{"not_picked":["Runic Pyramid","Runic Dome"],"picked":"Black Star"}],"potions_floor_spawned":[6,8,12,16,19,23],"seed_played":"-6204273480429682502","killed_by":"Slavers","ascension_level":4,"is_trial":false}