{"path_per_floor":["M","?","M","M","M","E","R","M","T","R","?","M","?","$","R","B",null,"M","?","$","?","M","R","?","R","T","M","?","M","R","$","R"],"character_chosen":"IRONCLAD","items_purchased":["Bag of Marbles","Armaments"],"gold_per_floor":[118,68,78,91,108,138,138,156,182,182,182,193,173,27,27,127,127,143,58,4,4,17,17,17,17,17,33,33,53,53,53,53],"floor_reached":33,"campfire_rested":1,"playtime":1438,"current_hp_per_floor":[67,67,64,54,57,42,42,44,44,44,37,32,32,32,68,24,72,69,69,69,69,71,71,71,71,71,72,72,72,72,72,72],"items_purged":[],"gold":53,"score":245,"play_id":"78780f01-f2e9-41bd-ad31-472d109b4798","is_prod":false,"is_daily":false,"is_ascension_mode":false,"campfire_upgraded":3,"path_taken":["M","?","M","M","M","E","R","M","T","R","?","M","?","?","R","BOSS","M","?","$","?","M","R","?","R","T","?","?","?","R","$","R","BOSS"],"build_version":"2018-02-15-BETA1","purchased_purges":1,"victory":false,"master_deck":["Strike_R+1","Strike_R+1","Strike_R+1","Strike_R+1","Defend_R+1","Bash","Brutality","Cleave","Offering","Clash","Fire Breathing","Clash","Spot Weakness","Pommel Strike","Anger+1","Offering","Flex+1","Armaments","Power Through+1","Anger+1","Thunderclap+1"],"max_hp_per_floor":[72,72,72,72,72,72,72,72,72,72,72,72,72,72,72,72,72,72,72,72,72,72,72,72,72,72,72,72,72,72,72,72],"relics":["Black Blood","Shovel","Paper Frog","Bag of Preparation","Regal Pillow","Bag of Marbles","Oddly Smooth Stone","Molten Egg 2","Pantograph","Gremlin Horn"],"card_choices":[{"not_picked":["Heavy Blade","Armaments"],"picked":"Offering"},{"not_picked":["Second Wind","Iron Wave"],"picked":"Clash"},{"not_picked":["Wild Strike","Twin Strike"],"picked":"Fire Breathing"},{"not_picked":["Shockwave","Body Slam"],"picked":"Clash"},{"not_picked":["Rage","Warcry"],"picked":"Spot Weakness"},{"not_picked":["Corruption","Perfected Strike"],"picked":"Pommel Strike"},{"not_picked":["Perfected Strike","Wild Strike"],"picked":"Anger"},{"not_picked":["Brutality","Berserk"],"picked":"Offering"},{"not_picked":["Combust","Warcry"],"picked":"Flex"},{"not_picked":["Warcry","Sword Boomerang"],"picked":"Power Through"},{"not_picked":["Blood for Blood","Limit Break"],"picked":"Thunderclap"}],"player_experience":48760,"potions_floor_usage":[33,33,33],"damage_taken":[{"damage":11,"enemies":"Jaw Worm","floor":1,"turns":2},{"damage":9,"enemies":"Small Slimes","floor":3,"turns":2},{"damage":16,"enemies":"2 Louse","floor":4,"turns":2},{"damage":3,"enemies":"Large Slime","floor":5,"turns":5},{"damage":21,"enemies":"Gremlin Nob","floor":6,"turns":4},{"damage":4,"enemies":"Lots of Slimes","floor":8,"turns":2},{"damage":11,"enemies":"Looter","floor":12,"turns":2},{"damage":50,"enemies":"Hexaghost","floor":16,"turns":5},{"damage":13,"enemies":"3 Byrds","floor":18,"turns":2},{"damage":8,"enemies":"2 Thieves","floor":22,"turns":1},{"damage":9,"enemies":"Chosen and Byrds","floor":27,"turns":2},{"damage":10,"enemies":"Snecko","floor":29,"turns":3},{"damage":79,"enemies":"Automaton","floor":33,"turns":6}],"event_choices":[{"event_name":"The Cleric","player_choice":"Card Removal","floor":2,"damage_taken":0},{"event_name":"Golden Wing","player_choice":"Card Removal","floor":11,"damage_taken":0},{"event_name":"The Woman in Blue","player_choice":"Bought 1 Potion","floor":13,"damage_taken":0},{"event_name":"Addict","player_choice":"Obtained Relic","floor":19,"damage_taken":0},{"event_name":"Back to Basics","player_choice":"Simplicity","floor":21,"damage_taken":0},{"event_name":"The Library","player_choice":"Read","floor":24,"damage_taken":0},{"event_name":"The Mausoleum","player_choice":"Yes","floor":28,"damage_taken":0}],"boss_relics":[{"not_picked":["Question Card","Sozu"],"picked":"Black Blood"}],"potions_floor_spawned":[1,12,29],"seed_played":"3929027603480232800","killed_by":"Automaton","ascension_level":0,"is_trial":false}