{"gold_per_floor":[109,60,60,40,59,86,86,104,178,194,39,65,65,77,77,152,152,166,166,181,43,57,69,69,19,19,34,49,65,65,78,78,78],"floor_reached":33,"playtime":2035,"items_purged":["Strike_B","Strike_B","Strike_B"],"score":483,"play_id":"e6c097d0-64dc-49c3-b05e-a8b5db1bf7d3","local_time":"20190422183442","is_ascension_mode":true,"campfire_choices":[{"data":"Beam Cell","floor":7,"key":"SMITH"},{"data":"Genetic Algorithm","floor":13,"key":"SMITH"},{"data":"Go for the Eyes","floor":15,"key":"SMITH"},{"floor":24,"key":"REST"},{"floor":32,"key":"REST"}],"neow_cost":"NONE","seed_source_timestamp":66926744709561,"circlet_count":0,"master_deck":["AscendersBane","Strike_B","Defend_B","Defend_B+1","Defend_B","Defend_B","Zap+1","Dualcast+1","Gash","Beam Cell+1","Beam Cell","Gash","Undo","Genetic Algorithm+1","Go for the Eyes+1","BootSequence","Machine Learning","Melter","Self Repair","Rebound","Streamline+1","Go for the Eyes+1","Hologram","FTL"],"relics":["Cracked Core","NeowsBlessing","Dream Catcher","Mummified Hand","Odd Mushroom","Calling Bell","Smiling Mask","Cables","Turnip","Ornamental Fan"],"potions_floor_usage":[12,12,12,16],"damage_taken":[{"damage":0,"enemies":"Small Slimes","floor":1,"turns":1},{"damage":0,"enemies":"Jaw Worm","floor":5,"turns":1},{"damage":0,"enemies":"3 Sentries","floor":6,"turns":1},{"damage":0,"enemies":"Cultist","floor":8,"turns":3},{"damage":2,"enemies":"Large Slime","floor":10,"turns":4},{"damage":1,"enemies":"The Mushroom Lair","floor":12,"turns":4},{"damage":0,"enemies":"Blue Slaver","floor":14,"turns":3},{"damage":35,"enemies":"The Guardian","floor":16,"turns":12},{"damage":8,"enemies":"Chosen","floor":18,"turns":5},{"damage":5,"enemies":"Shell Parasite","floor":20,"turns":6},{"damage":0,"enemies":"Sentry and Sphere","floor":22,"turns":3},{"damage":9,"enemies":"Snecko","floor":23,"turns":7},{"damage":14,"enemies":"Snake Plant","floor":27,"turns":4},{"damage":8,"enemies":"Centurion and Healer","floor":28,"turns":5},{"damage":26,"enemies":"Shelled Parasite and Fungi","floor":29,"turns":6},{"damage":16,"enemies":"Snecko","floor":31,"turns":5},{"damage":51,"enemies":"Automaton","floor":33,"turns":6}],"seed_played":"5185709591346653777","potions_obtained":[{"floor":1,"key":"GamblersBrew"},{"floor":4,"key":"SkillPotion"},{"floor":8,"key":"EntropicBrew"},{"floor":14,"key":"FearPotion"},{"floor":18,"key":"SneckoOil"}],"is_trial":false,"path_per_floor":["M","$","?","?","M","E","R","M","T","M","$","?","R","M","R","B",null,"M","?","M","$","M","M","R","$","T","M","M","M","?","M","R","B"],"character_chosen":"DEFECT","items_purchased":["Beam Cell","Undo","Strength Potion","Melter"],"campfire_rested":2,"item_purchase_floors":[2,11,21,21],"current_hp_per_floor":[64,64,43,43,43,43,43,43,43,41,41,40,40,40,40,5,55,47,47,42,42,42,40,61,61,61,54,53,34,34,25,46,0],"gold":78,"neow_bonus":"THREE_ENEMY_KILL","is_prod":false,"is_daily":false,"chose_seed":false,"campfire_upgraded":3,"win_rate":0,"timestamp":1555925682,"path_taken":["M","$","?","?","M","E","R","M","T","?","$","?","R","M","R","BOSS","M","?","M","$","M","M","R","$","T","M","M","?","?","M","R","BOSS"],"build_version":"2019-01-23","purchased_purges":3,"victory":false,"max_hp_per_floor":[71,71,71,71,71,71,71,71,71,71,71,71,71,71,71,71,71,71,71,71,71,71,71,71,71,71,71,71,71,71,71,71,71],"card_choices":[{"not_picked":["Darkness","Steam"],"picked":"Gash","floor":1},{"not_picked":["Cold Snap","Sweeping Beam"],"picked":"Beam Cell","floor":5},{"not_picked":["Tempest","Fusion","Meteor Strike"],"picked":"SKIP","floor":6},{"not_picked":["Aggregate","Doom and Gloom","Scrape"],"picked":"SKIP","floor":8},{"not_picked":["Stack","Compile Driver"],"picked":"Gash","floor":10},{"not_picked":["Reprogram","Melter"],"picked":"Genetic Algorithm","floor":12},{"not_picked":["Defragment","Hologram"],"picked":"Go for the Eyes","floor":14},{"not_picked":["Beam Cell","Ball Lightning"],"picked":"BootSequence","floor":18},{"not_picked":["Chaos","Glacier+1"],"picked":"Machine Learning","floor":20},{"not_picked":["Auto Shields","Ball Lightning"],"picked":"Self Repair","floor":22},{"not_picked":["Ball Lightning+1","Compile Driver"],"picked":"Rebound","floor":23},{"not_picked":["Cold Snap","Beam Cell"],"picked":"Streamline+1","floor":24},{"not_picked":["Coolheaded+1","Compile Driver"],"picked":"Go for the Eyes+1","floor":27},{"not_picked":["Beam Cell","Consume","Go for the Eyes"],"picked":"SKIP","floor":28},{"not_picked":["Beam Cell","Consume","Go for the Eyes"],"picked":"SKIP","floor":28},{"not_picked":["Beam Cell","BootSequence+1"],"picked":"Hologram","floor":29},{"not_picked":["Streamline","Ball Lightning","Coolheaded"],"picked":"SKIP","floor":31},{"not_picked":["Force Field","Go for the Eyes"],"picked":"FTL","floor":32}],"player_experience":274347,"relics_obtained":[{"floor":6,"key":"Dream Catcher"},{"floor":9,"key":"Mummified Hand"},{"floor":12,"key":"Odd Mushroom"},{"floor":17,"key":"Smiling Mask"},{"floor":17,"key":"Cables"},{"floor":17,"key":"Turnip"},{"floor":26,"key":"Ornamental Fan"}],"event_choices":[{"damage_healed":0,"gold_gain":0,"player_choice":"Entered Light","damage_taken":21,"max_hp_gain":0,"max_hp_loss":0,"event_name":"Shining Light","floor":3,"gold_loss":0,"cards_upgraded":["Defend_B","Zap"]},{"damage_healed":0,"gold_gain":0,"player_choice":"Bought 1 Potion","damage_taken":0,"max_hp_gain":0,"max_hp_loss":0,"event_name":"The Woman in Blue","floor":4,"gold_loss":0},{"damage_healed":0,"gold_gain":0,"player_choice":"Fought Mushrooms","damage_taken":0,"max_hp_gain":0,"max_hp_loss":0,"event_name":"Mushrooms","floor":12,"gold_loss":0},{"damage_healed":0,"gold_gain":0,"player_choice":"Upgraded","damage_taken":0,"max_hp_gain":0,"max_hp_loss":0,"event_name":"Upgrade Shrine","floor":19,"gold_loss":0,"cards_upgraded":["Dualcast"]},{"damage_healed":0,"gold_gain":0,"player_choice":"Ignored","damage_taken":0,"max_hp_gain":0,"max_hp_loss":0,"event_name":"The Mausoleum","floor":30,"gold_loss":0}],"is_beta":false,"boss_relics":[{"not_picked":["Sozu","Black Star"],"picked":"Calling Bell"}],"items_purged_floors":[11,21,25],"is_endless":false,"potions_floor_spawned":[1,8,10,14,18,23,31],"killed_by":"Automaton","ascension_level":15}