{"gold_per_floor":[119,119,139,89,13,13,40,60,113,139,139,154,154,173,173,268,318,332,8,8,8,22,22,52,52],"floor_reached":25,"playtime":1610,"items_purged":["Strike_R"],"score":352,"play_id":"e08fe9aa-dd3c-4cf2-8e2f-eef14d67fb3a","local_time":"20190408204420","is_ascension_mode":true,"campfire_choices":[{"data":"Limit Break","floor":6.0,"key":"SMITH"},{"floor":11.0,"key":"REST"},{"data":"Entrench","floor":13.0,"key":"SMITH"},{"data":"Spot Weakness","floor":15.0,"key":"SMITH"},{"floor":23.0,"key":"REST"}],"neow_cost":"TEN_PERCENT_HP_LOSS","seed_source_timestamp":0,"circlet_count":0,"master_deck":["AscendersBane","Strike_R","Strike_R","Strike_R","Defend_R","Defend_R","Defend_R","Defend_R","Bash","Limit Break+1","Offering+1","Spot Weakness+1","Entrench+1","Double Tap","Metallicize","Barricade","Heavy Blade","Flex","Cleave","Entrench+1","Impervious"],"special_seed":0,"relics":["Burning Blood","Mercury Hourglass","Odd Mushroom","Oddly Smooth Stone","Sundial","Tiny House","Brimstone","Lantern"],"potions_floor_usage":[25,25],"damage_taken":[{"damage":23.0,"enemies":"Small Slimes","floor":1.0,"turns":4.0},{"damage":7.0,"enemies":"Cultist","floor":3.0,"turns":4.0},{"damage":24.0,"enemies":"Lagavulin","floor":7.0,"turns":5.0},{"damage":30.0,"enemies":"The Mushroom Lair","floor":8.0,"turns":4.0},{"damage":16.0,"enemies":"Gremlin Nob","floor":10.0,"turns":3.0},{"damage":0.0,"enemies":"2 Louse","floor":12.0,"turns":3.0},{"damage":10.0,"enemies":"Blue Slaver","floor":14.0,"turns":4.0},{"damage":31.0,"enemies":"Slime Boss","floor":16.0,"turns":11.0},{"damage":18.0,"enemies":"Chosen","floor":18.0,"turns":7.0},{"damage":31.0,"enemies":"2 Thieves","floor":22.0,"turns":4.0},{"damage":42,"enemies":"Gremlin Leader","floor":24,"turns":5},{"damage":26,"enemies":"Snecko","floor":25,"turns":3}],"seed_played":"1882085266880082178","potions_obtained":[{"floor":1.0,"key":"BloodPotion"},{"floor":3.0,"key":"Block Potion"},{"floor":12.0,"key":"Poison Potion"},{"floor":14.0,"key":"Block Potion"},{"floor":16.0,"key":"Dexterity Potion"},{"floor":17.0,"key":"EssenceOfSteel"}],"is_trial":false,"path_per_floor":["M","?","M","?","$","R","E","?","T","E","R","M","R","M","R","B",null,"M","$","?","?","M","R","E","M"],"character_chosen":"IRONCLAD","items_purchased":["Entrench","Brimstone","Cleave"],"campfire_rested":2,"item_purchase_floors":[5,19,19],"current_hp_per_floor":[55,55,54,54,54,54,36,12,12,9,30,36,36,32,32,7,61,49,49,49,49,24,47,11,0],"gold":52,"neow_bonus":"THREE_RARE_CARDS","is_prod":false,"is_daily":false,"chose_seed":false,"campfire_upgraded":3,"win_rate":0,"timestamp":1554777860,"path_taken":["M","?","?","?","$","R","E","?","T","E","R","M","R","M","R","BOSS","M","$","?","?","M","R","E","?"],"build_version":"2019-01-23","purchased_purges":1,"victory":false,"max_hp_per_floor":[72,72,72,72,72,72,72,72,72,72,72,72,72,72,72,72,77,77,77,77,77,77,77,77,77],"card_choices":[{"not_picked":["Impervious","Immolate"],"picked":"Limit Break","floor":0.0},{"not_picked":["Reckless Charge","Perfected Strike","Dual Wield"],"picked":"SKIP","floor":1.0},{"not_picked":["Shrug It Off","Sentinel"],"picked":"Spot Weakness","floor":3.0},{"not_picked":["Flame Barrier","Infernal Blade"],"picked":"Double Tap","floor":7.0},{"not_picked":["Thunderclap","True Grit"],"picked":"Metallicize","floor":10.0},{"not_picked":["Fire Breathing","Shrug It Off","Burning Pact"],"picked":"SKIP","floor":12.0},{"not_picked":["Iron Wave","Dual Wield","Blood for Blood"],"picked":"SKIP","floor":14.0},{"not_picked":["Impervious","Dark Embrace"],"picked":"Barricade","floor":16.0},{"not_picked":["Evolve","Sentinel"],"picked":"Heavy Blade","floor":17.0},{"not_picked":["Clothesline","Body Slam"],"picked":"Flex","floor":18.0},{"not_picked":["Wild Strike","Uppercut"],"picked":"Impervious","floor":22.0},{"not_picked":["Clash","Disarm","Rupture"],"picked":"SKIP","floor":24}],"player_experience":563456,"relics_obtained":[{"floor":7.0,"key":"Mercury Hourglass"},{"floor":8.0,"key":"Odd Mushroom"},{"floor":9.0,"key":"Oddly Smooth Stone"},{"floor":10.0,"key":"Sundial"},{"floor":24,"key":"Lantern"}],"event_choices":[{"damage_healed":0.0,"max_hp_gain":0.0,"max_hp_loss":0.0,"gold_gain":0.0,"event_name":"Match and Keep!","player_choice":"1 cards matched","floor":2.0,"gold_loss":0.0,"damage_taken":0.0,"cards_obtained":["Offering"]},{"cards_removed":["Strike_R"],"damage_healed":0.0,"max_hp_gain":0.0,"max_hp_loss":0.0,"gold_gain":0.0,"event_name":"The Cleric","player_choice":"Card Removal","floor":4.0,"gold_loss":50.0,"damage_taken":0.0},{"damage_healed":0.0,"max_hp_gain":0.0,"max_hp_loss":0.0,"gold_gain":0.0,"event_name":"Mushrooms","player_choice":"Fought Mushrooms","floor":8.0,"gold_loss":0.0,"damage_taken":0.0},{"damage_healed":0.0,"max_hp_gain":0.0,"max_hp_loss":0.0,"gold_gain":0.0,"event_name":"Duplicator","player_choice":"Copied","floor":21.0,"gold_loss":0.0,"damage_taken":0.0,"cards_obtained":["Entrench"]}],"is_beta":false,"boss_relics":[{"not_picked":["Snecko Eye","Orrery"],"picked":"Tiny House"}],"items_purged_floors":[19],"is_endless":false,"potions_floor_spawned":[1,3,12,14,16],"killed_by":"Snecko","ascension_level":11}