{"gold_per_floor":[111,386,140,140,158,158,171,171,197,226,238,255,271,281,281,380,380,397,428,445,101,121,138,149,164,243,260,260,260,116,135,135,232,232,248,42,42,42,42,53,53,65,65,84,32,32,32,32],"floor_reached":48,"playtime":3179,"items_purged":["Regret","Doom and Gloom"],"score":463,"play_id":"05a5bac7-9e3f-46f8-84e2-d3c048e34d5f","local_time":"20181015190840","is_ascension_mode":false,"campfire_choices":[{"data":"Defragment","floor":6.0,"key":"SMITH"},{"data":"Blizzard","floor":8.0,"key":"SMITH"},{"data":"Cold Snap","floor":15.0,"key":"SMITH"},{"floor":28.0,"key":"REST"},{"floor":32.0,"key":"REST"},{"data":"Tempest","floor":46,"key":"SMITH"}],"neow_cost":"NONE","seed_source_timestamp":378566458108279,"circlet_count":0,"master_deck":["Strike_B+1","Strike_B+1","Strike_B+1","Strike_B+1","Defend_B+1","Defend_B+1","Defend_B+1","Defend_B+1","Zap+1","Dualcast+1","Coolheaded+1","Blizzard+1","Cold Snap+1","Coolheaded+1","Defragment+1","Sunder+1","Self Repair+1","Cold Snap+1","Rip and Tear+1","Sweeping Beam+1","Multi-Cast+1","Rebound+1","Consume+1","Glacier+1","Static Discharge+1","Capacitor+1","Scrape+1","Blizzard+1","Coolheaded+1","Redo+1","Beam Cell+1","Chaos+1","Necronomicurse","Reinforced Body+1","Fission+1","Streamline+1","Barrage+1","Cold Snap+1","Tempest+1","Conserve Battery"],"special_seed":0,"relics":["Cracked Core","Strawberry","Meat on the Bone","Orrery","Red Mask","Chemical X","Bottled Lightning","Necronomicon","Lantern","Inserter","Blood Vial","Mark of the Bloom","Pear"],"potions_floor_usage":[],"damage_taken":[{"damage":1.0,"enemies":"2 Louse","floor":1.0,"turns":2.0},{"damage":0.0,"enemies":"Cultist","floor":5.0,"turns":3.0},{"damage":4.0,"enemies":"Small Slimes","floor":7.0,"turns":4.0},{"damage":9.0,"enemies":"Lagavulin","floor":10.0,"turns":5.0},{"damage":0.0,"enemies":"2 Fungi Beasts","floor":11.0,"turns":3.0},{"damage":15.0,"enemies":"Looter","floor":12.0,"turns":3.0},{"damage":0.0,"enemies":"3 Louse","floor":13.0,"turns":1.0},{"damage":6.0,"enemies":"Large Slime","floor":14.0,"turns":5.0},{"damage":5.0,"enemies":"Slime Boss","floor":16.0,"turns":9.0},{"damage":5.0,"enemies":"Chosen","floor":18.0,"turns":5.0},{"damage":27.0,"enemies":"Masked Bandits","floor":19.0,"turns":4.0},{"damage":2.0,"enemies":"Spheric Guardian","floor":20.0,"turns":7.0},{"damage":27.0,"enemies":"Snake Plant","floor":22.0,"turns":4.0},{"damage":35.0,"enemies":"Shelled Parasite and Fungi","floor":23.0,"turns":4.0},{"damage":8.0,"enemies":"Cultist and Chosen","floor":24.0,"turns":8.0},{"damage":19.0,"enemies":"Sentry and Sphere","floor":25.0,"turns":5.0},{"damage":52.0,"enemies":"3 Cultists","floor":27.0,"turns":6.0},{"damage":5.0,"enemies":"Centurion and Healer","floor":31.0,"turns":5.0},{"damage":50.0,"enemies":"Automaton","floor":33.0,"turns":11.0},{"damage":16.0,"enemies":"3 Shapes","floor":35.0,"turns":7.0},{"damage":0,"enemies":"3 Darklings","floor":40,"turns":7},{"damage":13,"enemies":"Maw","floor":42,"turns":9},{"damage":49,"enemies":"Transient","floor":44,"turns":5},{"damage":13,"enemies":"Reptomancer","floor":48,"turns":3}],"seed_played":"1230861488744968013","potions_obtained":[{"floor":5.0,"key":"Explosive Potion"},{"floor":10.0,"key":"Swift Potion"},{"floor":12.0,"key":"Explosive Potion"},{"floor":14.0,"key":"Swift Potion"},{"floor":18.0,"key":"Energy Potion"},{"floor":19.0,"key":"SkillPotion"},{"floor":24.0,"key":"Swift Potion"},{"floor":25.0,"key":"Fire Potion"},{"floor":33.0,"key":"SpeedPotion"},{"floor":44,"key":"Swift Potion"}],"is_trial":false,"path_per_floor":["M","?","$","?","M","R","M","R","T","E","M","M","M","M","R","B",null,"M","?","M","$","M","M","M","M","T","M","R","?","$","M","R","B",null,"M","$","?","?","?","M","?","M","T","M","$","R","$"],"character_chosen":"DEFECT","items_purchased":["Blizzard","Cold Snap","Coolheaded","Chemical X","Coolheaded","Lantern","Barrage","Blood Vial","Conserve Battery"],"campfire_rested":2,"item_purchase_floors":[3,3,3,21,21,30,36,36,45],"current_hp_per_floor":[74,74,74,59,59,59,55,55,62,53,60,52,59,60,60,55,82,82,62,67,67,59,43,54,54,54,21,45,29,29,36,60,22,82,73,73,73,73,73,73,73,60,60,11,11,11,11,0],"gold":32,"neow_bonus":"UPGRADE_CARD","is_prod":false,"is_daily":false,"chose_seed":false,"campfire_upgraded":4,"win_rate":0,"timestamp":1539644920,"path_taken":["M","?","$","?","M","R","M","R","T","E","M","M","M","M","R","BOSS","M","?","M","$","M","M","M","M","T","M","R","?","$","M","R","BOSS","M","$","?","?","?","M","?","M","T","?","$","R","$","M"],"build_version":"2018-10-11","purchased_purges":2,"victory":false,"max_hp_per_floor":[75,75,75,75,75,75,75,75,82,82,82,82,82,82,82,82,82,82,82,82,82,82,82,82,82,82,82,82,82,82,82,82,82,82,82,82,82,78,78,78,78,78,88,88,88,88,88,88],"card_choices":[{"not_picked":["Double Energy","Steam"],"picked":"Coolheaded","floor":1.0},{"not_picked":["Hello World","Sunder"],"picked":"Defragment","floor":5.0},{"not_picked":["Go for the Eyes","Lockon"],"picked":"Sunder","floor":7.0},{"not_picked":["Gash","BootSequence"],"picked":"Self Repair","floor":10.0},{"not_picked":["Aggregate","Ball Lightning"],"picked":"Doom and Gloom","floor":11.0},{"not_picked":["Hologram","Coolheaded"],"picked":"Cold Snap","floor":12.0},{"not_picked":["Turbo","Barrage"],"picked":"Rip and Tear","floor":13.0},{"not_picked":["Stack","Turbo"],"picked":"Sweeping Beam","floor":14.0},{"not_picked":["Electrodynamics","Biased Cognition"],"picked":"Multi-Cast","floor":16.0},{"not_picked":["Beam Cell","BootSequence"],"picked":"Rebound","floor":17.0},{"not_picked":["Gash","Barrage"],"picked":"Consume","floor":17.0},{"not_picked":["Turbo","Blizzard"],"picked":"Glacier","floor":17.0},{"not_picked":["Gash","Steam Power"],"picked":"Static Discharge","floor":17.0},{"not_picked":["Streamline","Hologram"],"picked":"Capacitor","floor":17.0},{"not_picked":["Turbo","Conserve Battery"],"picked":"Scrape","floor":18.0},{"not_picked":["Biased Cognition","Go for the Eyes"],"picked":"Redo","floor":19.0},{"not_picked":["Go for the Eyes","Rebound"],"picked":"Blizzard+1","floor":20.0},{"not_picked":["Sweeping Beam","Turbo+1"],"picked":"Redo+1","floor":22.0},{"not_picked":["Steam Power","Force Field","Rebound"],"picked":"SKIP","floor":23.0},{"not_picked":["Turbo+1","Genetic Algorithm"],"picked":"Beam Cell+1","floor":24.0},{"not_picked":["Core Surge","Coolheaded"],"picked":"Chaos","floor":25.0},{"not_picked":["Compile Driver","Double Energy","Streamline"],"picked":"SKIP","floor":27.0},{"not_picked":["Ball Lightning","Barrage+1"],"picked":"Reinforced Body","floor":31.0},{"not_picked":["Biased Cognition","Machine Learning"],"picked":"Fission","floor":33.0},{"not_picked":["Chaos","Rebound+1"],"picked":"Streamline+1","floor":35.0},{"not_picked":["Sweeping Beam","Compile Driver","Beam Cell+1"],"picked":"SKIP","floor":40},{"not_picked":["Seek","Sunder"],"picked":"Cold Snap+1","floor":42},{"not_picked":["Compile Driver+1","Redo"],"picked":"Tempest","floor":44}],"player_experience":136958,"relics_obtained":[{"floor":9.0,"key":"Strawberry"},{"floor":10.0,"key":"Meat on the Bone"},{"floor":19.0,"key":"Red Mask"},{"floor":26.0,"key":"Bottled Lightning"},{"floor":29.0,"key":"Necronomicon"},{"floor":43,"key":"Pear"}],"event_choices":[{"event_name":"Golden Shrine","player_choice":"Desecrate","floor":2.0,"damage_taken":0.0},{"event_name":"Shining Light","player_choice":"Entered Light","floor":4.0,"damage_taken":0.0},{"event_name":"Masked Bandits","player_choice":"Fought Bandits","floor":19.0,"damage_taken":0.0},{"event_name":"Cursed Tome","player_choice":"Obtained Book","floor":29.0,"damage_taken":0.0},{"event_name":"Upgrade Shrine","player_choice":"Upgraded","floor":37.0,"damage_taken":0.0},{"event_name":"Winding Halls","player_choice":"Max HP","floor":38.0,"damage_taken":0.0},{"event_name":"MindBloom","player_choice":"Upgrade","floor":39,"damage_taken":0},{"event_name":"Falling","player_choice":"Removed Skill","floor":41,"damage_taken":0}],"is_beta":false,"boss_relics":[{"not_picked":["White Beast Statue","Eternal Feather"],"picked":"Orrery"},{"not_picked":["Sozu","Calling Bell"],"picked":"Inserter"}],"items_purged_floors":[3,21],"is_endless":false,"potions_floor_spawned":[5,10,12,14,18,19,24,25,33,44],"killed_by":"Reptomancer","ascension_level":0}