{"path_per_floor":["M","?","M","?","$","?","M","$","T","M","E","M","M","M","R","B",null,"M","$","M","?","$","R","$","M","T","E","?","E","M","?","R","B",null,"M","?","?","M","M","$","M","$","T","M","M","M","$"],"character_chosen":"DEFECT","items_purchased":["Lantern","Toxic Egg 2","Tempest","Storm","Capacitor"],"gold_per_floor":[144,144,189,189,39,39,84,9,9,54,144,189,234,279,279,579,579,579,252,252,252,173,173,173,173,173,173,173,173,173,173,173,173,173,173,173,173,173,173,173,173,73,73,73,73,73,28,28],"floor_reached":48,"campfire_rested":1,"playtime":4304,"current_hp_per_floor":[83,83,84,98,98,95,91,91,91,99,62,60,78,90,90,27,104,99,99,99,83,83,83,83,95,95,60,94,51,54,54,85,79,104,104,104,104,86,40,40,43,43,43,53,62,65,65,0],"items_purged":["Regret","Defend_B"],"gold":28,"score":526,"play_id":"11c2075f-3a37-467f-af70-80283a922ae6","local_time":"20180508211337","daily_mods":["Brewmaster","Midas","Time Dilation"],"is_prod":false,"is_daily":true,"chose_seed":false,"is_ascension_mode":false,"campfire_upgraded":0,"timestamp":1525806817,"path_taken":["M","?","M","?","$","?","?","$","T","M","E","M","M","M","R","BOSS","M","$","M","?","$","R","?","M","T","E","?","E","M","?","R","BOSS","M","?","?","?","M","?","?","$","T","M","?","M","$","E"],"build_version":"2018-05-07","seed_source_timestamp":0,"purchased_purges":4,"victory":false,"master_deck":["Strike_B","Strike_B","Defend_B","Defend_B","Defend_B","Zap","Dualcast","Venomology","Venomology","Venomology","Venomology","Axe Kick","Capacitor","Consume","Thunder Strike","Streamline","Creative AI","Tempest+1","Leap+1","Storm","Double Energy+1","Aggregate+1","Force Field+1","Streamline+1","Capacitor+1","Sunder+1","BootSequence+1","Echo Form","Capacitor"],"max_hp_per_floor":[85,85,85,99,99,99,99,99,99,99,99,99,99,99,99,104,104,104,104,104,104,104,104,104,104,104,104,104,104,104,104,104,104,104,104,104,104,104,104,104,104,104,104,104,104,104,104,104],"relics":["Cracked Core","White Beast Statue","Toy Ornithopter","Mango","Lantern","Dream Catcher","Girya","Thread and Needle","Ectoplasm","Toxic Egg 2","Enchiridion","Mercury Hourglass","Prayer Wheel","Shuriken","Inserter","Torii"],"card_choices":[{"not_picked":["Coolheaded","Cold Snap"],"picked":"Axe Kick","floor":1},{"not_picked":["Sweeping Beam","Impulse"],"picked":"Capacitor","floor":3},{"not_picked":["Cold Snap","Coolheaded"],"picked":"Consume","floor":7},{"not_picked":["Reinforced Body","Glacier"],"picked":"Thunder Strike","floor":11},{"not_picked":["Coolheaded","Aggregate"],"picked":"Streamline","floor":12},{"not_picked":["Seek","Reboot"],"picked":"Creative AI","floor":16},{"not_picked":["Go for the Eyes","Axe Kick"],"picked":"Leap","floor":20},{"not_picked":["Scrape","Skim"],"picked":"Double Energy","floor":27},{"not_picked":["Turbo","Beam Cell"],"picked":"Force Field","floor":32},{"not_picked":["Leap","Rip and Tear"],"picked":"Streamline","floor":35},{"not_picked":["Streamline","Reprogram"],"picked":"Capacitor","floor":38},{"not_picked":["Static Discharge","Recycle"],"picked":"Sunder","floor":39},{"not_picked":["Impulse","Stack"],"picked":"BootSequence","floor":43},{"not_picked":["Auto Shields","Loop"],"picked":"Echo Form","floor":45}],"player_experience":281091,"potions_floor_usage":[1,1,1,3,3,3,7,7,7,7,7,10,10,10,11,11,11,11,11,11,12,12,12,13,13,13,14,14,14,14,16,16,16,16,16,16,18,18,18,18,18,20,20,25,25,25,30,33,33,33,33,35,38,38,38,38,39,41,44,45,46,48,48,48,48,48],"damage_taken":[{"damage":5,"enemies":"2 Louse","floor":1,"turns":4},{"damage":1,"enemies":"Cultist","floor":3,"turns":3},{"damage":8,"enemies":"Small Slimes","floor":7,"turns":3},{"damage":0,"enemies":"Looter","floor":10,"turns":2},{"damage":55,"enemies":"Gremlin Nob","floor":11,"turns":6},{"damage":11,"enemies":"3 Louse","floor":12,"turns":3},{"damage":0,"enemies":"2 Fungi Beasts","floor":13,"turns":2},{"damage":0,"enemies":"Lots of Slimes","floor":14,"turns":1},{"damage":105,"enemies":"Hexaghost","floor":16,"turns":12},{"damage":12,"enemies":"Shell Parasite","floor":18,"turns":4},{"damage":5,"enemies":"Chosen","floor":20,"turns":5},{"damage":4,"enemies":"Centurion and Healer","floor":25,"turns":6},{"damage":35,"enemies":"Gremlin Leader","floor":27,"turns":6},{"damage":43,"enemies":"Book of Stabbing","floor":29,"turns":5},{"damage":0,"enemies":"Snecko","floor":30,"turns":2},{"damage":18,"enemies":"Champ","floor":33,"turns":11},{"damage":0,"enemies":"Flame Bruiser 1 Orb","floor":35,"turns":2},{"damage":18,"enemies":"3 Shapes","floor":38,"turns":6},{"damage":49,"enemies":"Spire Growth","floor":39,"turns":4},{"damage":0,"enemies":"Maw","floor":41,"turns":2},{"damage":0,"enemies":"Flame Bruiser 2 Orb","floor":44,"turns":1},{"damage":1,"enemies":"Sphere and 2 Shapes","floor":45,"turns":6},{"damage":0,"enemies":"Spire Growth","floor":46,"turns":1},{"damage":138,"enemies":"Giant Head","floor":48,"turns":9}],"event_choices":[{"event_name":"Wheel of Change","player_choice":"Card Removal","floor":2,"damage_taken":0},{"event_name":"Big Fish","player_choice":"Box","floor":4,"damage_taken":0},{"event_name":"Scrap Ooze","player_choice":"success","floor":6,"damage_taken":3},{"event_name":"Cursed Tome","player_choice":"Obtained Book","floor":21,"damage_taken":0},{"event_name":"The Library","player_choice":"Heal","floor":28,"damage_taken":0},{"event_name":"Transmorgrifier","player_choice":"Transform","floor":31,"damage_taken":0},{"event_name":"Tomb of Lord Red Mask","player_choice":"Ignored","floor":37,"damage_taken":0}],"boss_relics":[{"not_picked":["Sozu","Velvet Choker"],"picked":"Ectoplasm"},{"not_picked":["Runic Dome","Eternal Feather"],"picked":"Inserter"}],"potions_floor_spawned":[1,3,7,10,11,12,13,14,16,18,20,25,27,29,30,33,35,38,39,41,44,45,46],"seed_played":"1506148265124497157","killed_by":"Giant Head","ascension_level":0,"is_trial":false}