{"gold_per_floor":[362,381,13,13,27,27,56,56,56,91,5,35,35,66,66,167,167,182,107,124,223,237,270,180,180,180,73,73,90,90,117,117,215,215,233,233,183,198,198,210,244,289,313,181,181,74,90,117,117,117,117,117,5,34,34],"floor_reached":56,"playtime":2794,"items_purged":["Strike_G","Strike_G","Strike_G"],"score":1384,"play_id":"366e4759-5705-4b1a-9fb9-dc5fcef62504","local_time":"20190516234955","is_ascension_mode":true,"campfire_choices":[{"data":"Predator","floor":6,"key":"SMITH"},{"data":"Crippling Poison","floor":8,"key":"SMITH"},{"floor":15,"key":"REST"},{"data":"Catalyst","floor":25,"key":"SMITH"},{"data":"Glass Knife","floor":28,"key":"SMITH"},{"data":"Caltrops","floor":30,"key":"SMITH"},{"data":"Noxious Fumes","floor":32,"key":"SMITH"},{"floor":45,"key":"RECALL"},{"floor":49,"key":"REST"},{"data":"Catalyst","floor":52,"key":"SMITH"}],"neow_cost":"TEN_PERCENT_HP_LOSS","seed_source_timestamp":233541640272293,"circlet_count":0,"master_deck":["Defend_G","Defend_G","Defend_G","Defend_G","Defend_G","Survivor","Neutralize+1","Predator+1","Caltrops+1","Crippling Poison+1","Glass Knife+1","Noxious Fumes+1","Catalyst+1","Wraith Form v2+1","Wraith Form v2+1","Well Laid Plans+1","PiercingWail","After Image+1","Dash+1","PiercingWail","Catalyst+1","Malaise","Leg Sweep","Acrobatics","Wraith Form v2+1","Bullet Time"],"relics":["Ring of the Snake","Mummified Hand","The Courier","Question Card","Ginger","Smiling Mask","Matryoshka","Frozen Egg 2","Snecko Eye","Mercury Hourglass","Art of War","Bronze Scales","Ancient Tea Set","Sozu","Meat on the Bone","Nunchaku","Strawberry","Ninja Scroll","Whetstone","Orichalcum"],"potions_floor_usage":[20,31,55,55,55],"damage_taken":[{"damage":0,"enemies":"2 Louse","floor":1,"turns":3},{"damage":1,"enemies":"Cultist","floor":2,"turns":4},{"damage":5,"enemies":"Jaw Worm","floor":5,"turns":4},{"damage":24,"enemies":"Gremlin Nob","floor":7,"turns":4},{"damage":3,"enemies":"Lagavulin","floor":10,"turns":5},{"damage":10,"enemies":"Gremlin Nob","floor":14,"turns":3},{"damage":12,"enemies":"Hexaghost","floor":16,"turns":7},{"damage":0,"enemies":"3 Byrds","floor":18,"turns":3},{"damage":0,"enemies":"Chosen","floor":20,"turns":5},{"damage":0,"enemies":"Snecko","floor":22,"turns":5},{"damage":2,"enemies":"Book of Stabbing","floor":23,"turns":4},{"damage":13,"enemies":"Centurion and Healer","floor":29,"turns":4},{"damage":0,"enemies":"Gremlin Leader","floor":31,"turns":4},{"damage":0,"enemies":"Collector","floor":33,"turns":6},{"damage":0,"enemies":"3 Darklings","floor":35,"turns":3},{"damage":0,"enemies":"Orb Walker","floor":38,"turns":3},{"damage":12,"enemies":"Maw","floor":40,"turns":7},{"damage":7,"enemies":"Reptomancer","floor":41,"turns":5},{"damage":2,"enemies":"2 Orb Walkers","floor":42,"turns":4},{"damage":0,"enemies":"3 Darklings","floor":47,"turns":3},{"damage":0,"enemies":"Giant Head","floor":48,"turns":7},{"damage":12,"enemies":"Awakened One","floor":50,"turns":19},{"damage":10,"enemies":"Shield and Spear","floor":54,"turns":6},{"damage":48,"enemies":"The Heart","floor":55,"turns":9}],"seed_played":"-6860904779871312868","potions_obtained":[{"floor":1,"key":"Dexterity Potion"},{"floor":7,"key":"GhostInAJar"},{"floor":14,"key":"GamblersBrew"},{"floor":22,"key":"FearPotion"},{"floor":23,"key":"Explosive Potion"},{"floor":31,"key":"Ancient Potion"}],"is_trial":false,"path_per_floor":["M","M","$","?","M","R","E","R","T","E","$","?","?","E","R","B",null,"M","?","M","?","M","E","?","R","T","$","R","M","R","E","R","B",null,"M","?","$","M","?","M","E","?","T","?","R","$","M","E","R","B",null,"R","$","E","B",null],"character_chosen":"THE_SILENT","items_purchased":["Mummified Hand","Predator","Caltrops","Noxious Fumes","Catalyst","Well Laid Plans+1","Leg Sweep","Wraith Form v2+1"],"campfire_rested":2,"item_purchase_floors":[3,3,3,11,11,27,46,53],"current_hp_per_floor":[63,62,62,62,57,57,33,33,33,30,30,30,23,13,31,19,63,63,63,63,63,63,61,61,61,61,61,61,48,48,48,48,48,63,63,63,63,63,60,48,41,39,46,46,46,46,46,46,66,54,67,67,67,57,21],"gold":34,"neow_bonus":"TWO_FIFTY_GOLD","is_prod":false,"is_daily":false,"chose_seed":false,"campfire_upgraded":7,"win_rate":0,"timestamp":1558064995,"path_taken":["M","M","$","?","M","R","E","R","T","E","?","?","?","E","R","BOSS","M","?","M","?","?","E","?","R","T","$","R","?","R","E","R","BOSS","M","?","$","M","?","M","E","?","T","?","R","$","?","E","R","BOSS","R","$","E","BOSS"],"build_version":"2019-05-07","purchased_purges":3,"victory":true,"max_hp_per_floor":[63,63,63,63,63,63,63,63,63,63,63,63,63,63,63,63,63,63,63,63,63,63,63,63,63,63,63,63,63,63,63,63,63,63,63,63,63,63,60,60,60,60,67,67,67,67,67,67,67,67,67,67,67,67,67],"card_choices":[{"not_picked":["Blade Dance","Deflect","Acrobatics"],"picked":"SKIP","floor":1},{"not_picked":["Prepared","Deflect","Escape Plan"],"picked":"SKIP","floor":2},{"not_picked":["Caltrops","Underhanded Strike"],"picked":"Deadly Poison","floor":5},{"not_picked":["Finisher","Slice"],"picked":"Crippling Poison","floor":7},{"not_picked":["Sucker Punch","Acrobatics","Crippling Poison"],"picked":"Glass Knife","floor":10},{"not_picked":["Night Terror","Dodge and Roll","Slice","Prepared"],"picked":"SKIP","floor":14},{"not_picked":["Storm of Steel","Envenom+1","A Thousand Cuts+1"],"picked":"Wraith Form v2+1","floor":16},{"not_picked":["Poisoned Stab+1","Outmaneuver","Choke","Acrobatics"],"picked":"SKIP","floor":18},{"not_picked":["Prepared","Dagger Throw","Quick Slash+1","Skewer"],"picked":"SKIP","floor":20},{"not_picked":["Accuracy+1","Predator","Cloak And Dagger+1"],"picked":"Wraith Form v2+1","floor":22},{"not_picked":["Concentrate+1","Outmaneuver","All Out Attack+1","Calculated Gamble"],"picked":"SKIP","floor":23},{"not_picked":["Concentrate+1","Outmaneuver","All Out Attack+1","Calculated Gamble"],"picked":"SKIP","floor":23},{"not_picked":["Flying Knee+1","Slice","Heel Hook+1","Deflect+1"],"picked":"SKIP","floor":29},{"not_picked":["Envenom+1","Sucker Punch","Backstab"],"picked":"PiercingWail","floor":31},{"not_picked":["Unload","Doppelganger","Corpse Explosion"],"picked":"After Image+1","floor":33},{"not_picked":["Cloak And Dagger+1","Riddle With Holes+1","Dagger Throw+1"],"picked":"Dash+1","floor":35},{"not_picked":["Poisoned Stab+1","Escape Plan+1","Outmaneuver+1"],"picked":"PiercingWail","floor":38},{"not_picked":["Quick Slash","Riddle With Holes+1","Distraction"],"picked":"Catalyst","floor":40},{"not_picked":["Prepared+1","Endless Agony","Catalyst","Noxious Fumes+1"],"picked":"SKIP","floor":41},{"not_picked":["Cloak And Dagger+1","PiercingWail","Bane"],"picked":"Malaise","floor":42},{"not_picked":["Infinite Blades+1","Poisoned Stab","Outmaneuver+1"],"picked":"Acrobatics","floor":47},{"not_picked":["Grand Finale","Tactician","Quick Slash+1","Underhanded Strike+1"],"picked":"SKIP","floor":48},{"not_picked":["Underhanded Strike+1","Slice+1","Masterful Stab"],"picked":"Bullet Time","floor":54}],"player_experience":1414501,"relics_obtained":[{"floor":7,"key":"The Courier"},{"floor":9,"key":"Question Card"},{"floor":10,"key":"Ginger"},{"floor":14,"key":"Frozen Egg 2"},{"floor":23,"key":"Mercury Hourglass"},{"floor":26,"key":"Art of War"},{"floor":26,"key":"Bronze Scales"},{"floor":31,"key":"Ancient Tea Set"},{"floor":41,"key":"Meat on the Bone"},{"floor":42,"key":"Nunchaku"},{"floor":43,"key":"Strawberry"},{"floor":48,"key":"Whetstone"},{"floor":54,"key":"Orichalcum"}],"event_choices":[{"damage_healed":0,"gold_gain":0,"player_choice":"0 cards matched","damage_taken":0,"max_hp_gain":0,"max_hp_loss":0,"event_name":"Match and Keep!","floor":4,"gold_loss":0,"cards_obtained":[]},{"damage_healed":0,"gold_gain":30,"player_choice":"Searched \u00273\u0027 times","damage_taken":0,"relics_obtained":["Smiling Mask"],"max_hp_gain":0,"max_hp_loss":0,"event_name":"Dead Adventurer","floor":12,"gold_loss":0},{"damage_healed":0,"gold_gain":0,"player_choice":"Success","damage_taken":7,"relics_obtained":["Matryoshka"],"max_hp_gain":0,"max_hp_loss":0,"event_name":"Scrap Ooze","floor":13,"gold_loss":0},{"cards_removed":["Strike_G"],"damage_healed":0,"gold_gain":0,"player_choice":"Gave Gold","damage_taken":0,"max_hp_gain":0,"max_hp_loss":0,"event_name":"Beggar","floor":19,"gold_loss":75},{"damage_healed":0,"gold_gain":99,"player_choice":"Stole From Cult","damage_taken":0,"max_hp_gain":0,"max_hp_loss":0,"event_name":"Nest","floor":21,"gold_loss":0},{"cards_removed":["Strike_G"],"damage_healed":0,"gold_gain":0,"player_choice":"Upgrade and Remove","damage_taken":0,"max_hp_gain":0,"max_hp_loss":0,"event_name":"Designer","floor":24,"gold_loss":90,"cards_upgraded":["Deadly Poison"]},{"cards_removed":["Deadly Poison"],"damage_healed":0,"gold_gain":0,"player_choice":"Removed Skill","damage_taken":0,"max_hp_gain":0,"max_hp_loss":0,"event_name":"Falling","floor":36,"gold_loss":0},{"damage_healed":0,"gold_gain":0,"player_choice":"Max HP","damage_taken":0,"max_hp_gain":0,"max_hp_loss":3,"event_name":"Winding Halls","floor":39,"gold_loss":0},{"damage_healed":0,"gold_gain":0,"player_choice":"Fight","damage_taken":0,"max_hp_gain":0,"max_hp_loss":0,"event_name":"Mysterious Sphere","floor":42,"gold_loss":0},{"damage_healed":0,"gold_gain":0,"player_choice":"Paid Gold","damage_taken":0,"relics_obtained":["Ninja Scroll"],"max_hp_gain":0,"max_hp_loss":0,"event_name":"WeMeetAgain","floor":44,"gold_loss":132}],"is_beta":true,"boss_relics":[{"not_picked":["Ring of the Serpent","HoveringKite"],"picked":"Snecko Eye"},{"not_picked":["Tiny House","Philosopher\u0027s Stone"],"picked":"Sozu"}],"items_purged_floors":[27,37,46],"is_endless":false,"potions_floor_spawned":[1,7,14,22,23,31,35,38,40],"ascension_level":1}