{"gold_per_floor":[117,117,42,56,70,95,95,115,115,115,148,148,183,197,197,270,270,281,30,30,45,45,79,179,197,197,197,229,229,229,248,248,322,322,336,356,404,414,54,80,80,91,116,126,155,169,186,220,220,220,220,220,220,87,114,114],"floor_reached":57,"playtime":4913,"items_purged":["Bite"],"score":2829,"play_id":"3927ff4b-6b3a-48d4-bc28-c209387758b8","local_time":"20190522192225","is_ascension_mode":true,"campfire_choices":[{"data":"Uppercut","floor":7.0,"key":"SMITH"},{"data":"Cleave","floor":10.0,"key":"SMITH"},{"floor":12.0,"key":"REST"},{"floor":15.0,"key":"REST"},{"data":"Spot Weakness","floor":27.0,"key":"SMITH"},{"floor":30.0,"key":"REST"},{"data":"True Grit","floor":32.0,"key":"SMITH"},{"floor":49.0,"key":"RECALL"},{"data":"Shockwave","floor":53.0,"key":"SMITH"}],"neow_cost":"NONE","seed_source_timestamp":368947546059333,"circlet_count":0,"master_deck":["AscendersBane","Defend_R","Defend_R","Defend_R","Defend_R","Bash","Feel No Pain","Combust","Disarm","Uppercut+1","Cleave+1","Shockwave+1","Carnage+1","Battle Trance","Impervious","Flame Barrier+1","Spot Weakness+1","Bite","Bite","Bite","Bite+1","Feed","RitualDagger","Shrug It Off+1","Reaper","True Grit+1","Fiend Fire+1","Burning Pact+1","Berserk","Flex+1","Ghostly Armor+1","Disarm"],"special_seed":0,"relics":["Burning Blood","Regal Pillow","Art of War","Singing Bowl","PreservedInsect","Runic Pyramid","Bronze Scales","Whetstone","Du-Vu Doll","Ornamental Fan","Kunai","Anchor","Runic Dome","Thread and Needle","ClockworkSouvenir","Bag of Marbles","Ancient Tea Set","Pear","Happy Flower","Centennial Puzzle"],"potions_floor_usage":[56,56],"damage_taken":[{"damage":6.0,"enemies":"Jaw Worm","floor":1.0,"turns":5.0},{"damage":8.0,"enemies":"2 Louse","floor":4.0,"turns":4.0},{"damage":6.0,"enemies":"Small Slimes","floor":5.0,"turns":4.0},{"damage":41.0,"enemies":"Lagavulin","floor":6.0,"turns":7.0},{"damage":10.0,"enemies":"Looter","floor":8.0,"turns":4.0},{"damage":25.0,"enemies":"3 Sentries","floor":11.0,"turns":7.0},{"damage":26.0,"enemies":"Lagavulin","floor":13.0,"turns":8.0},{"damage":11.0,"enemies":"Large Slime","floor":14.0,"turns":6.0},{"damage":40.0,"enemies":"The Guardian","floor":16.0,"turns":14.0},{"damage":25.0,"enemies":"Spheric Guardian","floor":18.0,"turns":7.0},{"damage":7.0,"enemies":"3 Byrds","floor":21.0,"turns":3.0},{"damage":18.0,"enemies":"Gremlin Leader","floor":23.0,"turns":5.0},{"damage":19.0,"enemies":"Colosseum Slavers","floor":24.0,"turns":5.0},{"damage":27.0,"enemies":"Colosseum Nobs","floor":24.0,"turns":5.0},{"damage":2.0,"enemies":"Snecko","floor":25.0,"turns":3.0},{"damage":25.0,"enemies":"Slavers","floor":28.0,"turns":7.0},{"damage":2.0,"enemies":"Snake Plant","floor":31.0,"turns":3.0},{"damage":63.0,"enemies":"Champ","floor":33.0,"turns":19.0},{"damage":4.0,"enemies":"3 Shapes","floor":35.0,"turns":8.0},{"damage":7.0,"enemies":"3 Darklings","floor":36.0,"turns":6.0},{"damage":52.0,"enemies":"2 Orb Walkers","floor":37.0,"turns":6.0},{"damage":14.0,"enemies":"Jaw Worm Horde","floor":38.0,"turns":5.0},{"damage":54.0,"enemies":"Reptomancer","floor":40.0,"turns":5.0},{"damage":0.0,"enemies":"Writhing Mass","floor":42.0,"turns":4.0},{"damage":0.0,"enemies":"4 Shapes","floor":44.0,"turns":4.0},{"damage":13.0,"enemies":"Giant Head","floor":45.0,"turns":6.0},{"damage":0.0,"enemies":"Sphere and 2 Shapes","floor":46.0,"turns":3.0},{"damage":24.0,"enemies":"Transient","floor":47.0,"turns":6.0},{"damage":0.0,"enemies":"Reptomancer","floor":48.0,"turns":2.0},{"damage":73.0,"enemies":"Donu and Deca","floor":50.0,"turns":8.0},{"damage":57.0,"enemies":"Awakened One","floor":51.0,"turns":20.0},{"damage":27.0,"enemies":"Shield and Spear","floor":55.0,"turns":5.0},{"damage":137,"enemies":"The Heart","floor":56,"turns":10}],"seed_played":"-5600655804460402602","potions_obtained":[{"floor":5.0,"key":"AttackPotion"},{"floor":6.0,"key":"SpeedPotion"},{"floor":8.0,"key":"Weak Potion"},{"floor":13.0,"key":"Strength Potion"},{"floor":23.0,"key":"SneckoOil"},{"floor":28.0,"key":"FearPotion"},{"floor":31.0,"key":"EssenceOfSteel"},{"floor":33.0,"key":"SpeedPotion"},{"floor":36.0,"key":"Swift Potion"},{"floor":37.0,"key":"LiquidBronze"},{"floor":40.0,"key":"Ancient Potion"}],"is_trial":false,"path_per_floor":["M","?","?","M","M","E","R","M","T","R","E","R","E","M","R","B",null,"M","$","?","M","?","E","?","M","T","R","E","?","R","M","R","B",null,"M","M","?","M","$","E","?","M","T","M","E","M","M","E","R","B","B",null,"R","$","E","B",null],"character_chosen":"IRONCLAD","items_purchased":["Spot Weakness","Bronze Scales","ClockworkSouvenir","SteroidPotion","Disarm","Dexterity Potion"],"campfire_rested":3,"item_purchase_floors":[19,19,39,39,54,54],"current_hp_per_floor":[68,73,73,71,71,36,36,32,32,32,13,52,32,27,66,32,68,49,49,49,56,50,49,33,41,41,41,29,10,47,59,59,28,65,82,84,67,85,85,73,73,83,83,97,107,109,108,113,113,85,93,108,108,108,104,7],"gold":114,"neow_bonus":"RANDOM_COMMON_RELIC","is_prod":false,"is_daily":false,"chose_seed":false,"campfire_upgraded":5,"win_rate":0,"timestamp":1558578145,"path_taken":["M","?","?","M","M","E","R","M","T","R","E","R","E","M","R","BOSS","M","$","?","M","?","E","?","M","T","R","E","?","R","M","R","BOSS","M","M","?","M","$","E","?","M","T","M","E","M","?","E","R","BOSS","BOSS","R","$","E","BOSS"],"build_version":"2019-05-07","purchased_purges":1,"victory":true,"max_hp_per_floor":[75,80,80,80,80,80,80,80,80,80,80,80,80,80,80,80,80,80,80,56,56,56,59,64,66,66,66,69,74,74,77,77,77,77,82,84,89,92,92,92,92,94,94,97,107,109,111,113,113,113,113,113,113,113,115,115],"card_choices":[{"not_picked":["Twin Strike","Cleave"],"picked":"Feel No Pain","floor":1.0},{"not_picked":["Havoc","Searing Blow"],"picked":"Combust","floor":4.0},{"not_picked":["Infernal Blade","True Grit"],"picked":"Disarm","floor":5.0},{"not_picked":["Reckless Charge","Bloodletting"],"picked":"Uppercut","floor":6.0},{"not_picked":["Flex","Iron Wave"],"picked":"Cleave","floor":8.0},{"not_picked":["Headbutt","Body Slam"],"picked":"Shockwave","floor":11.0},{"not_picked":["Clothesline","Burning Pact"],"picked":"Carnage","floor":13.0},{"not_picked":["Dual Wield","Demon Form"],"picked":"Battle Trance","floor":14.0},{"not_picked":["Brutality","Double Tap"],"picked":"Impervious","floor":16.0},{"not_picked":["Twin Strike","Thunderclap+1"],"picked":"Flame Barrier+1","floor":18.0},{"not_picked":["Heavy Blade","Thunderclap+1"],"picked":"Feed","floor":21.0},{"not_picked":["Carnage","True Grit"],"picked":"Shrug It Off+1","floor":23.0},{"not_picked":["Flex","Thunderclap","Shockwave"],"picked":"Singing Bowl","floor":24.0},{"not_picked":["Twin Strike","Rage","Hemokinesis"],"picked":"Singing Bowl","floor":25.0},{"not_picked":["Dual Wield","Shrug It Off"],"picked":"Reaper","floor":28.0},{"not_picked":["Battle Trance","Body Slam"],"picked":"True Grit","floor":31.0},{"not_picked":["Juggernaut","Barricade"],"picked":"Fiend Fire","floor":33.0},{"not_picked":["Armaments","Warcry+1","Rage"],"picked":"Singing Bowl","floor":35.0},{"not_picked":["Heavy Blade+1","Iron Wave","True Grit"],"picked":"Singing Bowl","floor":36.0},{"not_picked":["Flex","Perfected Strike+1","Dropkick"],"picked":"Singing Bowl","floor":37.0},{"not_picked":["Clothesline","Pommel Strike+1"],"picked":"Burning Pact+1","floor":38.0},{"not_picked":["Body Slam","Reckless Charge"],"picked":"Berserk","floor":40.0},{"not_picked":["Wild Strike","Dropkick","Searing Blow"],"picked":"Singing Bowl","floor":42.0},{"not_picked":["Thunderclap","Wild Strike"],"picked":"Flex+1","floor":44.0},{"not_picked":["Sword Boomerang","Power Through"],"picked":"Ghostly Armor+1","floor":45.0},{"not_picked":["Iron Wave+1","Juggernaut","Bloodletting"],"picked":"Singing Bowl","floor":46.0},{"not_picked":["Havoc","Reckless Charge","Headbutt"],"picked":"Singing Bowl","floor":47.0},{"not_picked":["Headbutt","Twin Strike","Combust"],"picked":"Singing Bowl","floor":48.0},{"not_picked":["Reckless Charge+1","Seeing Red","Wild Strike+1"],"picked":"Singing Bowl","floor":55.0}],"player_experience":1571502,"relics_obtained":[{"floor":6.0,"key":"Art of War"},{"floor":11.0,"key":"Singing Bowl"},{"floor":13.0,"key":"PreservedInsect"},{"floor":23.0,"key":"Whetstone"},{"floor":24.0,"key":"Du-Vu Doll"},{"floor":24.0,"key":"Ornamental Fan"},{"floor":26.0,"key":"Kunai"},{"floor":28.0,"key":"Anchor"},{"floor":37.0,"key":"Thread and Needle"},{"floor":40.0,"key":"Bag of Marbles"},{"floor":43.0,"key":"Ancient Tea Set"},{"floor":45.0,"key":"Pear"},{"floor":48.0,"key":"Happy Flower"},{"floor":55.0,"key":"Centennial Puzzle"}],"event_choices":[{"damage_healed":0.0,"max_hp_gain":5.0,"max_hp_loss":0.0,"gold_gain":0.0,"event_name":"Big Fish","player_choice":"Donut","floor":2.0,"gold_loss":0.0,"damage_taken":0.0},{"cards_removed":["Strike_R"],"damage_healed":0.0,"max_hp_gain":0.0,"max_hp_loss":0.0,"gold_gain":0.0,"event_name":"The Cleric","player_choice":"Card Removal","floor":3.0,"gold_loss":75.0,"damage_taken":0.0},{"damage_healed":0.0,"max_hp_gain":0.0,"max_hp_loss":24.0,"gold_gain":0.0,"event_name":"Vampires","player_choice":"Became a vampire","floor":20.0,"gold_loss":0.0,"damage_taken":0.0,"cards_obtained":["Bite","Bite","Bite","Bite","Bite"]},{"damage_healed":0.0,"max_hp_gain":0.0,"max_hp_loss":0.0,"gold_gain":0.0,"event_name":"Nest","player_choice":"Joined the Cult","floor":22.0,"gold_loss":0.0,"damage_taken":6.0,"cards_obtained":["RitualDagger"]},{"damage_healed":0.0,"max_hp_gain":0.0,"max_hp_loss":0.0,"gold_gain":0.0,"event_name":"Colosseum","player_choice":"Fight","floor":24.0,"gold_loss":0.0,"damage_taken":0.0},{"damage_healed":0.0,"max_hp_gain":0.0,"max_hp_loss":0.0,"gold_gain":0.0,"event_name":"Colosseum","player_choice":"Fought Nobs","floor":24.0,"gold_loss":0.0,"damage_taken":0.0},{"damage_healed":0.0,"max_hp_gain":5.0,"max_hp_loss":0.0,"gold_gain":0.0,"event_name":"Forgotten Altar","player_choice":"Shed Blood","floor":29.0,"gold_loss":0.0,"damage_taken":24.0},{"damage_healed":0.0,"max_hp_gain":0.0,"max_hp_loss":0.0,"gold_gain":0.0,"event_name":"Mysterious Sphere","player_choice":"Fight","floor":37.0,"gold_loss":0.0,"damage_taken":0.0},{"damage_healed":0.0,"max_hp_gain":0.0,"max_hp_loss":0.0,"gold_gain":0.0,"event_name":"Upgrade Shrine","player_choice":"Upgraded","floor":41.0,"gold_loss":0.0,"damage_taken":0.0,"cards_upgraded":["Fiend Fire"]}],"is_beta":true,"boss_relics":[{"not_picked":["Calling Bell","Tiny House"],"picked":"Runic Pyramid"},{"not_picked":["Astrolabe","Lizard Tail"],"picked":"Runic Dome"}],"items_purged_floors":[39],"is_endless":false,"potions_floor_spawned":[5,6,8,13,23,24,28,31,33,36,37,40,47,48],"ascension_level":20}