{"gold_per_floor":[18,32,32,51,63,63,91,91,114,132,132,163,163,88,88,188,188,207,222,144,144,156,189,189,200,200,200,200,220,220,240,240,339,339,359,359,359,377,392,423,423,457,457,468,468,496,508,540,552,564],"floor_reached":51,"playtime":4984,"items_purged":["Strike_R"],"score":1288,"play_id":"2361f675-5d69-41a0-ab5e-5c15a78ef580","local_time":"20190401103841","is_ascension_mode":true,"campfire_choices":[{"data":"Havoc","floor":6.0,"key":"SMITH"},{"data":"Demon Form","floor":8,"key":"SMITH"},{"data":"Armaments","floor":13,"key":"SMITH"},{"data":"Metallicize","floor":15,"key":"SMITH"},{"data":"Metallicize","floor":24,"key":"SMITH"},{"data":"Warcry","floor":28,"key":"SMITH"},{"data":"Shockwave","floor":30,"key":"SMITH"},{"data":"Ghostly","floor":32,"key":"SMITH"},{"data":"Heavy Blade","floor":41,"key":"SMITH"},{"data":"Heavy Blade","floor":45,"key":"SMITH"},{"data":"Limit Break","floor":47,"key":"SMITH"},{"data":"Shrug It Off","floor":49,"key":"SMITH"}],"neow_cost":"NO_GOLD","seed_source_timestamp":859579638262900,"circlet_count":0,"master_deck":["AscendersBane","Strike_R+1","Strike_R+1","Strike_R+1","Defend_R+1","Defend_R+1","Defend_R+1","Defend_R+1","Bash","Heavy Blade+1","Headbutt","Metallicize+1","Havoc+1","Demon Form+1","Warcry+1","Ghostly Armor","Armaments+1","Reaper","Shrug It Off+1","Shockwave+1","Metallicize+1","Heavy Blade+1","Ghostly+1","Ghostly","Ghostly","Ghostly","Ghostly","Battle Trance+1","Limit Break+1","Burning Pact","Violence","Swift Strike","Purity","Cleave"],"special_seed":0,"relics":["Burning Blood","Juzu Bracelet","Vajra","Pen Nib","Coffee Dripper","Bottled Tornado","Velvet Choker","Question Card","Paper Frog","Oddly Smooth Stone","MawBank"],"potions_floor_usage":[7,7,12,18,23],"damage_taken":[{"damage":1.0,"enemies":"Cultist","floor":1.0,"turns":3.0},{"damage":0.0,"enemies":"2 Louse","floor":2.0,"turns":2.0},{"damage":3.0,"enemies":"Small Slimes","floor":4.0,"turns":4.0},{"damage":6.0,"enemies":"Exordium Wildlife","floor":5.0,"turns":4.0},{"damage":35,"enemies":"Lagavulin","floor":7,"turns":4},{"damage":8,"enemies":"Red Slaver","floor":10,"turns":5},{"damage":21,"enemies":"3 Sentries","floor":12,"turns":7},{"damage":39,"enemies":"Hexaghost","floor":16,"turns":11},{"damage":3,"enemies":"3 Byrds","floor":18,"turns":3},{"damage":21,"enemies":"Chosen","floor":19,"turns":5},{"damage":6,"enemies":"Snake Plant","floor":22,"turns":6},{"damage":34,"enemies":"Book of Stabbing","floor":23,"turns":7},{"damage":12,"enemies":"Sentry and Sphere","floor":25,"turns":5},{"damage":16,"enemies":"Shelled Parasite and Fungi","floor":29,"turns":4},{"damage":10,"enemies":"Centurion and Healer","floor":31,"turns":6},{"damage":0,"enemies":"Automaton","floor":33,"turns":9},{"damage":4,"enemies":"3 Darklings","floor":35,"turns":4},{"damage":0,"enemies":"Orb Walker","floor":38,"turns":3},{"damage":0,"enemies":"4 Shapes","floor":39,"turns":7},{"damage":0,"enemies":"Nemesis","floor":40,"turns":5},{"damage":0,"enemies":"Reptomancer","floor":42,"turns":4},{"damage":16,"enemies":"3 Darklings","floor":44,"turns":6},{"damage":10,"enemies":"Nemesis","floor":46,"turns":7},{"damage":0,"enemies":"Sphere and 2 Shapes","floor":48,"turns":4},{"damage":45,"enemies":"Donu and Deca","floor":50,"turns":8}],"seed_played":"8273270251209766693","potions_obtained":[{"floor":2.0,"key":"SteroidPotion"},{"floor":3.0,"key":"Ancient Potion"},{"floor":3.0,"key":"Strength Potion"},{"floor":7,"key":"Strength Potion"},{"floor":10,"key":"LiquidBronze"},{"floor":16,"key":"AttackPotion"},{"floor":18,"key":"PowerPotion"},{"floor":31,"key":"SmokeBomb"},{"floor":33,"key":"SkillPotion"}],"is_trial":false,"path_per_floor":["M","M","?","M","M","R","E","R","T","M","?","E","R","$","R","B",null,"M","M","$","?","M","E","R","M","T","?","R","M","R","M","R","B",null,"M","?","?","M","M","E","R","E","T","M","R","E","R","M","R","B",null],"character_chosen":"IRONCLAD","items_purchased":["Metallicize"],"campfire_rested":0,"item_purchase_floors":[20],"current_hp_per_floor":[93,96,96,96,96,96,67,67,67,65,65,50,50,50,50,17,76,91,76,76,76,76,48,48,42,42,42,42,42,42,48,48,48,48,48,38,38,44,48,48,48,48,48,48,48,48,48,48,48,20],"gold":576,"neow_bonus":"TWENTY_PERCENT_HP_BONUS","is_prod":false,"is_daily":false,"chose_seed":false,"campfire_upgraded":12,"win_rate":0,"timestamp":1554136721,"path_taken":["M","M","?","M","M","R","E","R","T","M","?","E","R","$","R","BOSS","M","M","$","?","M","E","R","M","T","?","R","M","R","M","R","BOSS","M","?","?","M","M","E","R","E","T","M","R","E","R","M","R","BOSS"],"build_version":"2019-01-23","purchased_purges":1,"victory":true,"max_hp_per_floor":[96,96,96,96,96,96,96,96,96,96,96,96,96,96,96,96,96,96,96,96,96,96,96,96,96,96,48,48,48,48,48,48,48,48,48,48,48,48,48,48,48,48,48,48,48,48,48,48,48,48],"card_choices":[{"not_picked":["Sword Boomerang","Hemokinesis"],"picked":"Heavy Blade","floor":1.0},{"not_picked":["Clash","Sentinel"],"picked":"Headbutt","floor":2.0},{"not_picked":["Headbutt","Thunderclap"],"picked":"Metallicize","floor":4.0},{"not_picked":["Dropkick","Fire Breathing"],"picked":"Havoc","floor":5.0},{"not_picked":["Power Through","Anger"],"picked":"Demon Form","floor":7},{"not_picked":["Anger","Blood for Blood"],"picked":"Warcry","floor":10},{"not_picked":["Flex","Headbutt"],"picked":"Armaments","floor":12},{"not_picked":["Bludgeon","Juggernaut"],"picked":"Reaper","floor":16},{"not_picked":["Clash","Sword Boomerang"],"picked":"Shrug It Off","floor":18},{"not_picked":["Uppercut","Perfected Strike"],"picked":"Shockwave","floor":19},{"not_picked":["Sentinel","Perfected Strike"],"picked":"Heavy Blade","floor":22},{"not_picked":["Sever Soul+1","Sword Boomerang","Flex"],"picked":"SKIP","floor":23},{"not_picked":["Body Slam+1","Perfected Strike","Dual Wield+1"],"picked":"SKIP","floor":25},{"not_picked":["Thunderclap","Anger+1","Armaments"],"picked":"SKIP","floor":29},{"not_picked":["Hemokinesis","Bloodletting"],"picked":"Battle Trance+1","floor":31},{"not_picked":["Offering","Immolate"],"picked":"Limit Break","floor":33},{"not_picked":["Flex+1","Fire Breathing"],"picked":"Burning Pact","floor":35},{"not_picked":["HandOfGreed","Blind"],"picked":"Violence","floor":36},{"not_picked":["Discovery","Finesse"],"picked":"Swift Strike","floor":36},{"not_picked":["Sadistic Nature","Deep Breath"],"picked":"Purity","floor":36},{"not_picked":["Blood for Blood","Armaments","Clash+1"],"picked":"SKIP","floor":38},{"not_picked":["Sword Boomerang","True Grit+1","Armaments"],"picked":"SKIP","floor":39},{"not_picked":["Cleave+1","Wild Strike+1","Shockwave"],"picked":"SKIP","floor":40},{"not_picked":["Demon Form","Evolve+1","Spot Weakness+1"],"picked":"Cleave","floor":42},{"not_picked":["Sever Soul","Clash","Blood for Blood","Shrug It Off"],"picked":"SKIP","floor":44},{"not_picked":["Sword Boomerang+1","Perfected Strike+1","Shockwave+1","Warcry"],"picked":"SKIP","floor":46},{"not_picked":["True Grit","Limit Break","Cleave","Shrug It Off"],"picked":"SKIP","floor":48}],"player_experience":521987,"relics_obtained":[{"floor":7,"key":"Juzu Bracelet"},{"floor":9,"key":"Vajra"},{"floor":12,"key":"Pen Nib"},{"floor":23,"key":"Bottled Tornado"},{"floor":40,"key":"Question Card"},{"floor":42,"key":"Paper Frog"},{"floor":43,"key":"Oddly Smooth Stone"},{"floor":46,"key":"MawBank"}],"event_choices":[{"damage_healed":0.0,"max_hp_gain":0.0,"max_hp_loss":0.0,"gold_gain":0.0,"event_name":"Lab","player_choice":"Got Potions","floor":3.0,"gold_loss":0.0,"damage_taken":0.0},{"damage_healed":0,"gold_gain":0,"cards_transformed":["Strike_R"],"player_choice":"Transformed","damage_taken":0,"max_hp_gain":0,"max_hp_loss":0,"event_name":"Transmorgrifier","floor":11,"gold_loss":0,"cards_obtained":["Ghostly Armor"]},{"damage_healed":0,"gold_gain":0,"player_choice":"Simplicity","damage_taken":0,"max_hp_gain":0,"max_hp_loss":0,"event_name":"Back to Basics","floor":21,"gold_loss":0,"cards_upgraded":["Strike_R","Strike_R","Strike_R","Defend_R","Defend_R","Defend_R","Defend_R"]},{"damage_healed":0,"gold_gain":0,"player_choice":"Became a Ghost","damage_taken":0,"max_hp_gain":0,"max_hp_loss":48,"event_name":"Ghosts","floor":27,"gold_loss":0,"cards_obtained":["Ghostly","Ghostly","Ghostly","Ghostly","Ghostly"]},{"damage_healed":0,"gold_gain":0,"player_choice":"Memory 3","damage_taken":10,"max_hp_gain":0,"max_hp_loss":0,"event_name":"SensoryStone","floor":36,"gold_loss":0},{"damage_healed":0,"gold_gain":0,"player_choice":"Ignored","damage_taken":0,"max_hp_gain":0,"max_hp_loss":0,"event_name":"Tomb of Lord Red Mask","floor":37,"gold_loss":0}],"is_beta":false,"boss_relics":[{"not_picked":["Tiny House","Philosopher\u0027s Stone"],"picked":"Coffee Dripper"},{"not_picked":["Black Star","Pandora\u0027s Box"],"picked":"Velvet Choker"}],"items_purged_floors":[14],"is_endless":false,"potions_floor_spawned":[2,7,10,16,18,31,33,39,42,46],"ascension_level":10}