{"gold_per_floor":[143,195,195,39,39,39,73,97,176,176,201,220,234,250,250,370,370,395,157],"floor_reached":19,"playtime":1079,"items_purged":["Pain"],"score":169,"play_id":"b4feb9a1-1566-4345-b4fb-803e3966e1c5","local_time":"20181016130806","is_ascension_mode":false,"campfire_choices":[{"data":"Zap","floor":6,"key":"SMITH"},{"floor":10,"key":"REST"},{"data":"Consume","floor":15,"key":"SMITH"}],"neow_cost":"NONE","seed_source_timestamp":445582792286388,"circlet_count":0,"master_deck":["Strike_B","Strike_B","Strike_B","Strike_B","Defend_B","Defend_B","Defend_B","Defend_B","Zap+1","Dualcast","Consume+1","Static Discharge","Cold Snap","Glacier","Amplify","Chaos","Force Field","Hello World","All For One","Leap"],"relics":["Cracked Core","Tiny Chest","Lantern","WarpedTongs","Golden Idol","Orichalcum","Gremlin Horn","White Beast Statue","Bottled Lightning"],"potions_floor_usage":[16],"damage_taken":[{"damage":1,"enemies":"Cultist","floor":1,"turns":4},{"damage":26,"enemies":"Lagavulin","floor":7,"turns":5},{"damage":2,"enemies":"2 Louse","floor":8,"turns":2},{"damage":0,"enemies":"Small Slimes","floor":11,"turns":3},{"damage":0,"enemies":"3 Louse","floor":12,"turns":3},{"damage":0,"enemies":"Exordium Wildlife","floor":13,"turns":5},{"damage":0,"enemies":"Blue Slaver","floor":14,"turns":5},{"damage":35,"enemies":"The Guardian","floor":16,"turns":11},{"damage":8,"enemies":"Shell Parasite","floor":18,"turns":7}],"seed_played":"-7587283500818466734","potions_obtained":[{"floor":7,"key":"SpeedPotion"},{"floor":8,"key":"SkillPotion"},{"floor":14,"key":"Energy Potion"},{"floor":18,"key":"SteroidPotion"}],"is_trial":false,"path_per_floor":["M","T","?","$","?","R","E","M","T","R","M","M","M","M","R","B",null,"M"],"character_chosen":"DEFECT","items_purchased":["Static Discharge","Bottled Lightning"],"campfire_rested":1,"item_purchase_floors":[4,19],"current_hp_per_floor":[74,74,74,74,56,56,30,28,28,50,50,50,50,50,50,15,75,67,67],"gold":157,"neow_bonus":"RANDOM_COMMON_RELIC","is_prod":false,"is_daily":false,"chose_seed":false,"campfire_upgraded":2,"win_rate":0,"timestamp":1539709686,"path_taken":["M","?","?","$","?","R","E","M","T","R","M","M","M","M","R","BOSS","M","$"],"build_version":"2018-10-11","purchased_purges":1,"victory":false,"max_hp_per_floor":[75,75,75,75,75,75,75,75,75,75,75,75,75,75,75,75,75,75,75],"card_choices":[{"not_picked":["Compile Driver","Streamline"],"picked":"Consume","floor":1},{"not_picked":["Go for the Eyes","Turbo"],"picked":"Cold Snap","floor":7},{"not_picked":["Coolheaded","Rip and Tear"],"picked":"Glacier","floor":8},{"not_picked":["Cold Snap","Storm"],"picked":"Amplify","floor":11},{"not_picked":["Rebound","Genetic Algorithm"],"picked":"Chaos","floor":12},{"not_picked":["BootSequence","Steam Power"],"picked":"Force Field","floor":13},{"not_picked":["Scrape","Turbo"],"picked":"Hello World","floor":14},{"not_picked":["Core Surge","Amplify"],"picked":"All For One","floor":16},{"not_picked":["Rebound+1","Consume+1"],"picked":"Leap","floor":18}],"player_experience":141719,"relics_obtained":[{"floor":2,"key":"Lantern"},{"floor":7,"key":"Orichalcum"},{"floor":9,"key":"Gremlin Horn"}],"event_choices":[{"event_name":"Accursed Blacksmith","player_choice":"Rummage","floor":3,"damage_taken":0},{"event_name":"Golden Idol","player_choice":"Take Damage","floor":5,"damage_taken":0}],"is_beta":false,"boss_relics":[{"not_picked":["Philosopher\u0027s Stone","Sozu"],"picked":"White Beast Statue"}],"items_purged_floors":[4],"is_endless":false,"potions_floor_spawned":[7,8,14,18],"ascension_level":0}