{"gold_per_floor":[365,365,365,384,115,149,149,175,205,225,225,253,10,27,27,128,128,148,148,162,172,53,88,101,133,183,200,125,143,143,170,170,274,274,288,288,288,298,39,39,73,73,73,73,86,121,121,147,147,147,147,147,4,37,37],"floor_reached":55,"playtime":7045,"items_purged":["Regret"],"score":1318,"play_id":"1530d63a-02c9-4ae4-88c4-06018453d9cf","local_time":"20190126102153","is_ascension_mode":true,"campfire_choices":[{"floor":7.0,"key":"REST"},{"floor":11.0,"key":"REST"},{"floor":15.0,"key":"REST"},{"data":"Corruption","floor":30.0,"key":"SMITH"},{"floor":32.0,"key":"RECALL"},{"data":"Transmutation","floor":40.0,"key":"SMITH"},{"data":"Berserk","floor":44.0,"key":"SMITH"},{"data":"Jack Of All Trades","floor":47.0,"key":"SMITH"},{"floor":49.0,"key":"REST"},{"data":"Shockwave","floor":52,"key":"SMITH"}],"neow_cost":"PERCENT_DAMAGE","seed_source_timestamp":207553270600500,"circlet_count":0,"master_deck":["Strike_R+1","Strike_R+1","Strike_R+1","Strike_R+1","Strike_R+1","Defend_R+1","Defend_R+1","Defend_R+1","Defend_R+1","Shockwave","Sever Soul","Havoc","Wild Strike","Bandage Up","Sever Soul","Flame Barrier","Second Wind","Shockwave+1","Bloodletting","Master of Strategy","Carnage+1","Fiend Fire+1","Shrug It Off+1","Wild Strike","Clash","Power Through","Evolve","Impervious","Anger+1","Berserk+1","Corruption+1","Anger","Brutality","Impervious","Metallicize","Thinking Ahead","Panacea","Jack Of All Trades+1","Body Slam+1","Transmutation+1","Entrench","Armaments+1","Rage+1","Demon Form","Dual Wield+1"],"special_seed":0,"relics":["Burning Blood","Mummified Hand","Matryoshka","Bronze Scales","Bag of Preparation","Tiny Chest","Paper Frog","Bag of Marbles","Mark of Pain","Self Forming Clay","FossilizedHelix","Bottled Tornado","Whetstone","Bottled Lightning","Runic Pyramid","Pear","Pocketwatch","Pen Nib","Regal Pillow","Centennial Puzzle","Mercury Hourglass"],"potions_floor_usage":[50,50,55],"damage_taken":[{"damage":9.0,"enemies":"Jaw Worm","floor":1.0,"turns":4.0},{"damage":8.0,"enemies":"2 Louse","floor":4.0,"turns":4.0},{"damage":30.0,"enemies":"Lagavulin","floor":6.0,"turns":6.0},{"damage":52.0,"enemies":"3 Sentries","floor":8.0,"turns":7.0},{"damage":0.0,"enemies":"Small Slimes","floor":10.0,"turns":2.0},{"damage":42.0,"enemies":"Gremlin Nob","floor":12.0,"turns":5.0},{"damage":0.0,"enemies":"3 Louse","floor":14.0,"turns":3.0},{"damage":21.0,"enemies":"Slime Boss","floor":16.0,"turns":6.0},{"damage":10.0,"enemies":"Shell Parasite","floor":18.0,"turns":3.0},{"damage":0.0,"enemies":"Chosen","floor":20.0,"turns":2.0},{"damage":3.0,"enemies":"Centurion and Healer","floor":21.0,"turns":4.0},{"damage":17.0,"enemies":"Slavers","floor":23.0,"turns":3.0},{"damage":7.0,"enemies":"Sentry and Sphere","floor":24.0,"turns":4.0},{"damage":3.0,"enemies":"Book of Stabbing","floor":25.0,"turns":4.0},{"damage":0.0,"enemies":"3 Cultists","floor":27.0,"turns":3.0},{"damage":0.0,"enemies":"Shelled Parasite and Fungi","floor":29.0,"turns":4.0},{"damage":0.0,"enemies":"Gremlin Leader","floor":31.0,"turns":4.0},{"damage":82.0,"enemies":"Champ","floor":33.0,"turns":8.0},{"damage":23.0,"enemies":"3 Darklings","floor":35.0,"turns":5.0},{"damage":3.0,"enemies":"3 Shapes","floor":38.0,"turns":4.0},{"damage":0.0,"enemies":"Nemesis","floor":41.0,"turns":5.0},{"damage":1.0,"enemies":"3 Darklings","floor":45.0,"turns":6.0},{"damage":6.0,"enemies":"Reptomancer","floor":46.0,"turns":4.0},{"damage":42.0,"enemies":"Giant Head","floor":48.0,"turns":8.0},{"damage":41,"enemies":"Time Eater","floor":50,"turns":8},{"damage":2,"enemies":"Shield and Spear","floor":54,"turns":4},{"damage":106,"enemies":"The Heart","floor":55,"turns":6}],"seed_played":"4424951218303309699","potions_obtained":[{"floor":6.0,"key":"BloodPotion"},{"floor":12.0,"key":"Energy Potion"},{"floor":14.0,"key":"EssenceOfSteel"},{"floor":16.0,"key":"FearPotion"},{"floor":20.0,"key":"Energy Potion"},{"floor":23.0,"key":"Swift Potion"},{"floor":25.0,"key":"AttackPotion"},{"floor":31.0,"key":"Swift Potion"},{"floor":35.0,"key":"Energy Potion"},{"floor":46.0,"key":"LiquidBronze"},{"floor":48.0,"key":"SpeedPotion"}],"is_trial":false,"path_per_floor":["M","?","?","M","$","E","R","E","T","M","R","E","$","M","R","B",null,"M","?","M","M","$","E","M","E","T","M","?","M","R","E","R","B",null,"M","?","?","M","$","R","E","T","T","R","M","E","R","E","R","B",null,"R","$","E","B"],"character_chosen":"IRONCLAD","items_purchased":["Havoc","Wild Strike","Bandage Up","Bloodletting","Master of Strategy","Power Through","Evolve","Transmutation","Entrench","Centennial Puzzle"],"campfire_rested":4,"item_purchase_floors":[5,5,5,13,13,22,22,39,39,53],"current_hp_per_floor":[48,48,45,43,43,23,47,13,13,23,47,11,11,21,45,34,69,69,69,79,80,80,69,72,75,75,80,80,80,80,80,80,8,62,49,39,39,42,42,42,62,62,62,62,67,67,67,35,77,48,80,80,80,88,0],"gold":37,"neow_bonus":"TWO_FIFTY_GOLD","is_prod":false,"is_daily":false,"chose_seed":false,"campfire_upgraded":5,"win_rate":0,"timestamp":1548523313,"path_taken":["M","?","?","M","$","E","R","E","T","M","R","E","$","M","R","BOSS","M","?","M","M","$","E","M","E","T","M","?","M","R","E","R","BOSS","M","?","?","M","$","R","E","?","T","R","M","E","R","E","R","BOSS","R","$","E","BOSS"],"build_version":"2019-01-23","purchased_purges":1,"victory":false,"max_hp_per_floor":[80,80,80,80,80,80,80,80,80,80,80,80,80,80,80,80,80,80,80,80,80,80,80,80,80,80,80,80,80,80,80,80,80,80,80,80,80,80,80,80,90,90,90,90,90,90,90,90,90,90,90,90,90,90,90],"card_choices":[{"not_picked":["Clothesline","Pummel"],"picked":"Shockwave","floor":1.0},{"not_picked":["True Grit","Sentinel"],"picked":"Sever Soul","floor":4.0},{"not_picked":["Wild Strike","Clothesline"],"picked":"Sever Soul","floor":6.0},{"not_picked":["Shrug It Off","Battle Trance"],"picked":"Flame Barrier","floor":8.0},{"not_picked":["Ghostly Armor","Headbutt"],"picked":"Second Wind","floor":10.0},{"not_picked":["Heavy Blade","Rampage"],"picked":"Shockwave","floor":12.0},{"not_picked":["Iron Wave","Disarm"],"picked":"Carnage","floor":14.0},{"not_picked":["Dark Embrace","Juggernaut"],"picked":"Fiend Fire","floor":16.0},{"not_picked":["Clothesline","Heavy Blade"],"picked":"Shrug It Off+1","floor":18.0},{"not_picked":["Sword Boomerang","Headbutt"],"picked":"Wild Strike","floor":20.0},{"not_picked":["Thunderclap","Clothesline"],"picked":"Clash","floor":21.0},{"not_picked":["Heavy Blade","Cleave"],"picked":"Impervious","floor":23.0},{"not_picked":["Havoc","Shrug It Off"],"picked":"Anger+1","floor":24.0},{"not_picked":["Juggernaut","Spot Weakness"],"picked":"Berserk","floor":25.0},{"not_picked":["Body Slam","Thunderclap+1"],"picked":"Corruption","floor":27.0},{"not_picked":["Iron Wave","Headbutt"],"picked":"Anger","floor":29.0},{"not_picked":["Twin Strike","Reckless Charge"],"picked":"Brutality","floor":31.0},{"not_picked":["Juggernaut","Brutality"],"picked":"Impervious","floor":33.0},{"not_picked":["True Grit","Heavy Blade+1"],"picked":"Metallicize","floor":35.0},{"not_picked":["Chrysalis","Dramatic Entrance"],"picked":"Thinking Ahead","floor":36.0},{"not_picked":["Flash of Steel","Trip"],"picked":"Panacea","floor":36.0},{"not_picked":["Mind Blast","PanicButton"],"picked":"Jack Of All Trades","floor":36.0},{"not_picked":["Corruption","Searing Blow"],"picked":"Body Slam+1","floor":38.0},{"not_picked":["Headbutt+1","Hemokinesis"],"picked":"Armaments+1","floor":41.0},{"not_picked":["Armaments","Wild Strike"],"picked":"Rage+1","floor":45.0},{"not_picked":["Sword Boomerang+1","Rampage+1"],"picked":"Demon Form","floor":46.0},{"not_picked":["Disarm+1","Sword Boomerang"],"picked":"Dual Wield+1","floor":48.0},{"not_picked":["Rampage","Inflame+1","Armaments"],"picked":"SKIP","floor":54}],"player_experience":406763,"relics_obtained":[{"floor":6.0,"key":"Bronze Scales"},{"floor":8.0,"key":"Bag of Preparation"},{"floor":9.0,"key":"Tiny Chest"},{"floor":9.0,"key":"Paper Frog"},{"floor":12.0,"key":"Bag of Marbles"},{"floor":23.0,"key":"Self Forming Clay"},{"floor":25.0,"key":"FossilizedHelix"},{"floor":26.0,"key":"Bottled Tornado"},{"floor":26.0,"key":"Whetstone"},{"floor":31.0,"key":"Bottled Lightning"},{"floor":41.0,"key":"Pear"},{"floor":43.0,"key":"Pocketwatch"},{"floor":46.0,"key":"Pen Nib"},{"floor":48.0,"key":"Regal Pillow"},{"floor":54,"key":"Mercury Hourglass"}],"event_choices":[{"damage_healed":0.0,"max_hp_gain":0.0,"max_hp_loss":0.0,"gold_gain":0.0,"event_name":"Big Fish","player_choice":"Box","floor":2.0,"gold_loss":0.0,"damage_taken":0.0,"relics_obtained":["Mummified Hand"],"cards_obtained":["Regret"]},{"damage_healed":0.0,"max_hp_gain":0.0,"max_hp_loss":0.0,"gold_gain":0.0,"event_name":"Scrap Ooze","player_choice":"Success","floor":3.0,"gold_loss":0.0,"damage_taken":3.0,"relics_obtained":["Matryoshka"]},{"damage_healed":0.0,"max_hp_gain":0.0,"max_hp_loss":0.0,"gold_gain":0.0,"event_name":"Back to Basics","player_choice":"Simplicity","floor":19.0,"gold_loss":0.0,"damage_taken":0.0,"cards_upgraded":["Strike_R","Strike_R","Strike_R","Strike_R","Strike_R","Defend_R","Defend_R","Defend_R","Defend_R"]},{"cards_removed":["Bash"],"damage_healed":0.0,"max_hp_gain":0.0,"max_hp_loss":0.0,"gold_gain":0.0,"event_name":"Beggar","player_choice":"Gave Gold","floor":28.0,"gold_loss":75.0,"damage_taken":0.0},{"damage_healed":0.0,"max_hp_gain":0.0,"max_hp_loss":0.0,"gold_gain":0.0,"event_name":"SensoryStone","player_choice":"Memory 3","floor":36.0,"gold_loss":0.0,"damage_taken":10.0},{"damage_healed":0.0,"max_hp_gain":0.0,"max_hp_loss":0.0,"gold_gain":0.0,"event_name":"The Moai Head","player_choice":"Ignored","floor":37.0,"gold_loss":0.0,"damage_taken":0.0}],"is_beta":false,"boss_relics":[{"not_picked":["Cursed Key","Lizard Tail"],"picked":"Mark of Pain"},{"not_picked":["Runic Cube","Fusion Hammer"],"picked":"Runic Pyramid"}],"items_purged_floors":[5],"is_endless":false,"potions_floor_spawned":[6,12,14,16,20,23,25,31,35,46,48],"killed_by":"The Heart","ascension_level":8}