{"gold_per_floor":[111,111,111,124,136,136,167,167,167,185,185,150,162,115,115,216,216,227,244,244,169,188,188,204,219,267,70,85,102,119,29,29,124,124,134,134,152,164,178,178,178,178,204,204,215,215,215,215,215,215],"floor_reached":51,"playtime":3129,"items_purged":[],"score":653,"play_id":"d80fb107-6225-4e8f-93ff-366d46cc7b70","local_time":"20181014150513","is_ascension_mode":false,"campfire_choices":[{"data":"Zap","floor":6.0,"key":"SMITH"},{"data":"Darkness","floor":8.0,"key":"SMITH"},{"floor":11.0,"key":"DIG"},{"floor":15.0,"key":"DIG"},{"floor":23.0,"key":"REST"},{"floor":32.0,"key":"REST"},{"floor":40.0,"key":"REST"},{"data":"Buffer","floor":46.0,"key":"SMITH"},{"floor":49,"key":"DIG"}],"neow_cost":"NONE","seed_source_timestamp":0,"circlet_count":0,"master_deck":["Strike_B+1","Strike_B+1","Strike_B+1","Defend_B+1","Defend_B+1","Defend_B+1","Defend_B+1","Zap+1","Dualcast+1","Rainbow+1","Fusion+1","Leap+1","Chill+1","Darkness+1","Conserve Battery+1","Barrage+1","Cold Snap+1","Machine Learning+1","Barrage+1","Capacitor+1","Consume+1","Self Repair+1","Hologram+1","Lockon+1","Self Repair+1","Leap+1","Cold Snap+1","Capacitor+1","Loop+1","Static Discharge+1","Buffer+1","Hologram+1","FTL+1","Leap+1","Ball Lightning+1","Thinking Ahead+1","Force Field+1"],"special_seed":0,"relics":["Cracked Core","FossilizedHelix","Ancient Tea Set","Shovel","Blood Vial","Gremlin Horn","Inserter","Lantern","Lizard Tail","Strawberry","Mark of the Bloom","Meat on the Bone"],"potions_floor_usage":[50],"damage_taken":[{"damage":0.0,"enemies":"Small Slimes","floor":1.0,"turns":3.0},{"damage":2.0,"enemies":"Jaw Worm","floor":4.0,"turns":3.0},{"damage":0.0,"enemies":"Cultist","floor":5.0,"turns":3.0},{"damage":5.0,"enemies":"Lagavulin","floor":7.0,"turns":5.0},{"damage":3.0,"enemies":"Exordium Wildlife","floor":10.0,"turns":4.0},{"damage":0.0,"enemies":"Large Slime","floor":13.0,"turns":3.0},{"damage":25.0,"enemies":"The Guardian","floor":16.0,"turns":11.0},{"damage":26.0,"enemies":"2 Thieves","floor":18.0,"turns":5.0},{"damage":5.0,"enemies":"Chosen","floor":19.0,"turns":4.0},{"damage":26.0,"enemies":"Centurion and Healer","floor":22.0,"turns":6.0},{"damage":0.0,"enemies":"Sentry and Sphere","floor":24.0,"turns":5.0},{"damage":18.0,"enemies":"Chosen and Byrds","floor":25.0,"turns":5.0},{"damage":36.0,"enemies":"Snake Plant","floor":28.0,"turns":5.0},{"damage":28.0,"enemies":"3 Cultists","floor":29.0,"turns":7.0},{"damage":0.0,"enemies":"Sentry and Sphere","floor":30.0,"turns":8.0},{"damage":44.0,"enemies":"Automaton","floor":33.0,"turns":10.0},{"damage":11.0,"enemies":"Orb Walker","floor":35.0,"turns":6.0},{"damage":27.0,"enemies":"3 Darklings","floor":37.0,"turns":6.0},{"damage":46.0,"enemies":"Sphere and 2 Shapes","floor":38.0,"turns":7.0},{"damage":0.0,"enemies":"Maw","floor":39.0,"turns":8.0},{"damage":0.0,"enemies":"Reptomancer","floor":42.0,"turns":2.0},{"damage":21.0,"enemies":"Sphere and 2 Shapes","floor":45.0,"turns":9.0},{"damage":38,"enemies":"Donu and Deca","floor":50,"turns":9}],"seed_played":"-8776259305776792697","potions_obtained":[{"floor":5.0,"key":"SkillPotion"},{"floor":10.0,"key":"PowerPotion"},{"floor":16.0,"key":"Weak Potion"},{"floor":19.0,"key":"Fruit Juice"},{"floor":25.0,"key":"Regen Potion"},{"floor":28.0,"key":"Energy Potion"},{"floor":33.0,"key":"Poison Potion"},{"floor":35.0,"key":"SmokeBomb"},{"floor":38.0,"key":"Energy Potion"},{"floor":45.0,"key":"AttackPotion"}],"is_trial":false,"path_per_floor":["M","?","?","M","M","R","E","R","T","M","R","?","M","$","R","B",null,"M","M","?","?","M","R","M","M","T","$","M","M","M","$","R","B",null,"M","?","M","M","M","R","?","M","T","?","M","R","?","?","R","B"],"character_chosen":"DEFECT","items_purchased":["Cold Snap","Lockon","Self Repair","Leap","Static Discharge","Energy Potion"],"campfire_rested":3,"item_purchase_floors":[14,27,27,27,31,31],"current_hp_per_floor":[75,75,60,58,58,58,53,53,53,50,50,68,70,70,70,47,75,49,51,51,51,27,51,53,44,44,44,38,26,42,42,66,31,80,69,69,58,28,44,68,68,77,84,84,79,79,79,79,79,41],"gold":215,"neow_bonus":"ONE_RANDOM_RARE_CARD","is_prod":false,"is_daily":false,"chose_seed":false,"campfire_upgraded":3,"win_rate":0,"timestamp":1539543913,"path_taken":["M","?","?","M","M","R","E","R","T","M","R","?","M","$","R","BOSS","M","M","?","?","M","R","M","M","T","$","M","M","M","?","R","BOSS","M","?","M","M","M","R","?","M","T","?","M","R","?","?","R","BOSS"],"build_version":"2018-10-11","purchased_purges":0,"victory":true,"max_hp_per_floor":[75,75,75,75,75,75,75,75,75,75,75,75,75,75,75,75,75,75,80,80,80,80,80,80,80,80,80,80,80,80,80,80,80,80,80,80,80,80,80,80,80,80,87,87,87,87,87,87,87,87],"card_choices":[{"not_picked":["Gash","Leap"],"picked":"Fusion","floor":1.0},{"not_picked":["Sweeping Beam","Ball Lightning"],"picked":"Leap","floor":4.0},{"not_picked":["Turbo","Sweeping Beam"],"picked":"Chill","floor":5.0},{"not_picked":["Leap","Streamline"],"picked":"Darkness","floor":7.0},{"not_picked":["Tempest","Compile Driver"],"picked":"Conserve Battery","floor":10.0},{"not_picked":["Beam Cell","Rebound"],"picked":"Barrage","floor":13.0},{"not_picked":["Thunder Strike","Creative AI"],"picked":"Machine Learning","floor":16.0},{"not_picked":["Ball Lightning","Beam Cell+1"],"picked":"Barrage","floor":18.0},{"not_picked":["Double Energy","Recycle"],"picked":"Capacitor","floor":19.0},{"not_picked":["Streamline","Steam Power"],"picked":"Consume+1","floor":22.0},{"not_picked":["Beam Cell","Rip and Tear"],"picked":"Self Repair","floor":24.0},{"not_picked":["Genetic Algorithm","Hello World+1"],"picked":"Hologram+1","floor":25.0},{"not_picked":["Heatsinks","Hello World"],"picked":"Cold Snap+1","floor":28.0},{"not_picked":["Rebound","White Noise+1"],"picked":"Capacitor","floor":29.0},{"not_picked":["Sweeping Beam+1","Conserve Battery"],"picked":"Loop+1","floor":30.0},{"not_picked":["Seek","Core Surge"],"picked":"Buffer","floor":33.0},{"not_picked":["Streamline","Steam Power"],"picked":"Hologram+1","floor":35.0},{"not_picked":["Gash+1","Reinforced Body+1"],"picked":"FTL","floor":37.0},{"not_picked":["Fusion","Streamline+1"],"picked":"Leap+1","floor":38.0},{"not_picked":["Rebound","Turbo+1"],"picked":"Ball Lightning+1","floor":39.0},{"not_picked":["Forethought","Master of Strategy"],"picked":"Thinking Ahead","floor":41.0},{"not_picked":["Ball Lightning+1","Stack"],"picked":"Force Field","floor":45.0}],"player_experience":130382,"relics_obtained":[{"floor":7.0,"key":"Ancient Tea Set"},{"floor":9.0,"key":"Shovel"},{"floor":11.0,"key":"Blood Vial"},{"floor":15.0,"key":"Gremlin Horn"},{"floor":26.0,"key":"Lantern"},{"floor":43.0,"key":"Strawberry"},{"floor":49,"key":"Meat on the Bone"}],"event_choices":[{"event_name":"Big Fish","player_choice":"Box","floor":2.0,"damage_taken":0.0},{"event_name":"Shining Light","player_choice":"Entered Light","floor":3.0,"damage_taken":0.0},{"event_name":"The Cleric","player_choice":"Healed","floor":12.0,"damage_taken":0.0},{"event_name":"Back to Basics","player_choice":"Simplicity","floor":20.0,"damage_taken":0.0},{"event_name":"Beggar","player_choice":"Gave Gold","floor":21.0,"damage_taken":0.0},{"event_name":"Tomb of Lord Red Mask","player_choice":"Ignored","floor":36.0,"damage_taken":0.0},{"event_name":"SensoryStone","player_choice":"Memory 1","floor":41.0,"damage_taken":0.0},{"event_name":"Falling","player_choice":"Removed Attack","floor":44.0,"damage_taken":0.0},{"event_name":"Upgrade Shrine","player_choice":"Upgraded","floor":47.0,"damage_taken":0.0},{"event_name":"MindBloom","player_choice":"Upgrade","floor":48.0,"damage_taken":0.0}],"is_beta":false,"boss_relics":[{"not_picked":["Coffee Dripper","Eternal Feather"],"picked":"Inserter"},{"not_picked":["Runic Dome","Nuclear Battery"],"picked":"Lizard Tail"}],"items_purged_floors":[],"is_endless":false,"potions_floor_spawned":[5,10,16,19,25,28,33,35,38,45],"ascension_level":0}