{"gold_per_floor":[109,124,124,124,199,199,212,4,86,86,103,122,122,137,137,238,238,253,253],"floor_reached":19,"playtime":608,"items_purged":[],"score":175,"play_id":"462a722e-bd10-4707-b6e1-9bdf52356178","local_time":"20190508101209","is_ascension_mode":true,"campfire_choices":[{"floor":6,"key":"REST"},{"data":"Loop","floor":15,"key":"SMITH"}],"neow_cost":"PERCENT_DAMAGE","seed_source_timestamp":174839682439611,"circlet_count":0,"master_deck":["Strike_B","Strike_B","Strike_B","Defend_B","Defend_B+1","Defend_B","Zap","Dualcast+1","Loop+1","Auto Shields","Melter","Self Repair+1","Conserve Battery","Biased Cognition","Chill","Conserve Battery","Redo","Ball Lightning","Cold Snap","All For One","Conserve Battery+1"],"relics":["Cracked Core","Matryoshka","Shuriken","Inserter"],"potions_floor_usage":[19,19],"damage_taken":[{"damage":7,"enemies":"Small Slimes","floor":1,"turns":3},{"damage":9,"enemies":"2 Louse","floor":2,"turns":2},{"damage":0,"enemies":"Jaw Worm","floor":7,"turns":3},{"damage":0,"enemies":"Large Slime","floor":11,"turns":5},{"damage":18,"enemies":"Exordium Wildlife","floor":12,"turns":4},{"damage":9,"enemies":"2 Fungi Beasts","floor":14,"turns":4},{"damage":1,"enemies":"The Guardian","floor":16,"turns":11},{"damage":3,"enemies":"Chosen","floor":18,"turns":5},{"damage":78,"enemies":"Masked Bandits","floor":19,"turns":5}],"seed_played":"-113551813421058288","potions_obtained":[{"floor":7,"key":"Ancient Potion"},{"floor":11,"key":"FocusPotion"},{"floor":12,"key":"PowerPotion"}],"is_trial":false,"path_per_floor":["M","M","?","?","?","R","M","$","T","?","M","M","?","M","R","B",null,"M","?"],"character_chosen":"DEFECT","items_purchased":["Biased Cognition","Chill","Conserve Battery"],"campfire_rested":1,"item_purchase_floors":[8,8,8],"current_hp_per_floor":[47,38,38,23,12,34,44,44,44,37,47,39,39,40,40,49,75,75,0],"gold":253,"neow_bonus":"TRANSFORM_TWO_CARDS","is_prod":false,"is_daily":false,"chose_seed":false,"campfire_upgraded":1,"win_rate":0,"timestamp":1557324729,"path_taken":["M","M","?","?","?","R","M","$","T","?","M","M","?","M","R","BOSS","M","?"],"build_version":"2019-01-23","purchased_purges":0,"victory":false,"max_hp_per_floor":[75,75,75,75,75,75,75,75,75,75,75,75,75,75,75,75,75,75,75],"card_choices":[{"not_picked":["Sweeping Beam","Skim"],"picked":"Melter","floor":1},{"not_picked":["Beam Cell","Rip and Tear"],"picked":"Self Repair","floor":2},{"not_picked":["Go for the Eyes","Streamline"],"picked":"Conserve Battery","floor":7},{"not_picked":["Barrage","Turbo"],"picked":"Redo","floor":11},{"not_picked":["Leap","Fusion"],"picked":"Ball Lightning","floor":12},{"not_picked":["Reinforced Body","Fusion"],"picked":"Cold Snap","floor":14},{"not_picked":["Meteor Strike","Biased Cognition"],"picked":"All For One","floor":16},{"not_picked":["Beam Cell","Storm"],"picked":"Conserve Battery+1","floor":18}],"player_experience":278918,"relics_obtained":[{"floor":9,"key":"Matryoshka"}],"event_choices":[{"damage_healed":0,"gold_gain":0,"player_choice":"Grow","damage_taken":0,"max_hp_gain":0,"max_hp_loss":0,"event_name":"Living Wall","floor":3,"gold_loss":0,"cards_upgraded":["Self Repair"]},{"damage_healed":0,"gold_gain":0,"player_choice":"Entered Light","damage_taken":15,"max_hp_gain":0,"max_hp_loss":0,"event_name":"Shining Light","floor":4,"gold_loss":0,"cards_upgraded":["Defend_B","Dualcast"]},{"damage_healed":0,"gold_gain":75,"player_choice":"Gather Gold","damage_taken":11,"max_hp_gain":0,"max_hp_loss":0,"event_name":"World of Goop","floor":5,"gold_loss":0},{"damage_healed":0,"gold_gain":0,"player_choice":"Success","damage_taken":7,"relics_obtained":["Shuriken"],"max_hp_gain":0,"max_hp_loss":0,"event_name":"Scrap Ooze","floor":10,"gold_loss":0},{"damage_healed":0,"gold_gain":0,"player_choice":"Ignored","damage_taken":0,"max_hp_gain":0,"max_hp_loss":0,"event_name":"Liars Game","floor":13,"gold_loss":0},{"damage_healed":0,"gold_gain":0,"player_choice":"Fought Bandits","damage_taken":0,"max_hp_gain":0,"max_hp_loss":0,"event_name":"Masked Bandits","floor":19,"gold_loss":0}],"is_beta":false,"boss_relics":[{"not_picked":["Velvet Choker","Nuclear Battery"],"picked":"Inserter"}],"items_purged_floors":[],"is_endless":false,"potions_floor_spawned":[7,11,12,16],"killed_by":"Masked Bandits","ascension_level":2}