{"gold_per_floor":[110,124,139,64,139,170,186,186,186,203,378,378,411,429,429,429],"floor_reached":16,"playtime":581,"items_purged":["Defend_R"],"score":162,"play_id":"612e18ec-425e-4850-bc43-bf20cb75ed53","local_time":"20190515054250","is_ascension_mode":true,"campfire_choices":[{"floor":8.0,"key":"REST"},{"floor":12.0,"key":"REST"},{"floor":15.0,"key":"REST"}],"neow_cost":"NONE","seed_source_timestamp":5703596177388,"circlet_count":0,"master_deck":["Strike_R","Strike_R","Strike_R","Strike_R","Strike_R","Defend_R","Defend_R","Defend_R","Bash","Madness","Anger","Flex","Whirlwind","Shrug It Off","Headbutt","Doubt","Dual Wield"],"special_seed":0,"relics":["Burning Blood","Potion Belt","Bronze Scales","Mummified Hand"],"potions_floor_usage":[],"damage_taken":[{"damage":6.0,"enemies":"Cultist","floor":1.0,"turns":3.0},{"damage":6.0,"enemies":"2 Louse","floor":2.0,"turns":2.0},{"damage":7.0,"enemies":"Jaw Worm","floor":3.0,"turns":3.0},{"damage":43.0,"enemies":"Lagavulin","floor":6.0,"turns":6.0},{"damage":21.0,"enemies":"Looter","floor":7.0,"turns":4.0},{"damage":0.0,"enemies":"Lots of Slimes","floor":10.0,"turns":1.0},{"damage":32.0,"enemies":"3 Sentries","floor":13.0,"turns":5.0},{"damage":20.0,"enemies":"Large Slime","floor":14.0,"turns":4.0},{"damage":55,"enemies":"Slime Boss","floor":16,"turns":9}],"seed_played":"-6047312518922690142","potions_obtained":[{"floor":6.0,"key":"LiquidBronze"},{"floor":7.0,"key":"SteroidPotion"},{"floor":14.0,"key":"SneckoOil"}],"is_trial":false,"path_per_floor":["M","M","M","$","?","E","M","R","T","M","?","R","E","M","R","B"],"character_chosen":"IRONCLAD","items_purchased":[],"campfire_rested":3,"item_purchase_floors":[],"current_hp_per_floor":[72,72,71,71,60,23,8,32,32,38,38,62,36,22,46,0],"gold":429,"neow_bonus":"RANDOM_COLORLESS","is_prod":false,"is_daily":false,"chose_seed":false,"campfire_upgraded":0,"win_rate":0,"timestamp":1557891770,"path_taken":["M","M","M","$","?","E","M","R","T","M","?","R","E","?","R","BOSS"],"build_version":"2019-05-07","purchased_purges":1,"victory":false,"max_hp_per_floor":[80,80,80,80,80,80,80,80,80,80,80,80,80,80,80,80],"card_choices":[{"not_picked":["Armaments","Spot Weakness"],"picked":"Anger","floor":1.0},{"not_picked":["Corruption","Heavy Blade"],"picked":"Flex","floor":2.0},{"not_picked":["Perfected Strike","True Grit"],"picked":"Whirlwind","floor":3.0},{"not_picked":["Anger","Whirlwind","Pummel"],"picked":"SKIP","floor":6.0},{"not_picked":["Heavy Blade","Warcry"],"picked":"Shrug It Off","floor":7.0},{"not_picked":["Combust","Anger"],"picked":"Headbutt","floor":10.0},{"not_picked":["Clothesline","Immolate","Bloodletting"],"picked":"SKIP","floor":13.0},{"not_picked":["Havoc","Clothesline"],"picked":"Dual Wield","floor":14.0}],"player_experience":380446,"relics_obtained":[{"floor":6.0,"key":"Potion Belt"},{"floor":9.0,"key":"Bronze Scales"},{"floor":13.0,"key":"Mummified Hand"}],"event_choices":[{"damage_healed":0.0,"max_hp_gain":0.0,"max_hp_loss":0.0,"gold_gain":75.0,"event_name":"World of Goop","player_choice":"Gather Gold","floor":5.0,"gold_loss":0.0,"damage_taken":11.0},{"damage_healed":0.0,"max_hp_gain":0.0,"max_hp_loss":0.0,"gold_gain":175.0,"event_name":"Liars Game","player_choice":"AGREE","floor":11.0,"gold_loss":0.0,"damage_taken":0.0,"cards_obtained":["Doubt"]}],"is_beta":true,"boss_relics":[],"items_purged_floors":[4],"is_endless":false,"potions_floor_spawned":[6,7,14],"killed_by":"Slime Boss","ascension_level":9}