{"gold_per_floor":[111,111,123,123,141,155,155,167,167,198,198,225,225,245,245,322,322,341,360,376,576,591,591],"floor_reached":23,"playtime":2111,"items_purged":[],"score":359,"play_id":"7e29c7f2-4f42-4b1a-a52a-13737b6799d9","local_time":"20190517230716","is_ascension_mode":true,"campfire_choices":[{"data":"Rage","floor":7,"key":"SMITH"},{"data":"Infernal Blade","floor":11,"key":"SMITH"},{"data":"Warcry","floor":13,"key":"SMITH"},{"data":"Demon Form","floor":15,"key":"SMITH"}],"neow_cost":"NONE","seed_source_timestamp":8120196286600,"circlet_count":0,"master_deck":["AscendersBane","Strike_R","Strike_R","Strike_R","Strike_R","Strike_R","Defend_R","Defend_R","Defend_R","Defend_R","Bash","Infernal Blade+1","Regret","Battle Trance","Rage+1","Iron Wave","Shrug It Off","Warcry+1","Demon Form+1","Barricade","Sword Boomerang","Shockwave","Body Slam"],"relics":["Burning Blood","NeowsBlessing","Letter Opener","Shuriken","Dodecahedron","Blue Candle","Oddly Smooth Stone","Snecko Eye"],"potions_floor_usage":[6,10,12,14,18,22],"damage_taken":[{"damage":0,"enemies":"Cultist","floor":1,"turns":1},{"damage":0,"enemies":"Jaw Worm","floor":3,"turns":1},{"damage":0,"enemies":"2 Louse","floor":5,"turns":1},{"damage":2,"enemies":"Gremlin Gang","floor":6,"turns":3},{"damage":9,"enemies":"2 Fungi Beasts","floor":8,"turns":3},{"damage":5,"enemies":"Gremlin Nob","floor":10,"turns":4},{"damage":11,"enemies":"Lagavulin","floor":12,"turns":5},{"damage":1,"enemies":"Lots of Slimes","floor":14,"turns":2},{"damage":27,"enemies":"The Guardian","floor":16,"turns":9},{"damage":18,"enemies":"Spheric Guardian","floor":18,"turns":5},{"damage":13,"enemies":"Shell Parasite","floor":19,"turns":6},{"damage":20,"enemies":"Centurion and Healer","floor":20,"turns":6},{"damage":31,"enemies":"Cultist and Chosen","floor":22,"turns":8},{"damage":11,"enemies":"Gremlin Leader","floor":23,"turns":1}],"seed_played":"4614486587887373516","potions_obtained":[{"floor":3,"key":"EssenceOfSteel"},{"floor":5,"key":"Explosive Potion"},{"floor":8,"key":"Explosive Potion"},{"floor":10,"key":"SteroidPotion"},{"floor":16,"key":"Block Potion"},{"floor":20,"key":"SkillPotion"},{"floor":22,"key":"SteroidPotion"}],"is_trial":false,"path_per_floor":["M","?","M","?","M","M","R","M","T","E","R","E","R","M","R","B",null,"M","M","M","?","M","E"],"character_chosen":"IRONCLAD","items_purchased":[],"campfire_rested":0,"item_purchase_floors":[],"current_hp_per_floor":[74,74,75,64,70,74,74,71,71,72,72,67,67,72,72,51,69,57,50,36,36,11,0],"gold":591,"neow_bonus":"THREE_ENEMY_KILL","is_prod":false,"is_daily":false,"chose_seed":false,"campfire_upgraded":4,"win_rate":0,"timestamp":1558156036,"path_taken":["M","?","M","?","M","M","R","M","T","E","R","E","R","M","R","BOSS","M","M","M","?","?","E"],"build_version":"2019-01-23","purchased_purges":0,"victory":false,"max_hp_per_floor":[75,75,75,75,75,75,75,75,75,75,75,75,75,75,75,75,75,75,75,75,75,75,75],"card_choices":[{"not_picked":["Wild Strike","Warcry"],"picked":"Infernal Blade","floor":1},{"not_picked":["Flex","Wild Strike"],"picked":"Battle Trance","floor":3},{"not_picked":["Battle Trance","Headbutt"],"picked":"Rage","floor":5},{"not_picked":["Power Through","Flame Barrier"],"picked":"Iron Wave","floor":6},{"not_picked":["Hemokinesis","Heavy Blade","Thunderclap"],"picked":"SKIP","floor":8},{"not_picked":["True Grit","Thunderclap"],"picked":"Shrug It Off","floor":10},{"not_picked":["Perfected Strike","Armaments"],"picked":"Warcry","floor":12},{"not_picked":["Clothesline","Anger"],"picked":"Demon Form","floor":14},{"not_picked":["Brutality","Fiend Fire"],"picked":"Barricade","floor":16},{"not_picked":["Perfected Strike","Rampage"],"picked":"Sword Boomerang","floor":18},{"not_picked":["Iron Wave+1","Rampage"],"picked":"Shockwave","floor":19},{"not_picked":["Cleave","Feel No Pain+1","True Grit"],"picked":"SKIP","floor":20},{"not_picked":["Iron Wave","Exhume"],"picked":"Body Slam","floor":22}],"player_experience":725326,"relics_obtained":[{"floor":9,"key":"Dodecahedron"},{"floor":10,"key":"Blue Candle"},{"floor":12,"key":"Oddly Smooth Stone"}],"event_choices":[{"damage_healed":0,"gold_gain":0,"player_choice":"Box","damage_taken":0,"relics_obtained":["Letter Opener"],"max_hp_gain":0,"max_hp_loss":0,"event_name":"Big Fish","floor":2,"gold_loss":0,"cards_obtained":["Regret"]},{"damage_healed":0,"gold_gain":0,"player_choice":"Success","damage_taken":11,"relics_obtained":["Shuriken"],"max_hp_gain":0,"max_hp_loss":0,"event_name":"Scrap Ooze","floor":4,"gold_loss":0},{"damage_healed":0,"gold_gain":250,"player_choice":"Bet on Owner","damage_taken":0,"max_hp_gain":0,"max_hp_loss":0,"event_name":"The Joust","floor":21,"gold_loss":50}],"is_beta":false,"boss_relics":[{"not_picked":["Lizard Tail","Busted Crown"],"picked":"Snecko Eye"}],"items_purged_floors":[],"is_endless":false,"potions_floor_spawned":[3,5,8,10,16,20,22],"killed_by":"Gremlin Leader","ascension_level":15}