{"path_per_floor":["M","M","?","M","?","E","$","E","T","E","M","R","M","$","R","B",null,"M","?","$","?","M","R","M","R","T","?","$","R","?","M","R","B",null,"M","M","$","?","M","R","M","M","T","M","?","?","$"],"character_chosen":"DEFECT","items_purchased":["Bag of Marbles","Thunder Strike","Apotheosis","Storm","Mummified Hand","Regen Potion","Skim"],"gold_per_floor":[110,124,199,215,215,250,175,210,281,322,337,337,352,152,152,277,315,330,330,280,311,332,332,346,346,346,346,157,157,157,170,170,299,299,317,333,46,379,393,393,406,425,479,489,489,489,46,46],"floor_reached":48,"campfire_rested":3,"playtime":2760,"current_hp_per_floor":[75,75,64,64,64,53,53,53,53,29,17,39,39,39,39,21,80,60,60,60,60,56,56,54,54,54,54,54,54,54,54,78,32,80,42,31,31,31,24,48,47,33,33,6,26,26,26,0],"items_purged":["Injury","Defend_B","Strike_B","Strike_B","Strike_B","Strike_B"],"gold":46,"score":525,"play_id":"8b83f693-4716-4c71-b84d-d10ab8571464","local_time":"20180519020136","is_prod":false,"is_daily":false,"chose_seed":false,"is_ascension_mode":false,"campfire_upgraded":1,"timestamp":1526688096,"campfire_choices":[{"floor":12,"key":"REST"},{"data":"1","floor":15,"key":"LIFT"},{"data":"2","floor":23,"key":"LIFT"},{"data":"3","floor":25,"key":"LIFT"},{"data":"Creative AI","floor":29,"key":"SMITH"},{"floor":32,"key":"REST"},{"floor":40,"key":"REST"}],"path_taken":["M","M","?","?","?","E","$","E","T","E","?","R","?","?","R","BOSS","M","?","$","?","M","R","M","R","T","?","$","R","?","M","R","BOSS","M","M","$","?","M","R","M","M","T","M","?","?","?","M"],"build_version":"2018-05-17","seed_source_timestamp":1947129894169,"purchased_purges":6,"victory":false,"master_deck":["Defend_B","Defend_B+1","Zap","Dualcast","Ball Lightning","Beam Cell","Ball Lightning","Turbo","Streamline","Axe Kick","Reinforced Body","Creative AI+1","Rebound","Sweeping Beam","Conserve Battery","Ball Lightning+1","Capacitor","Ball Lightning+1","Thunder Strike","Defragment+1","Seek","Capacitor+1","Apotheosis","Storm","Writhe","Skim"],"max_hp_per_floor":[75,75,75,75,75,75,75,75,75,75,75,75,75,75,75,75,80,80,80,80,80,80,80,80,80,80,80,80,80,80,80,80,80,80,80,80,80,80,80,80,80,80,80,80,80,80,80,80],"relics":["Cracked Core","NeowsBlessing","Girya","Vajra","Smiling Mask","Bag of Preparation","Bag of Marbles","Tiny House","Red Mask","Torii","Inserter","Juzu Bracelet","Mummified Hand"],"card_choices":[{"not_picked":["Cold Snap","Sweeping Beam"],"picked":"Ball Lightning","floor":1},{"not_picked":["Coolheaded","Meteor Strike","Hello World"],"picked":"SKIP","floor":2},{"not_picked":["Barrage","Chaos"],"picked":"Beam Cell","floor":4},{"not_picked":["Turbo","Coolheaded"],"picked":"Ball Lightning","floor":6},{"not_picked":["Force Field","Stack"],"picked":"Turbo","floor":8},{"not_picked":["Rainbow","Rip and Tear"],"picked":"Streamline","floor":10},{"not_picked":["Force Field","Sunder"],"picked":"Axe Kick","floor":11},{"not_picked":["Doom and Gloom","Turbo"],"picked":"Reinforced Body","floor":13},{"not_picked":["Buffer","All For One"],"picked":"Creative AI","floor":16},{"not_picked":["Skim","Cold Snap"],"picked":"Rebound","floor":17},{"not_picked":["Recycle","Reprogram"],"picked":"Sweeping Beam","floor":18},{"not_picked":["Capacitor","Reprogram"],"picked":"Conserve Battery","floor":21},{"not_picked":["Aggregate+1","Streamline"],"picked":"Ball Lightning+1","floor":22},{"not_picked":["Hello World","Turbo+1"],"picked":"Capacitor","floor":24},{"not_picked":["Turbo+1","Leap"],"picked":"Defragment+1","floor":31},{"not_picked":["Buffer","Meteor Strike"],"picked":"Seek","floor":33},{"not_picked":["Recycle","Leap+1","Defragment"],"picked":"SKIP","floor":35},{"not_picked":["Undo","Reinforced Body+1"],"picked":"Capacitor+1","floor":36},{"not_picked":["Cold Snap","Barrage+1","Leap+1"],"picked":"SKIP","floor":39},{"not_picked":["Axe Kick","Force Field","Coolheaded"],"picked":"SKIP","floor":41},{"not_picked":["Turbo","Sunder","Genetic Algorithm+1"],"picked":"SKIP","floor":42},{"not_picked":["Aggregate+1","Beam Cell","Coolheaded"],"picked":"SKIP","floor":44}],"player_experience":286229,"potions_floor_usage":[8,8,16,16,33,33,42,48,48,48],"damage_taken":[{"damage":0,"enemies":"Jaw Worm","floor":1,"turns":1},{"damage":0,"enemies":"2 Louse","floor":2,"turns":1},{"damage":0,"enemies":"Cultist","floor":4,"turns":1},{"damage":11,"enemies":"Lagavulin","floor":6,"turns":7},{"damage":0,"enemies":"Gremlin Nob","floor":8,"turns":2},{"damage":24,"enemies":"3 Sentries","floor":10,"turns":5},{"damage":12,"enemies":"Gremlin Gang","floor":11,"turns":2},{"damage":0,"enemies":"Large Slime","floor":13,"turns":3},{"damage":18,"enemies":"Hexaghost","floor":16,"turns":7},{"damage":20,"enemies":"2 Thieves","floor":18,"turns":3},{"damage":0,"enemies":"Masked Bandits","floor":21,"turns":2},{"damage":4,"enemies":"3 Byrds","floor":22,"turns":3},{"damage":2,"enemies":"Sentry and Sphere","floor":24,"turns":3},{"damage":0,"enemies":"Snecko","floor":31,"turns":2},{"damage":46,"enemies":"Champ","floor":33,"turns":9},{"damage":38,"enemies":"3 Darklings","floor":35,"turns":6},{"damage":11,"enemies":"Orb Walker","floor":36,"turns":2},{"damage":7,"enemies":"Sphere and 2 Shapes","floor":39,"turns":3},{"damage":1,"enemies":"4 Shapes","floor":41,"turns":4},{"damage":14,"enemies":"3 Darklings","floor":42,"turns":5},{"damage":27,"enemies":"Sphere and 2 Shapes","floor":44,"turns":4},{"damage":33,"enemies":"Maw","floor":48,"turns":4}],"relics_obtained":[{"floor":6,"key":"Girya"},{"floor":8,"key":"Vajra"},{"floor":9,"key":"Smiling Mask"},{"floor":10,"key":"Bag of Preparation"},{"floor":21,"key":"Red Mask"},{"floor":26,"key":"Torii"},{"floor":43,"key":"Juzu Bracelet"}],"event_choices":[{"event_name":"World of Goop","player_choice":"Gather Gold","floor":3,"damage_taken":0},{"event_name":"Golden Idol","player_choice":"Take Wound","floor":5,"damage_taken":0},{"event_name":"Purifier","player_choice":"One Purge","floor":19,"damage_taken":0},{"event_name":"Masked Bandits","player_choice":"Fought over 280 gold","floor":21,"damage_taken":0},{"event_name":"Duplicator","player_choice":"One dupe","floor":27,"damage_taken":0},{"event_name":"The Lab","player_choice":"Got Potions","floor":30,"damage_taken":0},{"event_name":"The Moai Head","player_choice":"Gave Idol","floor":38,"damage_taken":0},{"event_name":"Winding Halls","player_choice":"Writhe","floor":45,"damage_taken":0},{"event_name":"Mysterious Sphere","player_choice":"Ignore","floor":46,"damage_taken":0}],"boss_relics":[{"not_picked":["Orrery","Black Star"],"picked":"Tiny House"},{"not_picked":["White Beast Statue","Astrolabe"],"picked":"Inserter"}],"potions_floor_spawned":[2,4,10,11,13,21,22,31,36,39],"seed_played":"4078724444924640394","killed_by":"Maw","ascension_level":0,"potions_obtained":[{"floor":2,"key":"Fire Potion"},{"floor":4,"key":"Fire Potion"},{"floor":10,"key":"FearPotion"},{"floor":11,"key":"Block Potion"},{"floor":13,"key":"Ancient Potion"},{"floor":17,"key":"GamblersBrew"},{"floor":21,"key":"Block Potion"},{"floor":22,"key":"FearPotion"},{"floor":30,"key":"Block Potion"},{"floor":36,"key":"PowerPotion"},{"floor":39,"key":"Swift Potion"}],"is_trial":false}