{"gold_per_floor":[117,63,63,63,73,104,104,104,104,104,104,104,50,63,63,158,158,174,185,110,123,141,141],"floor_reached":23,"playtime":1159,"items_purged":[],"score":189,"play_id":"d733a967-7b95-491f-8ac9-609e33a5086a","local_time":"20190502080505","is_ascension_mode":false,"campfire_choices":[{"data":"Creative AI","floor":7.0,"key":"SMITH"},{"data":"Static Discharge","floor":11.0,"key":"SMITH"},{"floor":15.0,"key":"RECALL"}],"neow_cost":"NONE","seed_source_timestamp":256660058732310,"circlet_count":0,"master_deck":["Strike_B","Strike_B","Defend_B","Defend_B","Defend_B","Defend_B","Zap","Dualcast","Gash","Gash","Static Discharge+1","Creative AI+1","Sweeping Beam","Leap","Seek","Coolheaded","Darkness","Conserve Battery+1","Cold Snap"],"special_seed":0,"relics":["Cracked Core","Bronze Scales","Juzu Bracelet","Sundial","Inserter"],"potions_floor_usage":[],"damage_taken":[{"damage":0.0,"enemies":"Small Slimes","floor":1.0,"turns":3.0},{"damage":6.0,"enemies":"Jaw Worm","floor":5.0,"turns":3.0},{"damage":21.0,"enemies":"3 Sentries","floor":6.0,"turns":5.0},{"damage":0.0,"enemies":"2 Louse","floor":14.0,"turns":2.0},{"damage":26.0,"enemies":"The Guardian","floor":16.0,"turns":7.0},{"damage":14.0,"enemies":"Spheric Guardian","floor":18.0,"turns":4.0},{"damage":13.0,"enemies":"Shell Parasite","floor":19.0,"turns":6.0},{"damage":21.0,"enemies":"Snecko","floor":21.0,"turns":5.0},{"damage":18.0,"enemies":"Centurion and Healer","floor":22.0,"turns":6.0},{"damage":24,"enemies":"Book of Stabbing","floor":23,"turns":3}],"seed_played":"-6977331104009013174","potions_obtained":[{"floor":14.0,"key":"Fire Potion"},{"floor":16.0,"key":"FearPotion"},{"floor":21.0,"key":"FocusPotion"}],"is_trial":false,"path_per_floor":["M","$","?","T","M","E","R","?","T","?","R","?","$","M","R","B",null,"M","M","$","M","M","E"],"character_chosen":"DEFECT","items_purchased":["Gash","Sweeping Beam","Darkness"],"campfire_rested":0,"item_purchase_floors":[2,13,20],"current_hp_per_floor":[82,82,82,82,76,55,55,55,55,60,60,53,53,53,53,27,87,73,60,60,39,21,0],"gold":141,"neow_bonus":"TEN_PERCENT_HP_BONUS","is_prod":false,"is_daily":false,"chose_seed":false,"campfire_upgraded":2,"win_rate":0,"timestamp":1556798705,"path_taken":["M","$","?","?","M","E","R","?","T","?","R","?","$","M","R","BOSS","M","M","$","M","M","E"],"build_version":"2019-01-23","purchased_purges":0,"victory":false,"max_hp_per_floor":[82,82,82,82,82,82,82,82,82,87,87,87,87,87,87,87,87,87,87,87,87,87,87],"card_choices":[{"not_picked":["Compile Driver","Lockon"],"picked":"Gash","floor":1.0},{"not_picked":["Lockon","Rebound"],"picked":"Static Discharge","floor":5.0},{"not_picked":["Go for the Eyes","Genetic Algorithm"],"picked":"Creative AI","floor":6.0},{"not_picked":["Recycle","Hologram"],"picked":"Leap","floor":14.0},{"not_picked":["Biased Cognition","Reboot"],"picked":"Seek","floor":16.0},{"not_picked":["Double Energy+1","Beam Cell","Redo"],"picked":"SKIP","floor":18.0},{"not_picked":["Doom and Gloom","Loop"],"picked":"Coolheaded","floor":19.0},{"not_picked":["Force Field","Sweeping Beam+1"],"picked":"Conserve Battery+1","floor":21.0},{"not_picked":["Barrage","Steam"],"picked":"Cold Snap","floor":22.0}],"player_experience":254858,"relics_obtained":[{"floor":4.0,"key":"Bronze Scales"},{"floor":6.0,"key":"Juzu Bracelet"},{"floor":8.0,"key":"Sundial"}],"event_choices":[{"cards_removed":["Strike_B"],"damage_healed":0.0,"max_hp_gain":0.0,"max_hp_loss":0.0,"gold_gain":0.0,"event_name":"Living Wall","player_choice":"Forget","floor":3.0,"gold_loss":0.0,"damage_taken":0.0},{"damage_healed":0.0,"max_hp_gain":0.0,"max_hp_loss":0.0,"gold_gain":0.0,"event_name":"Wheel of Change","player_choice":"Relic","floor":8.0,"gold_loss":0.0,"damage_taken":0.0},{"damage_healed":0.0,"max_hp_gain":5.0,"max_hp_loss":0.0,"gold_gain":0.0,"event_name":"Big Fish","player_choice":"Donut","floor":10.0,"gold_loss":0.0,"damage_taken":0.0},{"cards_removed":["Strike_B"],"damage_healed":0.0,"max_hp_gain":0.0,"max_hp_loss":0.0,"gold_gain":0.0,"event_name":"Golden Wing","player_choice":"Card Removal","floor":12.0,"gold_loss":0.0,"damage_taken":7.0}],"is_beta":false,"boss_relics":[{"not_picked":["Runic Dome","Busted Crown"],"picked":"Inserter"}],"items_purged_floors":[],"is_endless":false,"potions_floor_spawned":[14,16,21],"killed_by":"Book of Stabbing","ascension_level":0}