{"gold_per_floor":[111,111,111,111,130,148,159,159,183,199,199,213,313,342,342,445,445,457,133,152,172,183,183,203,203,249,249,249,249],"floor_reached":29,"playtime":1267,"items_purged":[],"score":227,"play_id":"2acc8386-54b0-40ad-a911-ac7d26bf30ab","local_time":"20190425130052","is_ascension_mode":false,"campfire_choices":[{"data":"Creative AI","floor":8,"key":"SMITH"},{"data":"Conserve Battery","floor":11,"key":"SMITH"},{"floor":15,"key":"REST"},{"floor":23,"key":"REST"},{"floor":25,"key":"REST"},{"floor":27,"key":"REST"}],"neow_cost":"NONE","seed_source_timestamp":68522656366500,"circlet_count":0,"master_deck":["Strike_B","Strike_B","Strike_B","Defend_B","Defend_B","Defend_B","Zap","Dualcast","Coolheaded","Static Discharge","Beam Cell","Creative AI+1","Conserve Battery+1","Go for the Eyes","Doom and Gloom","Amplify","Fusion+1","Leap","Sweeping Beam","Capacitor+1"],"relics":["Cracked Core","Boot","Oddly Smooth Stone","Nuclear Battery","Membership Card","Frozen Egg 2","Regal Pillow","Potion Belt"],"potions_floor_usage":[16,16,20,21],"damage_taken":[{"damage":0,"enemies":"2 Louse","floor":1,"turns":3},{"damage":8,"enemies":"Small Slimes","floor":5,"turns":5},{"damage":0,"enemies":"Cultist","floor":6,"turns":3},{"damage":6,"enemies":"Looter","floor":7,"turns":4},{"damage":32,"enemies":"Lots of Slimes","floor":10,"turns":4},{"damage":10,"enemies":"Exordium Wildlife","floor":12,"turns":6},{"damage":24,"enemies":"Gremlin Nob","floor":14,"turns":5},{"damage":24,"enemies":"Slime Boss","floor":16,"turns":6},{"damage":21,"enemies":"Spheric Guardian","floor":18,"turns":5},{"damage":0,"enemies":"Chosen","floor":20,"turns":6},{"damage":29,"enemies":"Sentry and Sphere","floor":21,"turns":5},{"damage":26,"enemies":"Shelled Parasite and Fungi","floor":22,"turns":9},{"damage":20,"enemies":"Cultist and Chosen","floor":24,"turns":5},{"damage":96,"enemies":"Gremlin Leader","floor":29,"turns":7}],"seed_played":"1583110899303790208","potions_obtained":[{"floor":7,"key":"Swift Potion"},{"floor":10,"key":"Fire Potion"},{"floor":14,"key":"Poison Potion"},{"floor":16,"key":"Weak Potion"},{"floor":20,"key":"PowerPotion"},{"floor":22,"key":"SteroidPotion"}],"is_trial":false,"path_per_floor":["M","?","?","?","M","M","M","R","T","M","R","M","?","E","R","B",null,"M","$","M","M","M","R","M","R","T","R","?","E"],"character_chosen":"DEFECT","items_purchased":["Membership Card","Frozen Egg 2"],"campfire_rested":4,"item_purchase_floors":[19,19],"current_hp_per_floor":[82,82,87,87,79,79,73,73,73,41,41,31,31,7,33,9,87,66,66,66,37,11,37,17,43,43,84,84,0],"gold":249,"neow_bonus":"TEN_PERCENT_HP_BONUS","is_prod":false,"is_daily":false,"chose_seed":false,"campfire_upgraded":2,"win_rate":0.0,"timestamp":1556215252,"path_taken":["M","?","?","?","M","M","?","R","T","M","R","M","?","E","R","BOSS","M","$","M","M","M","R","?","R","T","R","?","E"],"build_version":"2019-01-23","purchased_purges":0,"victory":false,"max_hp_per_floor":[82,82,87,87,87,87,87,87,87,87,87,87,87,87,87,87,87,87,87,87,87,87,87,87,87,87,87,87,87],"card_choices":[{"not_picked":["Streamline","Steam Power"],"picked":"Coolheaded","floor":1},{"not_picked":["Barrage","Coolheaded"],"picked":"Beam Cell","floor":5},{"not_picked":["Cold Snap","BootSequence","Stack"],"picked":"SKIP","floor":6},{"not_picked":["Cold Snap","BootSequence","Stack"],"picked":"SKIP","floor":6},{"not_picked":["Gash","Tempest"],"picked":"Creative AI","floor":7},{"not_picked":["Hologram","Chaos"],"picked":"Conserve Battery","floor":10},{"not_picked":["Darkness","Hologram"],"picked":"Go for the Eyes","floor":12},{"not_picked":["Gash","Chill"],"picked":"Doom and Gloom","floor":14},{"not_picked":["Rainbow","Reboot"],"picked":"Amplify","floor":16},{"not_picked":["Static Discharge","Compile Driver+1"],"picked":"Fusion+1","floor":18},{"not_picked":["Loop+1","Reprogram"],"picked":"Leap","floor":20},{"not_picked":["Conserve Battery","Gash"],"picked":"Sweeping Beam","floor":21},{"not_picked":["White Noise","Rip and Tear","All For One"],"picked":"SKIP","floor":22},{"not_picked":["Reprogram","Scrape"],"picked":"Capacitor+1","floor":24}],"player_experience":12008,"relics_obtained":[{"floor":9,"key":"Boot"},{"floor":14,"key":"Oddly Smooth Stone"},{"floor":26,"key":"Regal Pillow"}],"event_choices":[{"damage_healed":0,"gold_gain":0,"cards_transformed":["Strike_B"],"player_choice":"Change","damage_taken":0,"max_hp_gain":0,"max_hp_loss":0,"event_name":"Living Wall","floor":2,"gold_loss":0,"cards_obtained":["Static Discharge"]},{"damage_healed":0,"gold_gain":0,"player_choice":"Donut","damage_taken":0,"max_hp_gain":5,"max_hp_loss":0,"event_name":"Big Fish","floor":3,"gold_loss":0},{"cards_removed":["Defend_B"],"damage_healed":0,"gold_gain":0,"player_choice":"Purged","damage_taken":0,"max_hp_gain":0,"max_hp_loss":0,"event_name":"Purifier","floor":4,"gold_loss":0},{"damage_healed":0,"gold_gain":100,"player_choice":"Pray","damage_taken":0,"max_hp_gain":0,"max_hp_loss":0,"event_name":"Golden Shrine","floor":13,"gold_loss":0},{"damage_healed":0,"gold_gain":0,"player_choice":"Opened","damage_taken":0,"relics_obtained":["Potion Belt"],"max_hp_gain":0,"max_hp_loss":0,"event_name":"The Mausoleum","floor":28,"gold_loss":0}],"is_beta":false,"boss_relics":[{"not_picked":["Astrolabe","Fusion Hammer"],"picked":"Nuclear Battery"}],"items_purged_floors":[],"is_endless":false,"potions_floor_spawned":[7,10,14,16,20,22],"killed_by":"Gremlin Leader","ascension_level":0}