{"path_per_floor":["M","M","M","M","M","E","M","R","T","M","?","?","$","E","R","B",null,"M","$","?","?","M","R","E","M","T","M","R","?","R","$","R"],"character_chosen":"DEFECT","items_purchased":["Bag of Preparation","Stack","Regal Pillow"],"gold_per_floor":[116,127,145,158,169,199,216,216,216,228,251,251,176,205,205,305,305,315,138,138,138,151,151,186,202,271,289,289,289,289,44,44,44],"floor_reached":33,"campfire_rested":2,"playtime":2551,"current_hp_per_floor":[67,57,57,52,52,41,41,41,41,38,31,31,31,5,25,7,68,65,65,65,65,55,55,38,45,45,33,33,33,33,33,68,0],"items_purged":["Strike_B","Writhe"],"gold":44,"score":277,"play_id":"eebbc996-1f8e-4f44-8e57-44b168a86a5c","local_time":"20180429103411","is_prod":false,"is_daily":false,"chose_seed":false,"is_ascension_mode":false,"campfire_upgraded":4,"timestamp":1524990851,"path_taken":["M","M","M","M","M","E","M","R","T","M","?","?","$","E","R","BOSS","M","$","?","?","M","R","E","M","T","M","R","?","R","$","R","BOSS"],"build_version":"2018-04-27v3","seed_source_timestamp":1439157565791704,"purchased_purges":3,"victory":false,"master_deck":["Zap","Dualcast","Streamline","Capacitor","Sunder+1","Tempest+1","Ball Lightning","Doom and Gloom","Turbo","Streamline","Turbo","Creative AI","Impulse","Self Repair","Sweeping Beam","Defragment+1","Capacitor","Impulse","Double Energy+1","Stack","Genetic Algorithm+1"],"max_hp_per_floor":[68,68,68,68,68,68,68,68,68,68,68,68,68,68,68,68,68,68,68,68,68,68,68,68,68,68,68,68,68,68,68,68,68],"relics":["Cracked Core","Gambling Chip","Mummified Hand","Bottled Tornado","Odd Mushroom","Question Card","Pandora\u0027s Box","Bag of Preparation","Ornamental Fan","Pantograph","Happy Flower","Regal Pillow"],"card_choices":[{"not_picked":["Blaster","Capacitor"],"picked":"Streamline","floor":1},{"not_picked":["Buffer","Reprogram"],"picked":"Capacitor","floor":2},{"not_picked":["Self Repair","Rip and Tear"],"picked":"Sunder","floor":3},{"not_picked":["Stack","Capacitor"],"picked":"Tempest","floor":4},{"not_picked":["Cold Snap","Coolheaded"],"picked":"Ball Lightning","floor":6},{"not_picked":["Blaster","Buffer"],"picked":"Doom and Gloom","floor":7},{"not_picked":["Beam Cell","White Noise"],"picked":"Turbo","floor":10},{"not_picked":["Scrape","All For One"],"picked":"Turbo","floor":14},{"not_picked":["Machine Learning","All For One","Seek"],"picked":"Creative AI","floor":16},{"not_picked":["Skim","Streamline","Leap"],"picked":"Double Energy","floor":18},{"not_picked":["Coolheaded","Beam Cell","Go for the Eyes"],"picked":"Genetic Algorithm","floor":22}],"player_experience":255382,"potions_floor_usage":[6,7,16,22,24,27,33],"damage_taken":[{"damage":1,"enemies":"Jaw Worm","floor":1,"turns":4},{"damage":10,"enemies":"Small Slimes","floor":2,"turns":2},{"damage":0,"enemies":"Cultist","floor":3,"turns":3},{"damage":5,"enemies":"Looter","floor":4,"turns":3},{"damage":0,"enemies":"2 Fungi Beasts","floor":5,"turns":2},{"damage":11,"enemies":"3 Sentries","floor":6,"turns":5},{"damage":0,"enemies":"Lots of Slimes","floor":7,"turns":3},{"damage":3,"enemies":"Large Slime","floor":10,"turns":4},{"damage":7,"enemies":"The Mushroom Lair","floor":11,"turns":2},{"damage":26,"enemies":"Lagavulin","floor":14,"turns":4},{"damage":18,"enemies":"Hexaghost","floor":16,"turns":8},{"damage":10,"enemies":"Spheric Guardian","floor":18,"turns":3},{"damage":10,"enemies":"2 Thieves","floor":22,"turns":2},{"damage":39,"enemies":"Gremlin Leader","floor":24,"turns":8},{"damage":0,"enemies":"Cultist and Chosen","floor":25,"turns":4},{"damage":19,"enemies":"Centurion and Healer","floor":27,"turns":4},{"damage":77,"enemies":"Champ","floor":33,"turns":7}],"event_choices":[{"event_name":"Mushrooms","player_choice":"Fought Mushrooms","floor":11,"damage_taken":0},{"event_name":"Transmorgrifier","player_choice":"Transform","floor":12,"damage_taken":0},{"event_name":"Beggar","player_choice":"Ignored","floor":20,"damage_taken":0},{"event_name":"Ghosts","player_choice":"Ignored","floor":21,"damage_taken":0},{"event_name":"The Mausoleum","player_choice":"Yes","floor":29,"damage_taken":0}],"boss_relics":[{"not_picked":["Philosopher\u0027s Stone","Runic Pyramid"],"picked":"Pandora\u0027s Box"}],"potions_floor_spawned":[1,3,7,16,18,22,25],"seed_played":"-4575021998371811750","killed_by":"Champ","ascension_level":0,"is_trial":false}