{"gold_per_floor":[111,72,82,82,29,64,64,94,94,94,169,181,194,221,221,296,296,316,316,328,328,328],"floor_reached":22,"playtime":741,"items_purged":[],"score":454,"play_id":"150c9d4d-1b9c-471f-b6cc-ddc08594e597","local_time":"20190430095244","is_ascension_mode":true,"campfire_choices":[{"data":"Streamline","floor":7,"key":"SMITH"},{"data":"Defragment","floor":10,"key":"SMITH"},{"floor":15,"key":"REST"}],"neow_cost":"NONE","seed_source_timestamp":728123907499323,"circlet_count":0,"master_deck":["AscendersBane","Strike_B","Strike_B","Strike_B","Strike_B","Defend_B","Defend_B","Defend_B","Defend_B","Zap","Dualcast","Coolheaded","Defragment+1","Ball Lightning","Streamline+1","Coolheaded","Conserve Battery","Electrodynamics","Recycle","Double Energy","Hologram"],"relics":["Cracked Core","NeowsBlessing","Peace Pipe","Smiling Mask","Torii","Happy Flower","Runic Pyramid","Enchiridion"],"potions_floor_usage":[14,16,20],"damage_taken":[{"damage":0,"enemies":"Cultist","floor":1,"turns":1},{"damage":0,"enemies":"Jaw Worm","floor":3,"turns":1},{"damage":0,"enemies":"Lagavulin","floor":6,"turns":1},{"damage":21,"enemies":"3 Sentries","floor":8,"turns":9},{"damage":2,"enemies":"2 Louse","floor":12,"turns":3},{"damage":9,"enemies":"Exordium Wildlife","floor":13,"turns":4},{"damage":6,"enemies":"Lagavulin","floor":14,"turns":4},{"damage":26,"enemies":"Slime Boss","floor":16,"turns":10},{"damage":1,"enemies":"3 Byrds","floor":18,"turns":4},{"damage":0,"enemies":"Chosen","floor":20,"turns":3},{"damage":57,"enemies":"Shelled Parasite and Fungi","floor":22,"turns":3}],"seed_played":"-8044118264566727246","potions_obtained":[{"floor":1,"key":"FearPotion"},{"floor":6,"key":"GamblersBrew"},{"floor":14,"key":"FocusPotion"}],"is_trial":false,"path_per_floor":["M","$","M","?","$","E","R","E","T","R","?","M","M","E","R","B",null,"M","?","M","?","M"],"character_chosen":"DEFECT","items_purchased":["Defragment","Streamline"],"campfire_rested":1,"item_purchase_floors":[2,5],"current_hp_per_floor":[64,64,64,64,64,64,64,43,43,43,32,30,21,15,36,10,56,55,55,55,34,0],"gold":328,"neow_bonus":"THREE_ENEMY_KILL","is_prod":false,"is_daily":false,"chose_seed":false,"campfire_upgraded":2,"win_rate":0,"timestamp":1556585564,"path_taken":["M","?","M","?","$","E","R","E","T","R","?","M","?","E","R","BOSS","M","?","M","?","M"],"build_version":"2019-01-23","purchased_purges":0,"victory":false,"max_hp_per_floor":[71,71,71,71,71,71,71,71,71,71,71,71,71,71,71,71,71,71,71,71,71,71],"card_choices":[{"not_picked":["Steam Power","Chaos"],"picked":"Coolheaded","floor":1},{"not_picked":["Chaos","Turbo"],"picked":"Ball Lightning","floor":3},{"not_picked":["Chaos","Thunder Strike","Buffer"],"picked":"SKIP","floor":6},{"not_picked":["Compile Driver","Gash"],"picked":"Coolheaded","floor":8},{"not_picked":["Melter","Stack","Barrage"],"picked":"SKIP","floor":12},{"not_picked":["Storm","Coolheaded"],"picked":"Conserve Battery","floor":13},{"not_picked":["Conserve Battery","All For One","Coolheaded"],"picked":"SKIP","floor":14},{"not_picked":["Meteor Strike","Reboot"],"picked":"Electrodynamics","floor":16},{"not_picked":["Leap","Coolheaded+1"],"picked":"Recycle","floor":18},{"not_picked":["Chaos","Scrape"],"picked":"Hologram","floor":20}],"player_experience":312922,"relics_obtained":[{"floor":6,"key":"Peace Pipe"},{"floor":8,"key":"Smiling Mask"},{"floor":9,"key":"Torii"},{"floor":14,"key":"Happy Flower"},{"floor":21,"key":"Enchiridion"}],"event_choices":[{"damage_healed":0,"gold_gain":0,"player_choice":"Leave","damage_taken":0,"max_hp_gain":0,"max_hp_loss":0,"event_name":"The Cleric","floor":4,"gold_loss":0},{"damage_healed":0,"gold_gain":75,"player_choice":"Gather Gold","damage_taken":11,"max_hp_gain":0,"max_hp_loss":0,"event_name":"World of Goop","floor":11,"gold_loss":0},{"damage_healed":0,"gold_gain":0,"player_choice":"Read","damage_taken":0,"max_hp_gain":0,"max_hp_loss":0,"event_name":"The Library","floor":19,"gold_loss":0,"cards_obtained":["Double Energy"]},{"damage_healed":0,"gold_gain":0,"player_choice":"Obtained Book","damage_taken":21,"max_hp_gain":0,"max_hp_loss":0,"event_name":"Cursed Tome","floor":21,"gold_loss":0}],"is_beta":false,"boss_relics":[{"not_picked":["Lizard Tail","Busted Crown"],"picked":"Runic Pyramid"}],"items_purged_floors":[],"is_endless":false,"potions_floor_spawned":[1,6,8,14],"killed_by":"Shelled Parasite and Fungi","ascension_level":20}