{"gold_per_floor":[13,28,103,120,120,120,136,152,152,169,169,228,255,0,0,74,74,85,0,0,0],"floor_reached":21,"playtime":937,"items_purged":[],"score":358,"play_id":"15875fb5-1b05-4c8f-9f75-bd0c2fd432e0","local_time":"20190428094528","is_ascension_mode":true,"campfire_choices":[{"data":"Streamline","floor":6,"key":"SMITH"},{"floor":11,"key":"REST"},{"data":"Defragment","floor":15,"key":"SMITH"}],"neow_cost":"NO_GOLD","seed_source_timestamp":554675012121532,"circlet_count":0,"master_deck":["AscendersBane","Strike_B","Strike_B","Strike_B+1","Strike_B","Defend_B","Defend_B+1","Defend_B","Defend_B","Zap","Dualcast","Streamline+1","Genetic Algorithm","Cold Snap","Conserve Battery","Hologram","Tempest","Core Surge","Defragment+1","Echo Form","Coolheaded","Writhe"],"relics":["FrozenCore","Torii","Regal Pillow","Blood Vial","Meat on the Bone","Bag of Preparation","Unceasing Top","Mummified Hand"],"potions_floor_usage":[12,13,18,21],"damage_taken":[{"damage":0,"enemies":"Small Slimes","floor":1,"turns":2},{"damage":6,"enemies":"2 Louse","floor":2,"turns":3},{"damage":7,"enemies":"Jaw Worm","floor":4,"turns":4},{"damage":1,"enemies":"2 Fungi Beasts","floor":7,"turns":3},{"damage":0,"enemies":"Looter","floor":8,"turns":3},{"damage":6,"enemies":"Blue Slaver","floor":10,"turns":3},{"damage":6,"enemies":"3 Sentries","floor":12,"turns":10},{"damage":6,"enemies":"Gremlin Nob","floor":13,"turns":3},{"damage":28,"enemies":"Slime Boss","floor":16,"turns":10},{"damage":12,"enemies":"Spheric Guardian","floor":18,"turns":4},{"damage":29,"enemies":"Colosseum Slavers","floor":21,"turns":6},{"damage":38,"enemies":"Colosseum Nobs","floor":21,"turns":3}],"seed_played":"1342956993907406168","potions_obtained":[{"floor":4,"key":"FearPotion"},{"floor":10,"key":"Swift Potion"},{"floor":12,"key":"Energy Potion"},{"floor":18,"key":"FocusPotion"}],"is_trial":false,"path_per_floor":["M","M","?","M","?","R","M","M","T","M","R","?","E","$","R","B",null,"M","?","?","?"],"character_chosen":"DEFECT","items_purchased":["Bag of Preparation","Defragment"],"campfire_rested":1,"item_purchase_floors":[14,14],"current_hp_per_floor":[64,58,47,40,19,19,18,18,18,12,48,42,38,38,38,24,59,49,49,49,0],"gold":0,"neow_bonus":"ONE_RARE_RELIC","is_prod":false,"is_daily":false,"chose_seed":false,"campfire_upgraded":2,"win_rate":0,"timestamp":1556412328,"path_taken":["M","M","?","M","?","R","M","M","T","?","R","?","E","$","R","BOSS","M","?","?","?"],"build_version":"2019-01-23","purchased_purges":0,"victory":false,"max_hp_per_floor":[71,71,71,71,71,71,71,71,71,71,71,71,71,71,71,71,71,71,71,71,71],"card_choices":[{"not_picked":["Redo","Undo"],"picked":"Streamline","floor":1},{"not_picked":["Doom and Gloom","Blizzard"],"picked":"Genetic Algorithm","floor":2},{"not_picked":["Stack","Ball Lightning"],"picked":"Cold Snap","floor":4},{"not_picked":["Streamline","Beam Cell"],"picked":"Conserve Battery","floor":7},{"not_picked":["Go for the Eyes","Turbo","Heatsinks"],"picked":"SKIP","floor":8},{"not_picked":["Sweeping Beam","Compile Driver"],"picked":"Hologram","floor":10},{"not_picked":["Amplify","Turbo"],"picked":"Tempest","floor":12},{"not_picked":["Turbo","Conserve Battery"],"picked":"Core Surge","floor":13},{"not_picked":["Seek","Creative AI"],"picked":"Echo Form","floor":16},{"not_picked":["Sunder","Rebound"],"picked":"Coolheaded","floor":18}],"player_experience":306377,"relics_obtained":[{"floor":9,"key":"Regal Pillow"},{"floor":12,"key":"Blood Vial"},{"floor":13,"key":"Meat on the Bone"}],"event_choices":[{"damage_healed":0,"gold_gain":75,"player_choice":"Gather Gold","damage_taken":11,"max_hp_gain":0,"max_hp_loss":0,"event_name":"World of Goop","floor":3,"gold_loss":0},{"damage_healed":0,"gold_gain":0,"player_choice":"Entered Light","damage_taken":21,"max_hp_gain":0,"max_hp_loss":0,"event_name":"Shining Light","floor":5,"gold_loss":0,"cards_upgraded":["Defend_B","Strike_B"]},{"damage_healed":0,"gold_gain":0,"player_choice":"Searched \u00271\u0027 times","damage_taken":0,"max_hp_gain":0,"max_hp_loss":0,"event_name":"Dead Adventurer","floor":12,"gold_loss":0},{"damage_healed":0,"gold_gain":0,"player_choice":"Obtained Relic","damage_taken":0,"relics_obtained":["Unceasing Top"],"max_hp_gain":0,"max_hp_loss":0,"event_name":"Addict","floor":19,"gold_loss":85},{"damage_healed":0,"gold_gain":0,"player_choice":"Opened","damage_taken":0,"relics_obtained":["Mummified Hand"],"max_hp_gain":0,"max_hp_loss":0,"event_name":"The Mausoleum","floor":20,"gold_loss":0,"cards_obtained":["Writhe"]},{"damage_healed":0,"gold_gain":0,"player_choice":"Fight","damage_taken":0,"max_hp_gain":0,"max_hp_loss":0,"event_name":"Colosseum","floor":21,"gold_loss":0},{"damage_healed":0,"gold_gain":0,"player_choice":"Fought Nobs","damage_taken":0,"max_hp_gain":0,"max_hp_loss":0,"event_name":"Colosseum","floor":21,"gold_loss":0}],"is_beta":false,"boss_relics":[{"not_picked":["Cursed Key","Runic Pyramid"],"picked":"FrozenCore"}],"items_purged_floors":[],"is_endless":false,"potions_floor_spawned":[4,10,12,18],"killed_by":"Colosseum Nobs","ascension_level":20}