{"gold_per_floor":[111,33,47,47,47,78,108,127,127,127,152,163,177,192,192,296,326,346,346,362,10,10,38,55,55,55,78,90],"floor_reached":28,"playtime":1398,"items_purged":["Strike_B"],"score":385,"play_id":"85537e59-6ce7-4705-b97d-801e99e5f1ef","local_time":"20190418184208","is_ascension_mode":true,"campfire_choices":[{"data":"Loop","floor":10.0,"key":"SMITH"},{"data":"Streamline","floor":15.0,"key":"SMITH"},{"floor":25,"key":"REST"}],"neow_cost":"NONE","seed_source_timestamp":1723876230172036,"circlet_count":0,"master_deck":["Strike_B","Strike_B","Strike_B","Defend_B","Defend_B","Defend_B","Defend_B","Zap","Dualcast","Ball Lightning","Self Repair","Loop+1","Consume","Redo","Streamline+1","Chill","Echo Form","Coolheaded","Biased Cognition","Core Surge","Biased Cognition+1","Darkness+1"],"special_seed":0,"relics":["Cracked Core","NeowsBlessing","Emotion Chip","Letter Opener","Bottled Tornado","The Courier","Calling Bell","Tiny Chest","Dodecahedron","Unceasing Top","Frozen Egg 2","MawBank"],"potions_floor_usage":[24,28],"damage_taken":[{"damage":0.0,"enemies":"Cultist","floor":1.0,"turns":1.0},{"damage":0.0,"enemies":"Small Slimes","floor":3.0,"turns":1.0},{"damage":0.0,"enemies":"Lagavulin","floor":6.0,"turns":1.0},{"damage":2.0,"enemies":"2 Louse","floor":8.0,"turns":3.0},{"damage":32.0,"enemies":"Gremlin Nob","floor":11.0,"turns":4.0},{"damage":21.0,"enemies":"Blue Slaver","floor":12.0,"turns":4.0},{"damage":0.0,"enemies":"Large Slime","floor":13.0,"turns":4.0},{"damage":0.0,"enemies":"Gremlin Gang","floor":14.0,"turns":3.0},{"damage":31.0,"enemies":"Slime Boss","floor":16.0,"turns":8.0},{"damage":25.0,"enemies":"3 Byrds","floor":18.0,"turns":6.0},{"damage":39.0,"enemies":"2 Thieves","floor":20.0,"turns":4.0},{"damage":24.0,"enemies":"Slavers","floor":23.0,"turns":7.0},{"damage":6,"enemies":"Centurion and Healer","floor":24,"turns":11},{"damage":32,"enemies":"Shelled Parasite and Fungi","floor":27,"turns":6},{"damage":19,"enemies":"Chosen and Byrds","floor":28,"turns":4}],"seed_played":"-9175543199348056762","potions_obtained":[{"floor":8.0,"key":"SneckoOil"},{"floor":11.0,"key":"AttackPotion"},{"floor":20.0,"key":"Poison Potion"},{"floor":23.0,"key":"Ancient Potion"},{"floor":27,"key":"SkillPotion"}],"is_trial":false,"path_per_floor":["M","$","M","?","?","E","?","M","T","R","E","M","M","M","R","B",null,"M","?","M","$","?","E","M","R","T","M","M"],"character_chosen":"DEFECT","items_purchased":["Self Repair","Core Surge","Frozen Egg 2","PowerPotion"],"campfire_rested":1,"item_purchase_floors":[2,21,21,21],"current_hp_per_floor":[68,68,75,75,75,75,75,75,75,75,50,36,43,50,50,26,63,45,70,31,31,31,21,29,51,51,26,7],"gold":90,"neow_bonus":"THREE_ENEMY_KILL","is_prod":false,"is_daily":false,"chose_seed":false,"campfire_upgraded":2,"win_rate":0,"timestamp":1555580528,"path_taken":["M","$","M","?","?","E","?","M","T","R","E","?","M","M","R","BOSS","M","?","M","$","?","E","M","R","T","M","M"],"build_version":"2019-01-23","purchased_purges":1,"victory":false,"max_hp_per_floor":[75,75,75,75,75,75,75,75,75,75,75,75,75,75,75,75,75,75,75,75,75,75,75,75,75,75,75,75],"card_choices":[{"not_picked":["Compile Driver","Barrage"],"picked":"Ball Lightning","floor":1.0},{"not_picked":["Beam Cell","Redo"],"picked":"Loop","floor":3.0},{"not_picked":["Stack","Rebound"],"picked":"Consume","floor":6.0},{"not_picked":["Steam Power","FTL"],"picked":"Redo","floor":8.0},{"not_picked":["Reprogram","Steam"],"picked":"Streamline","floor":11.0},{"not_picked":["Ball Lightning","Beam Cell"],"picked":"Chill","floor":12.0},{"not_picked":["Barrage","Redo"],"picked":"Echo Form","floor":13.0},{"not_picked":["Sunder","Rebound"],"picked":"Coolheaded","floor":14.0},{"not_picked":["Seek","Buffer"],"picked":"Biased Cognition","floor":16.0},{"not_picked":["Rebound","Reinforced Body","Blizzard"],"picked":"SKIP","floor":18.0},{"not_picked":["Rebound+1","FTL","Undo+1"],"picked":"SKIP","floor":20.0},{"not_picked":["Auto Shields","Fusion","Redo"],"picked":"SKIP","floor":23.0},{"not_picked":["Stack","Streamline","Go for the Eyes"],"picked":"SKIP","floor":24},{"not_picked":["Leap","Scrape"],"picked":"Darkness+1","floor":27}],"player_experience":241158,"relics_obtained":[{"floor":6.0,"key":"Letter Opener"},{"floor":9.0,"key":"Bottled Tornado"},{"floor":11.0,"key":"The Courier"},{"floor":17.0,"key":"Tiny Chest"},{"floor":17.0,"key":"Dodecahedron"},{"floor":17.0,"key":"Unceasing Top"},{"floor":26,"key":"MawBank"}],"event_choices":[{"damage_healed":0.0,"max_hp_gain":0.0,"max_hp_loss":0.0,"gold_gain":0.0,"event_name":"Big Fish","player_choice":"Box","floor":4.0,"gold_loss":0.0,"damage_taken":0.0,"relics_obtained":["Emotion Chip"],"cards_obtained":["Regret"]},{"cards_removed":["Regret"],"damage_healed":0.0,"max_hp_gain":0.0,"max_hp_loss":0.0,"gold_gain":0.0,"event_name":"Living Wall","player_choice":"Forget","floor":5.0,"gold_loss":0.0,"damage_taken":0.0},{"damage_healed":0.0,"max_hp_gain":0.0,"max_hp_loss":0.0,"gold_gain":30.0,"event_name":"Dead Adventurer","player_choice":"Searched \u00272\u0027 times","floor":7.0,"gold_loss":0.0,"damage_taken":0.0},{"damage_healed":0.0,"max_hp_gain":0.0,"max_hp_loss":0.0,"gold_gain":30.0,"event_name":"Dead Adventurer","player_choice":"Searched \u00272\u0027 times","floor":7.0,"gold_loss":0.0,"damage_taken":0.0},{"damage_healed":25.0,"max_hp_gain":0.0,"max_hp_loss":0.0,"gold_gain":0.0,"event_name":"The Library","player_choice":"Heal","floor":19.0,"gold_loss":0.0,"damage_taken":0.0},{"damage_healed":0.0,"max_hp_gain":0.0,"max_hp_loss":0.0,"gold_gain":0.0,"event_name":"Match and Keep!","player_choice":"1 cards matched","floor":22.0,"gold_loss":0.0,"damage_taken":0.0,"cards_obtained":["Biased Cognition"]}],"is_beta":false,"boss_relics":[{"not_picked":["FrozenCore","Cursed Key"],"picked":"Calling Bell"}],"items_purged_floors":[21],"is_endless":false,"potions_floor_spawned":[8,11,20,23,27],"killed_by":"Chosen and Byrds","ascension_level":8}