{"path_per_floor":["M","?","?","M","?","R","M","T","T","R","$","M","R","M","R","B",null,"M","?","$","M","?","R","M","R","T","?","E","?","R","M","R","B",null,"M","?","?","M"],"character_chosen":"THE_SILENT","items_purchased":["Strange Spoon","Poisoned Stab","Prepared"],"gold_per_floor":[113,63,43,63,163,163,173,200,226,226,22,34,34,51,51,147,147,158,158,11,31,31,31,41,41,41,41,374,374,374,388,388,487,487,505,505,505,517],"floor_reached":39,"campfire_rested":1,"playtime":3412,"current_hp_per_floor":[70,70,70,70,70,70,67,67,67,67,67,63,63,63,63,45,70,70,70,70,70,54,54,50,50,50,50,50,50,50,50,70,21,70,45,45,45,45],"items_purged":["Defend_G"],"gold":517,"play_id":"82eebab0-08ec-4e21-9f9a-be3057c05912","is_prod":false,"is_daily":false,"is_ascension_mode":false,"campfire_upgraded":7,"path_taken":["M","?","?","?","?","R","M","?","T","R","$","M","R","M","R","BOSS","M","?","$","M","?","R","?","R","T","?","E","?","R","M","R","BOSS","M","?","?","M","?","M"],"build_version":"2018-02-02-BETA1","purchased_purges":1,"victory":false,"master_deck":["Defend_G","Strike_G","Survivor+1","Neutralize+1","Backstab+1","Glass Knife+1","Deadly Poison+1","Flying Knee","Heel Hook","Adrenaline+1","Unload+1","Finisher+1","Bullet Time+1","Heel Hook","Poisoned Stab+1","Prepared+1","Catalyst+1","Riddle With Holes+1","Burst","Deadly Poison","Madness","Madness"],"max_hp_per_floor":[70,70,70,70,70,70,70,70,70,70,70,70,70,70,70,70,70,70,70,70,70,70,70,70,70,70,70,70,70,70,70,70,70,70,70,70,70,70],"relics":["Ring of the Snake","Snake Skull","Bag of Marbles","Strange Spoon","Astrolabe","Nilry\u0027s Codex","Gambling Chip","Old Coin","The Specimen"],"card_choices":[{"not_picked":["Flying Knee","Backflip"],"picked":"Backstab"},{"not_picked":["Outmaneuver","Dash"],"picked":"Glass Knife"},{"not_picked":["Dodge and Roll","Deflect"],"picked":"Deadly Poison"},{"not_picked":["Quick Slash","Eviscerate"],"picked":"Flying Knee"},{"not_picked":["PiercingWail","Sucker Punch"],"picked":"Heel Hook"},{"not_picked":["After Image","Night Terror"],"picked":"Adrenaline"},{"not_picked":["Prepared","Backflip"],"picked":"Heel Hook"},{"not_picked":["Heel Hook","Finisher"],"picked":"Catalyst"},{"not_picked":["Flying Knee","Blur"],"picked":"Riddle With Holes"},{"not_picked":["Acrobatics","PiercingWail"],"picked":"Noxious Fumes"},{"not_picked":["Unload","After Image"],"picked":"Burst"},{"not_picked":["Well Laid Plans","Masterful Stab"],"picked":"Deadly Poison"}],"player_experience":25188,"potions_floor_usage":[],"damage_taken":[{"damage":0.0,"enemies":"2 Louse","floor":1.0,"turns":3.0},{"damage":0.0,"enemies":"Small Slimes","floor":4.0,"turns":3.0},{"damage":3.0,"enemies":"Jaw Worm","floor":7.0,"turns":2.0},{"damage":4.0,"enemies":"Exordium Thugs","floor":12.0,"turns":3.0},{"damage":0.0,"enemies":"Looter","floor":14.0,"turns":1.0},{"damage":33.0,"enemies":"Slime Boss","floor":16.0,"turns":13.0},{"damage":0.0,"enemies":"3 Byrds","floor":18.0,"turns":4.0},{"damage":0.0,"enemies":"Shell Parasite","floor":21.0,"turns":1.0},{"damage":4.0,"enemies":"Centurion and Healer","floor":24.0,"turns":2.0},{"damage":0.0,"enemies":"Slavers","floor":28.0,"turns":1.0},{"damage":0.0,"enemies":"3 Cultists","floor":31.0,"turns":2.0},{"damage":49.0,"enemies":"Collector","floor":33.0,"turns":4.0},{"damage":25.0,"enemies":"Flame Bruiser 1 Orb","floor":35.0,"turns":3.0},{"damage":0.0,"enemies":"Orb Walker","floor":38.0,"turns":1.0},{"damage":15.0,"enemies":"Sphere and 2 Shapes","floor":39.0,"turns":3.0},{"damage":22,"enemies":"Spire Growth","floor":39,"turns":2}],"event_choices":[{"event_name":"The Cleric","player_choice":"Card Removal","floor":2.0,"damage_taken":0.0},{"event_name":"The Woman in Blue","player_choice":"Bought 1 Potion","floor":3.0,"damage_taken":0.0},{"event_name":"Golden Shrine","player_choice":"Pray","floor":5.0,"damage_taken":0.0},{"event_name":"Purifier","player_choice":"One Purge","floor":19.0,"damage_taken":0.0},{"event_name":"Cursed Tome","player_choice":"Obtained Book","floor":22.0,"damage_taken":0.0},{"event_name":"Wheel of Change","player_choice":"Card Removal","floor":27.0,"damage_taken":0.0},{"event_name":"Bonfire Elementals","player_choice":"BASIC","floor":29.0,"damage_taken":0.0},{"event_name":"Tomb of Lord Red Mask","player_choice":"Ignored","floor":36.0,"damage_taken":0.0},{"event_name":"Winding Halls","player_choice":"Embrace Madness","floor":39,"damage_taken":0}],"boss_relics":[],"potions_floor_spawned":[1,4,12,16,18,24,28,33,35,38,39],"seed_played":"143884478070953113","killed_by":"Spire Growth","ascension_level":0,"is_trial":false}