{"gold_per_floor":[109,127,127,302,302,302,314,314,341,406,419,437,469,489,489,588,588,602,618,651,457,457,476,526,544,544,6,6,6,21,21,21,21],"floor_reached":33,"playtime":1170,"items_purged":["Shame"],"score":282,"play_id":"d25bf53b-ca0a-4ec5-8566-09e87a867a79","local_time":"20190514021935","is_ascension_mode":false,"campfire_choices":[{"floor":6,"key":"RECALL"},{"data":"Shrug It Off","floor":8,"key":"SMITH"},{"floor":15,"key":"REST"},{"data":"Apotheosis","floor":29,"key":"SMITH"},{"floor":32,"key":"REST"}],"neow_cost":"PERCENT_DAMAGE","seed_source_timestamp":574237879595331,"circlet_count":0,"master_deck":["Strike_R","Strike_R","Strike_R","Strike_R","Defend_R","Defend_R","Defend_R","Defend_R","Bash","Combust","Shrug It Off+1","Bludgeon","Headbutt","Iron Wave","Iron Wave","Offering","Shrug It Off","Entrench","Shrug It Off","Apotheosis+1","J.A.X.","Whirlwind+1","Double Tap"],"relics":["Burning Blood","Tiny Chest","Nunchaku","Cursed Key","Red Mask","Darkstone Periapt","Meat on the Bone","ClockworkSouvenir"],"potions_floor_usage":[16,33,33],"damage_taken":[{"damage":1,"enemies":"2 Louse","floor":1,"turns":2},{"damage":11,"enemies":"Jaw Worm","floor":2,"turns":5},{"damage":8,"enemies":"Small Slimes","floor":7,"turns":3},{"damage":40,"enemies":"3 Sentries","floor":10,"turns":8},{"damage":2,"enemies":"2 Fungi Beasts","floor":11,"turns":3},{"damage":14,"enemies":"Exordium Thugs","floor":12,"turns":4},{"damage":14,"enemies":"Gremlin Nob","floor":13,"turns":4},{"damage":12,"enemies":"Blue Slaver","floor":14,"turns":2},{"damage":19,"enemies":"Slime Boss","floor":16,"turns":8},{"damage":11,"enemies":"2 Thieves","floor":18,"turns":4},{"damage":9,"enemies":"3 Byrds","floor":19,"turns":5},{"damage":42,"enemies":"Masked Bandits","floor":20,"turns":6},{"damage":23,"enemies":"Centurion and Healer","floor":23,"turns":4},{"damage":26,"enemies":"Snake Plant","floor":25,"turns":6},{"damage":14,"enemies":"3 Cultists","floor":30,"turns":5},{"damage":59,"enemies":"Collector","floor":33,"turns":6}],"seed_played":"5387840606893001576","potions_obtained":[{"floor":1,"key":"Strength Potion"},{"floor":7,"key":"Ancient Potion"},{"floor":10,"key":"SpeedPotion"},{"floor":12,"key":"Explosive Potion"},{"floor":30,"key":"Strength Potion"}],"is_trial":false,"path_per_floor":["M","M","?","?","?","R","M","R","T","E","M","M","E","M","R","B",null,"M","M","?","$","?","M","?","M","T","$","?","R","M","$","R","B"],"character_chosen":"IRONCLAD","items_purchased":["Apotheosis","Meat on the Bone","ClockworkSouvenir"],"campfire_rested":2,"item_purchase_floors":[21,27,27],"current_hp_per_floor":[77,72,65,65,65,65,63,63,63,29,33,25,17,11,39,26,96,91,88,52,52,52,35,35,15,15,15,15,15,19,19,47,0],"gold":21,"neow_bonus":"TWENTY_PERCENT_HP_BONUS","is_prod":false,"is_daily":false,"chose_seed":false,"campfire_upgraded":2,"win_rate":0,"timestamp":1557793175,"path_taken":["M","M","?","?","?","R","M","R","T","E","M","M","E","M","R","BOSS","M","M","?","?","?","M","?","?","T","$","?","R","M","$","R","BOSS"],"build_version":"2019-05-07","purchased_purges":1,"victory":false,"max_hp_per_floor":[96,96,96,96,96,96,96,96,96,96,96,96,96,96,96,96,96,96,96,96,96,96,96,96,96,96,96,96,96,96,96,96,96],"card_choices":[{"not_picked":["Uppercut","Clothesline","True Grit"],"picked":"SKIP","floor":1},{"not_picked":["Intimidate","Feel No Pain"],"picked":"Combust","floor":2},{"not_picked":["Anger","Body Slam"],"picked":"Shrug It Off","floor":7},{"not_picked":["Clothesline","True Grit"],"picked":"Bludgeon","floor":10},{"not_picked":["Sever Soul","Bloodletting"],"picked":"Headbutt","floor":11},{"not_picked":["Warcry","Perfected Strike"],"picked":"Iron Wave","floor":12},{"not_picked":["Blood for Blood","Intimidate"],"picked":"Iron Wave","floor":13},{"not_picked":["True Grit","Uppercut","Anger"],"picked":"SKIP","floor":14},{"not_picked":["Fiend Fire","Berserk"],"picked":"Offering","floor":16},{"not_picked":["Perfected Strike","Corruption"],"picked":"Shrug It Off","floor":18},{"not_picked":["Twin Strike","Clothesline"],"picked":"Entrench","floor":19},{"not_picked":["Clash+1","Warcry"],"picked":"Shrug It Off","floor":20},{"not_picked":["Blood for Blood","Perfected Strike+1","Shrug It Off"],"picked":"SKIP","floor":23},{"not_picked":["Feel No Pain","Armaments+1"],"picked":"Whirlwind+1","floor":25},{"not_picked":["Wild Strike+1","Perfected Strike"],"picked":"Double Tap","floor":30}],"player_experience":367063,"relics_obtained":[{"floor":10,"key":"Tiny Chest"},{"floor":13,"key":"Nunchaku"},{"floor":20,"key":"Red Mask"},{"floor":26,"key":"Darkstone Periapt"}],"event_choices":[{"cards_removed":["Strike_R"],"damage_healed":0,"gold_gain":0,"player_choice":"Card Removal","damage_taken":7,"max_hp_gain":0,"max_hp_loss":0,"event_name":"Golden Wing","floor":3,"gold_loss":0},{"damage_healed":0,"gold_gain":175,"player_choice":"AGREE","damage_taken":0,"max_hp_gain":0,"max_hp_loss":0,"event_name":"Liars Game","floor":4,"gold_loss":0,"cards_obtained":["Doubt"]},{"cards_removed":["Doubt"],"damage_healed":0,"gold_gain":0,"player_choice":"Forget","damage_taken":0,"max_hp_gain":0,"max_hp_loss":0,"event_name":"Living Wall","floor":5,"gold_loss":0},{"damage_healed":0,"gold_gain":0,"player_choice":"Fought Bandits","damage_taken":0,"max_hp_gain":0,"max_hp_loss":0,"event_name":"Masked Bandits","floor":20,"gold_loss":0},{"damage_healed":0,"gold_gain":0,"player_choice":"Obtain J.A.X.","damage_taken":0,"max_hp_gain":0,"max_hp_loss":0,"event_name":"Drug Dealer","floor":22,"gold_loss":0,"cards_obtained":["J.A.X."]},{"damage_healed":0,"gold_gain":100,"player_choice":"Bet on Murderer","damage_taken":0,"max_hp_gain":0,"max_hp_loss":0,"event_name":"The Joust","floor":24,"gold_loss":50},{"damage_healed":0,"gold_gain":0,"player_choice":"Ignored","damage_taken":0,"max_hp_gain":0,"max_hp_loss":0,"event_name":"Vampires","floor":28,"gold_loss":0}],"is_beta":true,"boss_relics":[{"not_picked":["Black Star","Orrery"],"picked":"Cursed Key"}],"items_purged_floors":[27],"is_endless":false,"potions_floor_spawned":[1,7,10,12,30],"killed_by":"Collector","ascension_level":0}