{"gold_per_floor":[112,37,37,212,222,254,270,283,283,17,17,80,99,99,99,99],"floor_reached":16,"playtime":994,"items_purged":["Strike_R"],"score":138,"play_id":"f5c43d6d-8ac2-4e2d-9f2b-888f87c9a09d","local_time":"20190521213113","is_ascension_mode":true,"campfire_choices":[{"floor":11,"key":"REST"},{"floor":15,"key":"REST"}],"neow_cost":"NONE","seed_source_timestamp":252343155350100,"circlet_count":0,"master_deck":["Strike_R","Strike_R","Defend_R","Defend_R","Defend_R","Defend_R","Bash","Rampage","Fire Breathing","Doubt","Dropkick","Headbutt","Clothesline","Shrug It Off","Body Slam","Headbutt"],"relics":["Burning Blood","Self Forming Clay","The Courier","Blue Candle","Tiny Chest"],"potions_floor_usage":[7,12,16],"damage_taken":[{"damage":7,"enemies":"Jaw Worm","floor":1,"turns":3},{"damage":5,"enemies":"Small Slimes","floor":5,"turns":4},{"damage":46,"enemies":"Gremlin Nob","floor":6,"turns":5},{"damage":6,"enemies":"2 Louse","floor":7,"turns":3},{"damage":25,"enemies":"Red Slaver","floor":8,"turns":7},{"damage":15,"enemies":"Lagavulin","floor":12,"turns":7},{"damage":8,"enemies":"Exordium Wildlife","floor":13,"turns":4},{"damage":58,"enemies":"Slime Boss","floor":16,"turns":8}],"seed_played":"8325345787714826540","potions_obtained":[{"floor":1,"key":"SpeedPotion"},{"floor":8,"key":"Weak Potion"},{"floor":13,"key":"Strength Potion"}],"is_trial":false,"path_per_floor":["M","$","?","?","M","E","M","M","T","$","R","E","M","?","R","B"],"character_chosen":"IRONCLAD","items_purchased":["Shrug It Off","Body Slam","Blue Candle"],"campfire_rested":2,"item_purchase_floors":[10,10,10],"current_hp_per_floor":[79,79,72,72,73,33,33,14,14,14,38,29,27,27,51,0],"gold":99,"neow_bonus":"TRANSFORM_CARD","is_prod":false,"is_daily":false,"chose_seed":false,"campfire_upgraded":0,"win_rate":0,"timestamp":1558467073,"path_taken":["M","$","?","?","M","E","M","M","T","?","R","E","M","?","R","BOSS"],"build_version":"2019-05-07","purchased_purges":1,"victory":false,"max_hp_per_floor":[80,80,80,80,80,80,80,80,80,80,80,80,80,80,80,80],"card_choices":[{"not_picked":["Anger","Reckless Charge"],"picked":"Fire Breathing","floor":1},{"not_picked":["Clothesline","Second Wind"],"picked":"Dropkick","floor":5},{"not_picked":["Warcry","Bloodletting"],"picked":"Headbutt","floor":6},{"not_picked":["Iron Wave","Feel No Pain","Carnage"],"picked":"SKIP","floor":7},{"not_picked":["Pummel","Pommel Strike"],"picked":"Clothesline","floor":8},{"not_picked":["Anger","Cleave"],"picked":"Immolate","floor":12},{"not_picked":["Flex","Dual Wield","Spot Weakness"],"picked":"SKIP","floor":13}],"player_experience":312768,"relics_obtained":[{"floor":6,"key":"Self Forming Clay"},{"floor":9,"key":"The Courier"},{"floor":12,"key":"Tiny Chest"}],"event_choices":[{"cards_removed":["Strike_R"],"damage_healed":0,"gold_gain":0,"player_choice":"Card Removal","damage_taken":7,"max_hp_gain":0,"max_hp_loss":0,"event_name":"Golden Wing","floor":3,"gold_loss":0},{"damage_healed":0,"gold_gain":175,"player_choice":"AGREE","damage_taken":0,"max_hp_gain":0,"max_hp_loss":0,"event_name":"Liars Game","floor":4,"gold_loss":0,"cards_obtained":["Doubt"]},{"damage_healed":0,"gold_gain":0,"cards_transformed":["Immolate"],"player_choice":"Change","damage_taken":0,"max_hp_gain":0,"max_hp_loss":0,"event_name":"Living Wall","floor":14,"gold_loss":0,"cards_obtained":["Headbutt"]}],"is_beta":true,"boss_relics":[],"items_purged_floors":[2],"is_endless":false,"potions_floor_spawned":[1,8,13],"killed_by":"Slime Boss","ascension_level":5}