{"gold_per_floor":[117,117,117,136,61,61,92,115,115,140,165,26,42,86,86,181,181,206,221,256,283,14,14,289,304,329,329,125,125,125,149,149,247,247,265,265,280,73,406,406,433,433,433,655,666,766,366,412,412,412],"floor_reached":51,"playtime":2838,"items_purged":["Injury","Strike_B","Strike_B+1","Strike_B+1","Reboot"],"score":1311,"play_id":"be55d4ec-4d9d-4a7b-9693-6b1f6ff6eaa1","local_time":"20190423134256","is_ascension_mode":true,"campfire_choices":[{"data":"Sunder","floor":6.0,"key":"SMITH"},{"data":"Defragment","floor":15.0,"key":"SMITH"},{"data":"Loop","floor":23.0,"key":"SMITH"},{"floor":29.0,"key":"REST"},{"floor":32.0,"key":"REST"},{"data":"Consume","floor":40.0,"key":"SMITH"},{"data":"Biased Cognition","floor":42.0,"key":"SMITH"},{"data":"Blizzard","floor":49,"key":"SMITH"}],"neow_cost":"NONE","seed_source_timestamp":134967705585153,"circlet_count":0,"master_deck":["AscendersBane","Defend_B","Defend_B","Defend_B","Defend_B","Zap","Dualcast","Chill+1","Sunder+1","Consume+1","Recycle","Conserve Battery","Loop+1","Defragment+1","Biased Cognition+1","Undo","Capacitor","Cold Snap","Coolheaded","Blizzard+1","Hologram","Cold Snap","Recycle","Streamline+1"],"special_seed":0,"relics":["Cracked Core","NeowsBlessing","Cables","Pantograph","Sundial","Snecko Eye","Red Mask","Whetstone","Bronze Scales","Inserter","OrangePellets","Smiling Mask","Kunai","Bird Faced Urn","Toolbox","Thread and Needle"],"potions_floor_usage":[],"damage_taken":[{"damage":0.0,"enemies":"2 Louse","floor":1.0,"turns":1.0},{"damage":0.0,"enemies":"Jaw Worm","floor":4.0,"turns":1.0},{"damage":0.0,"enemies":"Lagavulin","floor":7.0,"turns":1.0},{"damage":0.0,"enemies":"Cultist","floor":8.0,"turns":3.0},{"damage":7.0,"enemies":"Red Slaver","floor":10.0,"turns":3.0},{"damage":0.0,"enemies":"Lots of Slimes","floor":11.0,"turns":4.0},{"damage":0.0,"enemies":"2 Fungi Beasts","floor":13.0,"turns":2.0},{"damage":0.0,"enemies":"3 Sentries","floor":14.0,"turns":10.0},{"damage":38.0,"enemies":"Slime Boss","floor":16.0,"turns":8.0},{"damage":2.0,"enemies":"Spheric Guardian","floor":18.0,"turns":3.0},{"damage":14.0,"enemies":"2 Thieves","floor":19.0,"turns":4.0},{"damage":11.0,"enemies":"Masked Bandits","floor":20.0,"turns":6.0},{"damage":15.0,"enemies":"3 Cultists","floor":25.0,"turns":5.0},{"damage":4.0,"enemies":"Chosen and Byrds","floor":31.0,"turns":3.0},{"damage":31.0,"enemies":"Collector","floor":33.0,"turns":9.0},{"damage":0.0,"enemies":"Orb Walker","floor":35.0,"turns":3.0},{"damage":0.0,"enemies":"3 Darklings","floor":37.0,"turns":5.0},{"damage":0.0,"enemies":"Nemesis","floor":41.0,"turns":11.0},{"damage":7.0,"enemies":"Sphere and 2 Shapes","floor":45.0,"turns":6.0},{"damage":0,"enemies":"Mind Bloom Boss Battle","floor":46,"turns":11},{"damage":0,"enemies":"2 Orb Walkers","floor":48,"turns":6},{"damage":12,"enemies":"Donu and Deca","floor":50,"turns":17}],"seed_played":"-8280790731282370598","potions_obtained":[{"floor":1.0,"key":"Dexterity Potion"},{"floor":7.0,"key":"Explosive Potion"},{"floor":13.0,"key":"SkillPotion"},{"floor":16.0,"key":"FocusPotion"},{"floor":18.0,"key":"Fruit Juice"},{"floor":25.0,"key":"SpeedPotion"},{"floor":41.0,"key":"GamblersBrew"}],"is_trial":false,"path_per_floor":["M","?","?","M","$","R","E","M","T","M","M","$","M","E","R","B",null,"M","M","?","T","$","R","?","M","T","?","$","R","?","M","R","B",null,"M","?","M","$","?","R","E","R","T","?","M","?","$","?","R","B",null],"character_chosen":"DEFECT","items_purchased":["Loop","Capacitor","GamblersBrew","Coolheaded","OrangePellets","EssenceOfSteel","Recycle","Toolbox"],"campfire_rested":2,"item_purchase_floors":[12,22,22,28,38,47,47,47],"current_hp_per_floor":[64,43,43,43,43,43,43,43,43,36,36,36,36,36,36,23,59,62,48,37,37,37,37,37,22,22,22,22,44,44,40,62,45,68,68,68,68,68,68,68,68,68,68,68,61,76,76,76,76,70],"gold":412,"neow_bonus":"THREE_ENEMY_KILL","is_prod":false,"is_daily":false,"chose_seed":false,"campfire_upgraded":6,"win_rate":0,"timestamp":1555994576,"path_taken":["M","?","?","M","?","R","E","M","T","?","M","?","?","E","R","BOSS","M","M","?","?","$","R","?","?","T","?","$","R","?","M","R","BOSS","M","?","?","$","?","R","E","R","T","?","M","?","$","?","R","BOSS"],"build_version":"2019-01-23","purchased_purges":5,"victory":true,"max_hp_per_floor":[71,71,71,71,71,71,71,71,71,71,71,71,71,71,71,71,71,76,76,76,76,76,76,76,76,76,76,76,76,76,76,76,76,76,76,76,76,76,76,76,76,76,76,76,76,76,76,76,76,76],"card_choices":[{"not_picked":["White Noise","Compile Driver"],"picked":"Chill","floor":1.0},{"not_picked":["Hologram","Ball Lightning"],"picked":"Sunder","floor":4.0},{"not_picked":["Tempest","Leap","Streamline"],"picked":"SKIP","floor":7.0},{"not_picked":["Force Field","Barrage"],"picked":"Consume","floor":8.0},{"not_picked":["Sweeping Beam","Redo"],"picked":"Recycle","floor":10.0},{"not_picked":["Ball Lightning","Rebound"],"picked":"Conserve Battery","floor":11.0},{"not_picked":["Turbo","Redo"],"picked":"Defragment","floor":13.0},{"not_picked":["Fission","Leap","Fusion"],"picked":"SKIP","floor":14.0},{"not_picked":["Core Surge","Rainbow"],"picked":"Biased Cognition","floor":16.0},{"not_picked":["BootSequence","Compile Driver","Steam"],"picked":"SKIP","floor":18.0},{"not_picked":["Stack","Rebound"],"picked":"Undo","floor":19.0},{"not_picked":["Undo","Heatsinks"],"picked":"Cold Snap","floor":25.0},{"not_picked":["Rebound","Streamline"],"picked":"Blizzard","floor":31.0},{"not_picked":["Biased Cognition","Rainbow"],"picked":"Reboot","floor":33.0},{"not_picked":["Beam Cell","Ball Lightning"],"picked":"Hologram","floor":35.0},{"not_picked":["Turbo","Leap","Blizzard"],"picked":"SKIP","floor":37.0},{"not_picked":["Auto Shields","Steam Power"],"picked":"Cold Snap","floor":41.0},{"not_picked":["Aggregate","Static Discharge","Self Repair+1"],"picked":"SKIP","floor":45},{"not_picked":["Turbo","Sweeping Beam"],"picked":"Streamline+1","floor":48}],"player_experience":276430,"relics_obtained":[{"floor":7.0,"key":"Cables"},{"floor":9.0,"key":"Pantograph"},{"floor":14.0,"key":"Sundial"},{"floor":20.0,"key":"Red Mask"},{"floor":21.0,"key":"Whetstone"},{"floor":26.0,"key":"Bronze Scales"},{"floor":41.0,"key":"Smiling Mask"},{"floor":43.0,"key":"Kunai"},{"floor":46,"key":"Bird Faced Urn"},{"floor":48,"key":"Thread and Needle"}],"event_choices":[{"damage_healed":0.0,"max_hp_gain":0.0,"max_hp_loss":0.0,"gold_gain":0.0,"event_name":"Shining Light","player_choice":"Entered Light","floor":2.0,"gold_loss":0.0,"damage_taken":21.0,"cards_upgraded":["Strike_B","Chill"]},{"damage_healed":0.0,"max_hp_gain":0.0,"max_hp_loss":0.0,"gold_gain":0.0,"event_name":"Golden Idol","player_choice":"Take Wound","floor":3.0,"gold_loss":0.0,"damage_taken":0.0,"relics_obtained":["Golden Idol"],"cards_obtained":["Injury"]},{"damage_healed":0.0,"max_hp_gain":0.0,"max_hp_loss":0.0,"gold_gain":0.0,"event_name":"Masked Bandits","player_choice":"Fought Bandits","floor":20.0,"gold_loss":0.0,"damage_taken":0.0},{"damage_healed":0.0,"max_hp_gain":0.0,"max_hp_loss":0.0,"gold_gain":275.0,"event_name":"Golden Shrine","player_choice":"Desecrate","floor":24.0,"gold_loss":0.0,"damage_taken":0.0,"cards_obtained":["Regret"]},{"cards_removed":["Regret"],"damage_healed":0.0,"max_hp_gain":0.0,"max_hp_loss":0.0,"gold_gain":0.0,"event_name":"Back to Basics","player_choice":"Elegance","floor":27.0,"gold_loss":0.0,"damage_taken":0.0},{"damage_healed":0.0,"max_hp_gain":0.0,"max_hp_loss":0.0,"gold_gain":0.0,"event_name":"Ghosts","player_choice":"Ignored","floor":30.0,"gold_loss":0.0,"damage_taken":0.0},{"cards_removed":["Strike_B"],"damage_healed":0.0,"max_hp_gain":0.0,"max_hp_loss":0.0,"gold_gain":0.0,"event_name":"Purifier","player_choice":"Purged","floor":36.0,"gold_loss":0.0,"damage_taken":0.0},{"damage_healed":0.0,"max_hp_gain":0.0,"max_hp_loss":0.0,"gold_gain":333.0,"event_name":"The Moai Head","player_choice":"Gave Idol","floor":39.0,"relics_lost":["Golden Idol"],"gold_loss":0.0,"damage_taken":0.0},{"damage_healed":0.0,"max_hp_gain":0.0,"max_hp_loss":0.0,"gold_gain":222.0,"event_name":"Tomb of Lord Red Mask","player_choice":"Wore Mask","floor":44.0,"gold_loss":0.0,"damage_taken":0.0},{"damage_healed":0,"gold_gain":0,"player_choice":"Fight","damage_taken":0,"max_hp_gain":0,"max_hp_loss":0,"event_name":"MindBloom","floor":46,"gold_loss":0},{"damage_healed":0,"gold_gain":0,"player_choice":"Fight","damage_taken":0,"max_hp_gain":0,"max_hp_loss":0,"event_name":"Mysterious Sphere","floor":48,"gold_loss":0}],"is_beta":false,"boss_relics":[{"not_picked":["Eternal Feather","Nuclear Battery"],"picked":"Snecko Eye"},{"not_picked":["Black Star","Busted Crown"],"picked":"Inserter"}],"items_purged_floors":[5,12,22,28,47],"is_endless":false,"potions_floor_spawned":[1,7,13,16,18,25,41,48],"ascension_level":15}