{"gold_per_floor":[111,111,36,36,36,36,54,82,82,95,109,119,119,152,152,251,251,270,270,92,80,80,80,91,126,126,144,144,169,169,169,169,269,269,289,289,289,299,315,315,349,349,418,299,311,311,330,346,346,346,346,346,29,57,57],"floor_reached":55,"playtime":2514,"items_purged":["Regret","Strike_B","Dualcast","Zap"],"score":861,"play_id":"e0bb8caf-2867-4522-b1f7-adb84530a584","local_time":"20190508194120","is_ascension_mode":true,"campfire_choices":[{"data":"Streamline","floor":6.0,"key":"SMITH"},{"data":"Fission","floor":15,"key":"SMITH"},{"data":"Creative AI","floor":23,"key":"SMITH"},{"data":"Skim","floor":28,"key":"SMITH"},{"data":"Darkness","floor":30,"key":"SMITH"},{"floor":32,"key":"REST"},{"floor":40,"key":"REST"},{"floor":42,"key":"REST"},{"floor":46,"key":"RECALL"},{"floor":49,"key":"REST"},{"data":"Fission","floor":52,"key":"SMITH"}],"neow_cost":"NONE","seed_source_timestamp":0,"circlet_count":0,"master_deck":["Defend_B","Defend_B","Defend_B","Defend_B","Streamline+1","Echo Form","Glacier","Ball Lightning","Genetic Algorithm","Fission+1","Creative AI+1","Cold Snap","Chill","Skim+1","Darkness+1","Fission+1","Hologram","Capacitor+1","Storm","White Noise+1","Glacier","Glacier","Storm","Storm+1","Defragment","Hologram"],"special_seed":0,"relics":["Cracked Core","NeowsBlessing","Dream Catcher","Du-Vu Doll","Anchor","Pear","Philosopher\u0027s Stone","Prayer Wheel","Symbiotic Virus","Bottled Tornado","Dead Branch","Black Star","Smiling Mask","Gremlin Horn","Mummified Hand","OrangePellets","Vajra","Centennial Puzzle"],"potions_floor_usage":[25,55,55,55],"damage_taken":[{"damage":0.0,"enemies":"Jaw Worm","floor":1.0,"turns":1.0},{"damage":0.0,"enemies":"Small Slimes","floor":7.0,"turns":1.0},{"damage":0.0,"enemies":"Gremlin Nob","floor":8.0,"turns":1.0},{"damage":0.0,"enemies":"Cultist","floor":10.0,"turns":3.0},{"damage":0.0,"enemies":"Large Slime","floor":11.0,"turns":4.0},{"damage":0.0,"enemies":"Looter","floor":12.0,"turns":4.0},{"damage":4.0,"enemies":"Lagavulin","floor":14.0,"turns":5.0},{"damage":4,"enemies":"Slime Boss","floor":16,"turns":9},{"damage":0,"enemies":"Chosen","floor":18,"turns":4},{"damage":4,"enemies":"2 Thieves","floor":21,"turns":4},{"damage":16,"enemies":"Snake Plant","floor":24,"turns":5},{"damage":6,"enemies":"Book of Stabbing","floor":25,"turns":7},{"damage":0,"enemies":"Chosen and Byrds","floor":27,"turns":5},{"damage":22,"enemies":"Gremlin Leader","floor":29,"turns":8},{"damage":29,"enemies":"Automaton","floor":33,"turns":9},{"damage":27,"enemies":"3 Darklings","floor":35,"turns":8},{"damage":0,"enemies":"3 Shapes","floor":38,"turns":4},{"damage":19,"enemies":"Maw","floor":39,"turns":8},{"damage":34,"enemies":"Reptomancer","floor":41,"turns":7},{"damage":0,"enemies":"Spire Growth","floor":45,"turns":4},{"damage":0,"enemies":"4 Shapes","floor":47,"turns":2},{"damage":0,"enemies":"Maw","floor":48,"turns":5},{"damage":0,"enemies":"Donu and Deca","floor":50,"turns":5},{"damage":0,"enemies":"Shield and Spear","floor":54,"turns":3},{"damage":87,"enemies":"The Heart","floor":55,"turns":5}],"seed_played":"-2003483352452343312","potions_obtained":[{"floor":8.0,"key":"Regen Potion"},{"floor":12.0,"key":"Strength Potion"},{"floor":14.0,"key":"FocusPotion"},{"floor":25,"key":"Swift Potion"},{"floor":38,"key":"LiquidBronze"}],"is_trial":false,"path_per_floor":["M","?","$","?","?","R","M","E","T","M","M","M","?","E","R","B",null,"M","?","$","M","T","R","M","E","T","M","R","E","R","T","R","B",null,"M","?","?","M","M","R","E","R","T","$","M","R","M","M","R","B",null,"R","$","E","B"],"character_chosen":"DEFECT","items_purchased":["FocusPotion","Storm","OrangePellets","Defragment"],"campfire_rested":4,"item_purchase_floors":[20,44,53,53],"current_hp_per_floor":[75,75,75,75,75,75,75,75,75,75,75,75,75,81,81,77,85,85,85,85,81,81,81,65,59,59,59,59,37,37,37,62,33,85,58,58,58,58,39,64,30,55,55,55,55,55,55,55,80,80,85,85,85,85,0],"gold":57,"neow_bonus":"THREE_ENEMY_KILL","is_prod":false,"is_daily":false,"chose_seed":false,"campfire_upgraded":6,"win_rate":0,"timestamp":1557358880,"path_taken":["M","?","$","?","?","R","M","E","T","?","M","M","?","E","R","BOSS","M","?","?","M","?","R","M","E","T","M","R","E","R","?","R","BOSS","M","?","?","M","M","R","E","R","T","?","M","R","M","M","R","BOSS","R","$","E","BOSS"],"build_version":"2019-05-07","purchased_purges":4,"victory":false,"max_hp_per_floor":[75,75,75,75,75,75,75,75,75,75,75,75,75,85,85,85,85,85,85,85,85,85,85,85,85,85,85,85,85,85,85,85,85,85,85,85,85,85,85,85,85,85,85,85,85,85,85,85,85,85,85,85,85,85,85],"card_choices":[{"not_picked":["Redo","Double Energy"],"picked":"Streamline","floor":1.0},{"not_picked":["Rebound","Beam Cell","Static Discharge"],"picked":"SKIP","floor":7.0},{"not_picked":["Redo","Coolheaded"],"picked":"Glacier","floor":8.0},{"not_picked":["Steam Power","Darkness"],"picked":"Ball Lightning","floor":10.0},{"not_picked":["Glacier","Loop"],"picked":"Genetic Algorithm","floor":11.0},{"not_picked":["White Noise","Auto Shields","Lockon"],"picked":"SKIP","floor":12.0},{"not_picked":["Undo","Stack"],"picked":"Fission","floor":14.0},{"not_picked":["Core Surge","Electrodynamics"],"picked":"Creative AI","floor":16},{"not_picked":["Ball Lightning","Streamline","Go for the Eyes"],"picked":"SKIP","floor":18},{"not_picked":["Consume","Go for the Eyes","Auto Shields"],"picked":"SKIP","floor":21},{"not_picked":["White Noise","Double Energy","BootSequence"],"picked":"SKIP","floor":24},{"not_picked":["Turbo","Auto Shields"],"picked":"Chill","floor":25},{"not_picked":["Go for the Eyes+1","Leap"],"picked":"Skim","floor":27},{"not_picked":["Beam Cell","Rebound","Stack"],"picked":"SKIP","floor":27},{"not_picked":["Barrage","Skim"],"picked":"Darkness","floor":29},{"not_picked":["Hyperbeam","Core Surge"],"picked":"Fission","floor":33},{"not_picked":["Ball Lightning","Go for the Eyes"],"picked":"Hologram","floor":35},{"not_picked":["Streamline+1","Rebound","Redo"],"picked":"SKIP","floor":35},{"not_picked":["Genetic Algorithm+1","Self Repair","Stack"],"picked":"SKIP","floor":38},{"not_picked":["Stack+1","Turbo","Cold Snap+1"],"picked":"SKIP","floor":38},{"not_picked":["Beam Cell+1","Steam","Cold Snap+1"],"picked":"SKIP","floor":39},{"not_picked":["Sweeping Beam+1","Rebound","All For One"],"picked":"SKIP","floor":39},{"not_picked":["Beam Cell","Loop"],"picked":"Capacitor+1","floor":40},{"not_picked":["Tempest+1","Auto Shields","Double Energy"],"picked":"SKIP","floor":41},{"not_picked":["Reprogram","Coolheaded"],"picked":"White Noise+1","floor":45},{"not_picked":["Aggregate","Conserve Battery","Leap"],"picked":"SKIP","floor":45},{"not_picked":["Conserve Battery","Redo"],"picked":"Glacier","floor":47},{"not_picked":["Scrape+1","Stack"],"picked":"Glacier","floor":47},{"not_picked":["Go for the Eyes","Barrage"],"picked":"Storm","floor":48},{"not_picked":["Redo","Steam+1","Go for the Eyes"],"picked":"SKIP","floor":48},{"not_picked":["Go for the Eyes+1","Cold Snap+1"],"picked":"Storm+1","floor":49},{"not_picked":["Hello World+1","All For One"],"picked":"Hologram","floor":54}],"player_experience":1398027,"relics_obtained":[{"floor":8.0,"key":"Du-Vu Doll"},{"floor":9.0,"key":"Anchor"},{"floor":14.0,"key":"Pear"},{"floor":25,"key":"Prayer Wheel"},{"floor":26,"key":"Symbiotic Virus"},{"floor":29,"key":"Bottled Tornado"},{"floor":31,"key":"Dead Branch"},{"floor":41,"key":"Smiling Mask"},{"floor":41,"key":"Gremlin Horn"},{"floor":43,"key":"Mummified Hand"},{"floor":54,"key":"Vajra"},{"floor":54,"key":"Centennial Puzzle"}],"event_choices":[{"damage_healed":0.0,"max_hp_gain":0.0,"max_hp_loss":0.0,"gold_gain":0.0,"event_name":"Big Fish","player_choice":"Box","floor":2.0,"gold_loss":0.0,"damage_taken":0.0,"relics_obtained":["Dream Catcher"],"cards_obtained":["Regret"]},{"damage_healed":0.0,"max_hp_gain":0.0,"max_hp_loss":0.0,"gold_gain":0.0,"event_name":"The Cleric","player_choice":"Leave","floor":4.0,"gold_loss":0.0,"damage_taken":0.0},{"damage_healed":0.0,"max_hp_gain":0.0,"max_hp_loss":0.0,"gold_gain":0.0,"event_name":"Match and Keep!","player_choice":"1 cards matched","floor":5.0,"gold_loss":0.0,"damage_taken":0.0,"cards_obtained":["Echo Form"]},{"cards_removed":["Strike_B"],"damage_healed":0.0,"max_hp_gain":0.0,"max_hp_loss":0.0,"gold_gain":0.0,"event_name":"Living Wall","player_choice":"Forget","floor":13.0,"gold_loss":0.0,"damage_taken":0.0},{"damage_healed":0,"gold_gain":0,"cards_transformed":["Strike_B"],"player_choice":"Transformed","damage_taken":0,"max_hp_gain":0,"max_hp_loss":0,"event_name":"Transmorgrifier","floor":19,"gold_loss":0,"cards_obtained":["Cold Snap"]},{"cards_removed":["Strike_B"],"damage_healed":0,"gold_gain":0,"player_choice":"Removed Attack","damage_taken":0,"max_hp_gain":0,"max_hp_loss":0,"event_name":"Falling","floor":36,"gold_loss":0},{"damage_healed":0,"gold_gain":0,"player_choice":"Ignored","damage_taken":0,"max_hp_gain":0,"max_hp_loss":0,"event_name":"Mysterious Sphere","floor":37,"gold_loss":0}],"is_beta":true,"boss_relics":[{"not_picked":["Runic Pyramid","Astrolabe"],"picked":"Philosopher\u0027s Stone"},{"not_picked":["Tiny House","Eternal Feather"],"picked":"Black Star"}],"items_purged_floors":[3,20,44,53],"is_endless":false,"potions_floor_spawned":[8,12,14,24,25,27,33,38,39,47,48,54],"killed_by":"The Heart","ascension_level":1}