{"gold_per_floor":[110,110,110,110,130,144,170,194,194,215,234,257,146,186,186,305,305,324,449,449,88,102,102,102,102,102,102,125,40,84,100,100,221,221,244,257,6,26,45,45,80,98,98,98,98,98],"floor_reached":47,"playtime":4021,"items_purged":[],"score":652,"play_id":"9fcf0ed6-15d9-44a0-a75f-07a12b339e84","local_time":"20181022173623","is_ascension_mode":false,"campfire_choices":[{"data":"Darkness","floor":15,"key":"SMITH"},{"floor":23,"key":"REST"},{"data":"Defragment","floor":25,"key":"SMITH"},{"data":"Defragment","floor":27,"key":"SMITH"},{"data":"Echo Form","floor":32,"key":"SMITH"},{"data":"Seek","floor":40,"key":"SMITH"}],"neow_cost":"NONE","seed_source_timestamp":511200296867772,"circlet_count":0,"master_deck":["Strike_B","Strike_B","Strike_B","Strike_B","Defend_B","Defend_B","Defend_B","Defend_B","Zap+1","Dualcast","Reprogram","Glacier","Leap","Coolheaded","Self Repair","Redo","Darkness+1","Seek+1","Defragment+1","White Noise","Echo Form+1","Multi-Cast","Melter","Stack","Defragment+1","Hologram","Cold Snap+1","Stack+1","Creative AI+1","Compile Driver+1","Amplify","Steam Power+1","Defragment+1","Undo+1","Glacier+1","Echo Form+1","Madness","Madness"],"relics":["Cracked Core","Golden Idol","Odd Mushroom","Oddly Smooth Stone","Letter Opener","Busted Crown","Gambling Chip","Ornamental Fan","Bird Faced Urn","Question Card","Frozen Egg 2","Incense Burner","Juzu Bracelet","Lizard Tail","Bottled Lightning","Mummified Hand","Mercury Hourglass"],"potions_floor_usage":[14,19,19,19,30,41,41,42,46,46,46,46],"damage_taken":[{"damage":0,"enemies":"2 Louse","floor":1,"turns":2},{"damage":3,"enemies":"Jaw Worm","floor":5,"turns":3},{"damage":3,"enemies":"Small Slimes","floor":6,"turns":4},{"damage":13,"enemies":"The Mushroom Lair","floor":7,"turns":6},{"damage":5,"enemies":"Exordium Thugs","floor":8,"turns":7},{"damage":6,"enemies":"3 Louse","floor":10,"turns":5},{"damage":1,"enemies":"2 Fungi Beasts","floor":11,"turns":6},{"damage":1,"enemies":"Blue Slaver","floor":12,"turns":3},{"damage":4,"enemies":"3 Sentries","floor":14,"turns":9},{"damage":13,"enemies":"Slime Boss","floor":16,"turns":6},{"damage":4,"enemies":"Chosen","floor":18,"turns":5},{"damage":20,"enemies":"Colosseum Slavers","floor":19,"turns":4},{"damage":54,"enemies":"Colosseum Nobs","floor":19,"turns":4},{"damage":13,"enemies":"3 Byrds","floor":22,"turns":5},{"damage":20,"enemies":"Centurion and Healer","floor":28,"turns":8},{"damage":4,"enemies":"Book of Stabbing","floor":30,"turns":4},{"damage":8,"enemies":"Cultist and Chosen","floor":31,"turns":7},{"damage":20,"enemies":"Automaton","floor":33,"turns":6},{"damage":5,"enemies":"3 Shapes","floor":35,"turns":7},{"damage":15,"enemies":"Orb Walker","floor":36,"turns":4},{"damage":1,"enemies":"Jaw Worm Horde","floor":38,"turns":5},{"damage":0,"enemies":"4 Shapes","floor":39,"turns":6},{"damage":10,"enemies":"Reptomancer","floor":41,"turns":4},{"damage":16,"enemies":"Maw","floor":42,"turns":6},{"damage":25,"enemies":"Donu and Deca","floor":46,"turns":8}],"seed_played":"-588020629980939821","potions_obtained":[{"floor":7,"key":"SkillPotion"},{"floor":11,"key":"PowerPotion"},{"floor":12,"key":"Block Potion"},{"floor":16,"key":"LiquidBronze"},{"floor":22,"key":"SpeedPotion"},{"floor":28,"key":"Fire Potion"},{"floor":30,"key":"PowerPotion"},{"floor":39,"key":"Swift Potion"},{"floor":41,"key":"EntropicBrew"},{"floor":42,"key":"LiquidBronze"}],"is_trial":false,"path_per_floor":["M","?","?","?","M","M","?","M","T","M","M","M","$","E","R","B",null,"M","?","?","$","M","R","?","R","T","R","M","?","E","M","R","B",null,"M","M","$","M","M","R","E","M","T","?","?","B"],"character_chosen":"DEFECT","items_purchased":["Defragment","White Noise","Question Card","Defragment","Hologram","Bottled Lightning"],"campfire_rested":1,"item_purchase_floors":[13,13,21,21,21,37],"current_hp_per_floor":[75,75,80,60,57,54,41,36,36,37,43,49,49,52,52,39,80,80,27,27,27,29,53,53,53,53,53,48,48,55,80,80,60,80,80,65,65,80,80,80,80,68,68,58,58,80],"gold":98,"neow_bonus":"UPGRADE_CARD","is_prod":false,"is_daily":false,"chose_seed":false,"campfire_upgraded":5,"win_rate":0,"timestamp":1540244183,"path_taken":["M","?","?","?","M","M","?","?","T","M","M","M","$","E","R","BOSS","M","?","?","$","M","R","?","R","T","R","M","?","E","M","R","BOSS","M","M","$","M","M","R","E","M","T","?","?","BOSS"],"build_version":"2018-10-18","purchased_purges":0,"victory":true,"max_hp_per_floor":[75,75,80,80,80,80,80,80,80,80,80,80,80,80,80,80,80,80,80,80,80,80,80,80,80,80,80,80,80,80,80,80,80,80,80,80,80,80,80,80,80,80,80,80,80,80],"card_choices":[{"not_picked":["Barrage","Gash"],"picked":"Reprogram","floor":1},{"not_picked":["Coolheaded","Steam"],"picked":"Glacier","floor":5},{"not_picked":["Steam Power","Barrage"],"picked":"Leap","floor":6},{"not_picked":["Conserve Battery","Leap"],"picked":"Coolheaded","floor":7},{"not_picked":["Fusion","BootSequence"],"picked":"Self Repair","floor":8},{"not_picked":["Streamline","Stack"],"picked":"Redo","floor":10},{"not_picked":["Hologram","Leap"],"picked":"Darkness","floor":11},{"not_picked":["Compile Driver","Skim"],"picked":"Seek","floor":12},{"not_picked":["Hello World","Leap"],"picked":"Echo Form","floor":14},{"not_picked":["Meteor Strike","Fission"],"picked":"Multi-Cast","floor":16},{"not_picked":[],"picked":"Melter","floor":18},{"not_picked":[],"picked":"Stack","floor":19},{"not_picked":["Steam"],"picked":"Cold Snap+1","floor":22},{"not_picked":["Leap"],"picked":"Stack+1","floor":28},{"not_picked":["Conserve Battery"],"picked":"Creative AI+1","floor":30},{"not_picked":["Go for the Eyes"],"picked":"Compile Driver+1","floor":31},{"not_picked":["Thunder Strike"],"picked":"Amplify","floor":33},{"not_picked":["Stack+1"],"picked":"Steam Power+1","floor":35},{"not_picked":["Conserve Battery+1"],"picked":"Defragment+1","floor":36},{"not_picked":["Streamline","Sunder+1"],"picked":"SKIP","floor":38},{"not_picked":["Sweeping Beam"],"picked":"Undo+1","floor":39},{"not_picked":["Undo+1"],"picked":"Glacier+1","floor":41},{"not_picked":["Steam+1"],"picked":"Echo Form+1","floor":42}],"player_experience":163620,"relics_obtained":[{"floor":7,"key":"Odd Mushroom"},{"floor":9,"key":"Oddly Smooth Stone"},{"floor":14,"key":"Letter Opener"},{"floor":19,"key":"Gambling Chip"},{"floor":19,"key":"Ornamental Fan"},{"floor":26,"key":"Frozen Egg 2"},{"floor":30,"key":"Juzu Bracelet"},{"floor":41,"key":"Mummified Hand"},{"floor":43,"key":"Mercury Hourglass"}],"event_choices":[{"damage_healed":0,"gold_gain":0,"player_choice":"Ignored","damage_taken":0,"max_hp_gain":0,"max_hp_loss":0,"event_name":"Golden Wing","floor":2,"gold_loss":0},{"damage_healed":0,"gold_gain":0,"player_choice":"Donut","damage_taken":0,"max_hp_gain":5,"max_hp_loss":0,"event_name":"Big Fish","floor":3,"gold_loss":0},{"damage_healed":0,"gold_gain":0,"player_choice":"Take Damage","damage_taken":20,"relics_obtained":["Golden Idol"],"max_hp_gain":0,"max_hp_loss":0,"event_name":"Golden Idol","floor":4,"gold_loss":0},{"damage_healed":0,"gold_gain":0,"player_choice":"Fought Mushrooms","damage_taken":0,"max_hp_gain":0,"max_hp_loss":0,"event_name":"Mushrooms","floor":7,"gold_loss":0},{"damage_healed":0,"gold_gain":0,"player_choice":"Fight","damage_taken":0,"max_hp_gain":0,"max_hp_loss":0,"event_name":"Colosseum","floor":19,"gold_loss":0},{"damage_healed":0,"gold_gain":0,"player_choice":"Fought Nobs","damage_taken":0,"max_hp_gain":0,"max_hp_loss":0,"event_name":"Colosseum","floor":19,"gold_loss":0},{"damage_healed":0,"gold_gain":0,"player_choice":"Opened","damage_taken":0,"relics_obtained":["Bird Faced Urn"],"max_hp_gain":0,"max_hp_loss":0,"event_name":"The Mausoleum","floor":20,"gold_loss":0},{"damage_healed":0,"gold_gain":0,"player_choice":"Ignored","damage_taken":0,"max_hp_gain":0,"max_hp_loss":0,"event_name":"Vampires","floor":24,"gold_loss":0},{"damage_healed":0,"gold_gain":0,"player_choice":"Obtained Relic","damage_taken":0,"relics_obtained":["Incense Burner"],"max_hp_gain":0,"max_hp_loss":0,"event_name":"Addict","floor":29,"gold_loss":85},{"damage_healed":0,"gold_gain":0,"player_choice":"Embrace Madness","damage_taken":10,"max_hp_gain":0,"max_hp_loss":0,"event_name":"Winding Halls","floor":44,"gold_loss":0,"cards_obtained":["Madness","Madness"]},{"damage_healed":0,"gold_gain":0,"player_choice":"Took Portal","damage_taken":0,"max_hp_gain":0,"max_hp_loss":0,"event_name":"SecretPortal","floor":45,"gold_loss":0}],"is_beta":false,"boss_relics":[{"not_picked":["Sozu","Eternal Feather"],"picked":"Busted Crown"},{"not_picked":["Nuclear Battery","Astrolabe"],"picked":"Lizard Tail"}],"items_purged_floors":[],"is_endless":false,"potions_floor_spawned":[7,11,12,16,22,28,30,39,41,42],"ascension_level":0}