{"path_per_floor":["M","M","?","?","?","R","$","?","T","M","M","T","$","?","R","B",null,"M","?","$","M","M","R","E","R","T","?","M"],"character_chosen":"THE_SILENT","items_purchased":["Deadly Poison","Quick Slash","Apotheosis"],"gold_per_floor":[111,130,130,305,305,305,156,156,156,171,186,209,2,26,26,130,130,142,142,42,57,76,76,103,103,158,83,98],"floor_reached":29,"campfire_rested":3,"playtime":1803,"current_hp_per_floor":[67,67,60,60,70,70,70,56,56,48,41,41,41,28,49,30,70,66,66,66,40,18,47,3,32,32,32,8],"items_purged":["Strike_G","Strike_G"],"gold":98,"play_id":"805588f7-2cd2-45fd-b5d0-e36aafcc510a","is_prod":false,"is_daily":false,"is_ascension_mode":false,"campfire_upgraded":1,"path_taken":["M","M","?","?","?","R","$","?","T","?","M","?","?","?","R","BOSS","M","?","$","?","M","R","E","R","T","?","M","E"],"build_version":"2018-02-02-BETA1","purchased_purges":2,"victory":false,"master_deck":["Defend_G","Defend_G","Defend_G+1","Strike_G+1","Strike_G","Strike_G","Survivor","Neutralize","Poisoned Stab+1","Crippling Poison","Doubt","Deadly Poison","Quick Slash","Bane","Poisoned Stab","Apotheosis","Adrenaline","Backstab","Poisoned Stab","Noxious Fumes","Deadly Poison"],"max_hp_per_floor":[70,70,70,70,70,70,70,70,70,70,70,70,70,70,70,70,70,70,70,70,70,70,70,70,70,70,70,70],"relics":["Philosopher\u0027s Stone","Tingsha","Orichalcum","Odd Mushroom","Eternal Feather","Pen Nib","Tiny Chest"],"card_choices":[{"not_picked":["Slice","Infinite Blades"],"picked":"Poisoned Stab"},{"not_picked":["Backflip","Slice"],"picked":"Crippling Poison"},{"not_picked":["Expertise","Riddle With Holes"],"picked":"Bane"},{"not_picked":["Dagger Throw","Outmaneuver"],"picked":"Poisoned Stab"},{"not_picked":["Unload","Venomology"],"picked":"Adrenaline"},{"not_picked":["Dagger Throw","Heel Hook"],"picked":"Backstab"},{"not_picked":["Dagger Spray","Eviscerate"],"picked":"Noxious Fumes"},{"not_picked":["Sucker Punch","Acrobatics"],"picked":"Deadly Poison"}],"player_experience":28600,"potions_floor_usage":[24,29,29],"damage_taken":[{"damage":3.0,"enemies":"2 Louse","floor":1.0,"turns":3.0},{"damage":0.0,"enemies":"Cultist","floor":2.0,"turns":4.0},{"damage":8.0,"enemies":"Small Slimes","floor":10.0,"turns":3.0},{"damage":7.0,"enemies":"2 Fungi Beasts","floor":11.0,"turns":3.0},{"damage":13.0,"enemies":"The Mushroom Lair","floor":14.0,"turns":4.0},{"damage":19.0,"enemies":"Hexaghost","floor":16.0,"turns":7.0},{"damage":4.0,"enemies":"Spheric Guardian","floor":18.0,"turns":3.0},{"damage":26.0,"enemies":"2 Thieves","floor":21.0,"turns":4.0},{"damage":22,"enemies":"Centurion and Healer","floor":22,"turns":7},{"damage":44,"enemies":"Book of Stabbing","floor":24,"turns":6},{"damage":24,"enemies":"Cultist and Chosen","floor":28,"turns":5},{"damage":16,"enemies":"Gremlin Leader","floor":29,"turns":4}],"event_choices":[{"event_name":"Golden Wing","player_choice":"Card Removal","floor":3.0,"damage_taken":0.0},{"event_name":"Liars Game","player_choice":"agreed","floor":4.0,"damage_taken":0.0},{"event_name":"Big Fish","player_choice":"Banana","floor":5.0,"damage_taken":0.0},{"event_name":"Shining Light","player_choice":"Entered Light","floor":8.0,"damage_taken":0.0},{"event_name":"Mushrooms","player_choice":"Fought Mushrooms","floor":14.0,"damage_taken":0.0},{"event_name":"The Library","player_choice":"Read","floor":19.0,"damage_taken":0.0},{"event_name":"Beggar","player_choice":"Gave Gold","floor":27,"damage_taken":0}],"boss_relics":[],"potions_floor_spawned":[10,16,22,28],"seed_played":"-3201987816108766317","killed_by":"Gremlin Leader","ascension_level":0,"is_trial":false}