{"gold_per_floor":[111,127,28,45,56,56,10,10,59,59,76,95,95,22,22,122,122,137,137,137,137,154,183,183,203,203,215,230,230],"floor_reached":29,"playtime":1258,"items_purged":["Strike_B"],"score":237,"play_id":"ea1095f1-9fcc-412d-afe6-b9f20bd2bbd7","local_time":"20190507113311","is_ascension_mode":false,"campfire_choices":[{"floor":6,"key":"REST"},{"data":"Creative AI","floor":8,"key":"SMITH"},{"data":"Consume","floor":13,"key":"SMITH"},{"floor":15,"key":"REST"},{"floor":24,"key":"REST"}],"neow_cost":"NONE","seed_source_timestamp":92639742725712,"circlet_count":0,"master_deck":["Strike_B","Strike_B","Defend_B","Defend_B+1","Defend_B+1","Defend_B","Zap","Dualcast","Creative AI+1","Cold Snap","Static Discharge","Steam","Capacitor","Ball Lightning","Conserve Battery","Leap","Undo","Consume+1","Capacitor","Electrodynamics","Self Repair","Loop","Hologram+1","Coolheaded","Hologram","Barrage+1"],"relics":["Cracked Core","Philosopher\u0027s Stone","Nilry\u0027s Codex","War Paint","Happy Flower","Ancient Tea Set","Bottled Tornado"],"potions_floor_usage":[23,25,28],"damage_taken":[{"damage":5,"enemies":"Cultist","floor":1,"turns":4},{"damage":4,"enemies":"Jaw Worm","floor":2,"turns":6},{"damage":6,"enemies":"2 Louse","floor":4,"turns":3},{"damage":13,"enemies":"Exordium Wildlife","floor":5,"turns":4},{"damage":8,"enemies":"Blue Slaver","floor":11,"turns":4},{"damage":13,"enemies":"Lots of Slimes","floor":12,"turns":4},{"damage":28,"enemies":"Slime Boss","floor":16,"turns":9},{"damage":13,"enemies":"Chosen","floor":18,"turns":4},{"damage":14,"enemies":"Shell Parasite","floor":22,"turns":6},{"damage":15,"enemies":"Gremlin Leader","floor":23,"turns":4},{"damage":11,"enemies":"Sentry and Sphere","floor":25,"turns":5},{"damage":11,"enemies":"Centurion and Healer","floor":27,"turns":6},{"damage":36,"enemies":"3 Cultists","floor":28,"turns":4},{"damage":36,"enemies":"Cultist and Chosen","floor":29,"turns":4}],"seed_played":"7712646337935601079","potions_obtained":[{"floor":2,"key":"PowerPotion"},{"floor":4,"key":"Dexterity Potion"},{"floor":12,"key":"SneckoOil"},{"floor":18,"key":"LiquidBronze"},{"floor":23,"key":"AttackPotion"},{"floor":27,"key":"Weak Potion"}],"is_trial":false,"path_per_floor":["M","M","$","M","M","R","$","R","T","?","M","M","R","$","R","B",null,"M","?","T","?","M","E","R","M","T","M","M","M"],"character_chosen":"DEFECT","items_purchased":["Steam","Conserve Battery","Capacitor"],"campfire_rested":3,"item_purchase_floors":[3,7,14],"current_hp_per_floor":[70,66,66,60,47,69,69,69,69,69,61,48,48,48,70,42,75,62,46,46,46,39,31,53,42,42,38,9,0],"gold":230,"neow_bonus":"ONE_RANDOM_RARE_CARD","is_prod":false,"is_daily":false,"chose_seed":false,"campfire_upgraded":2,"win_rate":0,"timestamp":1557243191,"path_taken":["M","?","?","M","M","R","$","R","T","?","?","M","R","$","R","BOSS","M","?","?","?","M","E","R","?","T","M","M","M"],"build_version":"2019-01-23","purchased_purges":1,"victory":false,"max_hp_per_floor":[75,75,75,75,75,75,75,75,75,75,75,75,75,75,75,75,75,75,75,75,75,75,75,75,75,75,75,75,75],"card_choices":[{"not_picked":["Ball Lightning","Melter"],"picked":"Cold Snap","floor":1},{"not_picked":["Aggregate","Coolheaded"],"picked":"Static Discharge","floor":2},{"not_picked":["Compile Driver","Heatsinks"],"picked":"Capacitor","floor":4},{"not_picked":["Hologram","Streamline"],"picked":"Ball Lightning","floor":5},{"not_picked":["Multi-Cast","Leap"],"picked":"Undo","floor":11},{"not_picked":["Beam Cell","Genetic Algorithm"],"picked":"Consume","floor":12},{"not_picked":["Creative AI","Meteor Strike"],"picked":"Electrodynamics","floor":16},{"not_picked":["Barrage","Conserve Battery"],"picked":"Self Repair","floor":18},{"not_picked":["Ball Lightning","Redo"],"picked":"Loop","floor":22},{"not_picked":["Coolheaded+1","Conserve Battery"],"picked":"Hologram+1","floor":23},{"not_picked":["Echo Form","Redo"],"picked":"Coolheaded","floor":25},{"not_picked":["Chill+1","Leap+1"],"picked":"Hologram","floor":27},{"not_picked":["Sweeping Beam","Hello World"],"picked":"Barrage+1","floor":28}],"player_experience":272907,"relics_obtained":[{"floor":19,"key":"Nilry\u0027s Codex"},{"floor":20,"key":"War Paint"},{"floor":23,"key":"Ancient Tea Set"},{"floor":26,"key":"Bottled Tornado"}],"event_choices":[{"damage_healed":0,"gold_gain":0,"cards_transformed":["Strike_B"],"player_choice":"Transformed","damage_taken":0,"max_hp_gain":0,"max_hp_loss":0,"event_name":"Transmorgrifier","floor":10,"gold_loss":0,"cards_obtained":["Leap"]},{"damage_healed":0,"gold_gain":0,"player_choice":"Obtained Book","damage_taken":16,"max_hp_gain":0,"max_hp_loss":0,"event_name":"Cursed Tome","floor":19,"gold_loss":0},{"damage_healed":0,"gold_gain":0,"player_choice":"Gave Potion","damage_taken":0,"relics_obtained":["Happy Flower"],"max_hp_gain":0,"max_hp_loss":0,"event_name":"WeMeetAgain","floor":21,"gold_loss":0}],"is_beta":false,"boss_relics":[{"not_picked":["Runic Dome","Fusion Hammer"],"picked":"Philosopher\u0027s Stone"}],"items_purged_floors":[3],"is_endless":false,"potions_floor_spawned":[2,4,12,18,23,27],"killed_by":"Cultist and Chosen","ascension_level":0}