{"gold_per_floor":[115,31,44,10,63,92,92,92,118,118,43,63,93,113,113,215,215,226,242,255,355,355,355,382,399,481,497,497,507,507,535,535,633,633,653,653,672,689,708,735,747,324,394,414,433,433,433,433,433,433],"floor_reached":51,"playtime":4189,"items_purged":["Defend_G","Writhe"],"score":694,"play_id":"4614ed92-5b1d-4b36-927f-3e353f8f2aa0","local_time":"20190509151655","is_ascension_mode":false,"campfire_choices":[{"data":"Cloak And Dagger","floor":8,"key":"SMITH"},{"data":"Escape Plan","floor":10,"key":"SMITH"},{"floor":15,"key":"REST"},{"data":"Bouncing Flask","floor":23,"key":"SMITH"},{"data":"Adrenaline","floor":30,"key":"SMITH"},{"floor":32,"key":"REST"},{"data":"Noxious Fumes","floor":46,"key":"SMITH"},{"floor":49,"key":"REST"}],"neow_cost":"NONE","seed_source_timestamp":185837491609359,"circlet_count":0,"master_deck":["Defend_G","Defend_G","Defend_G","Defend_G","Strike_G","Strike_G","Survivor","Neutralize+1","Quick Slash+1","Escape Plan+1","Cloak And Dagger+1","Bouncing Flask+1","Deadly Poison","Adrenaline+1","Catalyst+1","Poisoned Stab+1","Acrobatics+1","Escape Plan+1","Dodge and Roll+1","Slice+1","Parasite","Bane+1","Noxious Fumes+1","Burst","Well Laid Plans+1","Catalyst+1","Accuracy","Doubt","Skewer"],"relics":["Ring of the Snake","Vajra","Snake Skull","Orichalcum","Oddly Smooth Stone","Bag of Marbles","Blood Vial","Cursed Key","Dead Branch","Pantograph","Whetstone","Pear","PreservedInsect","Philosopher\u0027s Stone","Toxic Egg 2","Letter Opener","Ornamental Fan"],"potions_floor_usage":[21,40,50],"damage_taken":[{"damage":0,"enemies":"2 Louse","floor":1,"turns":2},{"damage":4,"enemies":"Cultist","floor":3,"turns":3},{"damage":18,"enemies":"3 Sentries","floor":6,"turns":12},{"damage":0,"enemies":"Small Slimes","floor":12,"turns":2},{"damage":0,"enemies":"3 Louse","floor":14,"turns":3},{"damage":23,"enemies":"The Guardian","floor":16,"turns":9},{"damage":4,"enemies":"Shell Parasite","floor":18,"turns":3},{"damage":0,"enemies":"Spheric Guardian","floor":19,"turns":3},{"damage":0,"enemies":"Snecko","floor":20,"turns":2},{"damage":6,"enemies":"Colosseum Slavers","floor":21,"turns":3},{"damage":15,"enemies":"Colosseum Nobs","floor":21,"turns":4},{"damage":22,"enemies":"Slavers","floor":24,"turns":4},{"damage":0,"enemies":"Cultist and Chosen","floor":25,"turns":3},{"damage":4,"enemies":"Centurion and Healer","floor":27,"turns":4},{"damage":3,"enemies":"Chosen and Byrds","floor":29,"turns":3},{"damage":13,"enemies":"Gremlin Leader","floor":31,"turns":3},{"damage":38,"enemies":"Champ","floor":33,"turns":8},{"damage":6,"enemies":"3 Darklings","floor":35,"turns":3},{"damage":1,"enemies":"Orb Walker","floor":37,"turns":2},{"damage":2,"enemies":"Sphere and 2 Shapes","floor":38,"turns":3},{"damage":0,"enemies":"Maw","floor":39,"turns":3},{"damage":4,"enemies":"Reptomancer","floor":40,"turns":3},{"damage":0,"enemies":"Transient","floor":41,"turns":5},{"damage":20,"enemies":"Writhing Mass","floor":44,"turns":3},{"damage":23,"enemies":"Maw","floor":45,"turns":5},{"damage":8,"enemies":"Time Eater","floor":50,"turns":4}],"seed_played":"-1006088303982767702","potions_obtained":[{"floor":12,"key":"Fire Potion"},{"floor":14,"key":"SkillPotion"},{"floor":16,"key":"EssenceOfSteel"},{"floor":25,"key":"PowerPotion"},{"floor":40,"key":"FairyPotion"}],"is_trial":false,"path_per_floor":["M","?","M","$","T","E","?","R","T","R","$","M","?","M","R","B",null,"M","M","M","?","?","R","E","M","T","M","?","M","R","E","R","B",null,"M","?","M","M","M","E","M","$","T","M","M","R","?","?","R","B",null],"character_chosen":"THE_SILENT","items_purchased":["Escape Plan","Accuracy","Letter Opener"],"campfire_rested":3,"item_purchase_floors":[4,42,42],"current_hp_per_floor":[70,70,66,66,66,48,41,41,41,41,41,41,41,43,64,43,70,66,68,70,51,51,51,31,33,43,41,41,40,40,29,53,42,80,74,80,79,78,80,76,78,78,78,60,39,39,39,39,63,72],"gold":433,"neow_bonus":"RANDOM_COMMON_RELIC","is_prod":false,"is_daily":false,"chose_seed":false,"campfire_upgraded":5,"win_rate":0,"timestamp":1557407815,"path_taken":["M","?","?","$","?","E","?","R","T","R","$","M","?","M","R","BOSS","M","M","M","?","?","R","E","?","T","M","?","M","R","E","R","BOSS","M","?","M","M","M","E","M","$","T","M","M","R","?","?","R","BOSS"],"build_version":"2019-05-07","purchased_purges":2,"victory":true,"max_hp_per_floor":[70,70,70,70,70,70,70,70,70,70,70,70,70,70,70,70,70,70,70,70,70,70,70,70,70,80,80,80,80,80,80,80,80,80,80,80,80,80,80,80,80,80,80,80,80,80,80,80,80,80],"card_choices":[{"not_picked":["Dagger Throw","Cloak And Dagger"],"picked":"Quick Slash","floor":1},{"not_picked":["Predator","Heel Hook","Dodge and Roll"],"picked":"SKIP","floor":3},{"not_picked":["Deflect","After Image"],"picked":"Cloak And Dagger","floor":6},{"not_picked":["Bane","Flying Knee"],"picked":"Bouncing Flask","floor":12},{"not_picked":["Underhanded Strike","Concentrate"],"picked":"Deadly Poison","floor":14},{"not_picked":["Malaise","Wraith Form v2"],"picked":"Adrenaline","floor":16},{"not_picked":["Slice+1","Riddle With Holes"],"picked":"Catalyst+1","floor":18},{"not_picked":["Footwork","Underhanded Strike"],"picked":"Poisoned Stab+1","floor":19},{"not_picked":["Well Laid Plans","Deflect"],"picked":"Acrobatics+1","floor":20},{"not_picked":["Deflect","Prepared"],"picked":"Escape Plan+1","floor":21},{"not_picked":["Phantasmal Killer","Caltrops"],"picked":"Dodge and Roll+1","floor":24},{"not_picked":["Quick Slash","Deadly Poison"],"picked":"Slice+1","floor":25},{"not_picked":["Dagger Spray","Sucker Punch+1"],"picked":"Bane+1","floor":27},{"not_picked":["Deadly Poison","Heel Hook"],"picked":"Noxious Fumes","floor":29},{"not_picked":["Masterful Stab","Outmaneuver","Deflect"],"picked":"SKIP","floor":31},{"not_picked":["Tools of the Trade","Storm of Steel"],"picked":"Burst","floor":33},{"not_picked":["PiercingWail","Slice"],"picked":"Well Laid Plans+1","floor":35},{"not_picked":["Setup+1","Concentrate+1","Slice+1"],"picked":"SKIP","floor":37},{"not_picked":["Accuracy","Dagger Throw+1"],"picked":"Catalyst+1","floor":38},{"not_picked":["Blade Dance","Bane+1","Choke"],"picked":"SKIP","floor":39},{"not_picked":["Die Die Die","Escape Plan+1","Flying Knee"],"picked":"SKIP","floor":40},{"not_picked":["Dodge and Roll+1","Flying Knee","Dagger Spray"],"picked":"SKIP","floor":41},{"not_picked":["Concentrate+1","Quick Slash+1"],"picked":"Skewer","floor":44},{"not_picked":["Night Terror+1","Reflex+1","Bane+1"],"picked":"SKIP","floor":45}],"player_experience":345162,"relics_obtained":[{"floor":5,"key":"Orichalcum"},{"floor":6,"key":"Oddly Smooth Stone"},{"floor":9,"key":"Bag of Marbles"},{"floor":21,"key":"Dead Branch"},{"floor":21,"key":"Pantograph"},{"floor":24,"key":"Whetstone"},{"floor":26,"key":"Pear"},{"floor":31,"key":"PreservedInsect"},{"floor":40,"key":"Toxic Egg 2"},{"floor":43,"key":"Ornamental Fan"}],"event_choices":[{"damage_healed":0,"gold_gain":0,"player_choice":"Paid Gold","damage_taken":0,"relics_obtained":["Snake Skull"],"max_hp_gain":0,"max_hp_loss":0,"event_name":"WeMeetAgain","floor":2,"gold_loss":84},{"cards_removed":["Strike_G"],"damage_healed":0,"gold_gain":0,"player_choice":"Card Removal","damage_taken":7,"max_hp_gain":0,"max_hp_loss":0,"event_name":"Golden Wing","floor":7,"gold_loss":0},{"damage_healed":0,"gold_gain":30,"player_choice":"Searched \u00272\u0027 times","damage_taken":0,"relics_obtained":["Blood Vial"],"max_hp_gain":0,"max_hp_loss":0,"event_name":"Dead Adventurer","floor":13,"gold_loss":0},{"damage_healed":0,"gold_gain":0,"player_choice":"Fight","damage_taken":0,"max_hp_gain":0,"max_hp_loss":0,"event_name":"Colosseum","floor":21,"gold_loss":0},{"damage_healed":0,"gold_gain":0,"player_choice":"Fought Nobs","damage_taken":0,"max_hp_gain":0,"max_hp_loss":0,"event_name":"Colosseum","floor":21,"gold_loss":0},{"cards_removed":["Strike_G"],"damage_healed":0,"gold_gain":0,"player_choice":"Purged","damage_taken":0,"max_hp_gain":0,"max_hp_loss":0,"event_name":"Purifier","floor":22,"gold_loss":0},{"damage_healed":0,"gold_gain":0,"player_choice":"Ignored","damage_taken":0,"max_hp_gain":0,"max_hp_loss":0,"event_name":"Vampires","floor":28,"gold_loss":0},{"damage_healed":20,"gold_gain":0,"player_choice":"Writhe","damage_taken":0,"max_hp_gain":0,"max_hp_loss":0,"event_name":"Winding Halls","floor":36,"gold_loss":0,"cards_obtained":["Writhe"]},{"damage_healed":0,"gold_gain":0,"player_choice":"Ignored","damage_taken":0,"max_hp_gain":0,"max_hp_loss":0,"event_name":"The Moai Head","floor":47,"gold_loss":0},{"cards_removed":["Strike_G"],"damage_healed":0,"gold_gain":0,"player_choice":"Removed Attack","damage_taken":0,"max_hp_gain":0,"max_hp_loss":0,"event_name":"Falling","floor":48,"gold_loss":0}],"is_beta":true,"boss_relics":[{"not_picked":["HoveringKite","Pandora\u0027s Box"],"picked":"Cursed Key"},{"not_picked":["Velvet Choker","Empty Cage"],"picked":"Philosopher\u0027s Stone"}],"items_purged_floors":[11,42],"is_endless":false,"potions_floor_spawned":[12,14,16,18,25,29,31,39,40,45],"ascension_level":0}