{"gold_per_floor":[113,127,137,148,148,180,180,198,250,276,293,293,90,121,121,217,267,277,295,312,330,75,101,101,112,112,112,112,123,139,139,139,234,234,246,86,86,103,3,29,29,29],"floor_reached":42,"playtime":4971,"items_purged":["Strike_G","Defend_G"],"score":595,"play_id":"8a927617-aa81-4d9f-938c-07feafdb35a9","local_time":"20190516213253","is_ascension_mode":true,"campfire_choices":[{"data":"Acrobatics","floor":7.0,"key":"SMITH"},{"floor":12.0,"key":"REST"},{"floor":15.0,"key":"REST"},{"floor":24.0,"key":"REST"},{"floor":27.0,"key":"REST"},{"floor":32.0,"key":"REST"},{"floor":41,"key":"RECALL"}],"neow_cost":"NONE","seed_source_timestamp":0,"circlet_count":0,"master_deck":["Defend_G","Defend_G+1","Defend_G","Defend_G","Survivor","Neutralize","Blur","Backflip","Predator","Malaise+1","Acrobatics+1","Crippling Poison","PiercingWail","Flying Knee","Backflip","Adrenaline","Malaise","Backflip","Masterful Stab+1","After Image","Dagger Throw","Caltrops","Calculated Gamble","Deflect+1","Heel Hook+1","Bite","Bite","Bite","Bite","Bite","Deadly Poison","Tools of the Trade","Escape Plan+1","Die Die Die","Deadly Poison","Dash","Backflip","Caltrops","Bouncing Flask","Deadly Poison+1"],"special_seed":0,"relics":["Velvet Choker","Dodecahedron","Potion Belt","Snake Skull","War Paint","Dream Catcher","Bottled Flame","Tiny House","Bronze Scales","Ninja Scroll","Thread and Needle","Lizard Tail","Blood Vial","Meat on the Bone"],"potions_floor_usage":[42],"damage_taken":[{"damage":0.0,"enemies":"Cultist","floor":1.0,"turns":4.0},{"damage":0.0,"enemies":"Jaw Worm","floor":2.0,"turns":5.0},{"damage":0.0,"enemies":"2 Louse","floor":3.0,"turns":3.0},{"damage":0.0,"enemies":"Looter","floor":4.0,"turns":4.0},{"damage":3.0,"enemies":"Gremlin Nob","floor":6.0,"turns":5.0},{"damage":8.0,"enemies":"Lots of Slimes","floor":8.0,"turns":6.0},{"damage":15.0,"enemies":"Lagavulin","floor":10.0,"turns":7.0},{"damage":2.0,"enemies":"3 Louse","floor":11.0,"turns":4.0},{"damage":12.0,"enemies":"3 Sentries","floor":14.0,"turns":5.0},{"damage":2.0,"enemies":"The Guardian","floor":16.0,"turns":16.0},{"damage":9.0,"enemies":"Chosen","floor":18.0,"turns":9.0},{"damage":0.0,"enemies":"Spheric Guardian","floor":19.0,"turns":6.0},{"damage":0.0,"enemies":"Centurion and Healer","floor":20.0,"turns":7.0},{"damage":0.0,"enemies":"Shelled Parasite and Fungi","floor":21.0,"turns":7.0},{"damage":25.0,"enemies":"Slavers","floor":23.0,"turns":6.0},{"damage":0.0,"enemies":"Cultist and Chosen","floor":25.0,"turns":7.0},{"damage":0.0,"enemies":"Snake Plant","floor":29.0,"turns":4.0},{"damage":17.0,"enemies":"Sentry and Sphere","floor":30.0,"turns":7.0},{"damage":40.0,"enemies":"Champ","floor":33.0,"turns":16.0},{"damage":0,"enemies":"3 Shapes","floor":35,"turns":5},{"damage":0,"enemies":"3 Darklings","floor":38,"turns":5},{"damage":0,"enemies":"Nemesis","floor":40,"turns":9},{"damage":103,"enemies":"Reptomancer","floor":42,"turns":6}],"seed_played":"2760723112370471837","potions_obtained":[{"floor":2.0,"key":"Weak Potion"},{"floor":4.0,"key":"Block Potion"},{"floor":8.0,"key":"GamblersBrew"},{"floor":11.0,"key":"AttackPotion"},{"floor":16.0,"key":"SpeedPotion"},{"floor":17.0,"key":"Strength Potion"},{"floor":19.0,"key":"Weak Potion"},{"floor":23.0,"key":"Strength Potion"},{"floor":25.0,"key":"Poison Potion"},{"floor":30.0,"key":"LiquidBronze"}],"is_trial":false,"path_per_floor":["M","M","M","M","T","E","R","M","T","E","M","R","$","E","R","B",null,"M","M","M","M","$","E","R","M","T","R","?","M","M","?","R","B",null,"M","$","?","M","$","E","R","E"],"character_chosen":"THE_SILENT","items_purchased":["Dream Catcher","Explosive Potion","Bronze Scales","Caltrops","Dash","Backflip","Caltrops"],"campfire_rested":5,"item_purchase_floors":[13,13,22,22,36,36,36],"current_hp_per_floor":[70,70,70,70,70,67,67,59,59,44,42,63,63,51,70,68,75,66,66,66,66,66,41,63,63,63,75,52,52,43,43,52,16,52,52,52,52,52,52,52,52,0],"gold":29,"neow_bonus":"BOSS_RELIC","is_prod":false,"is_daily":false,"chose_seed":false,"campfire_upgraded":1,"win_rate":0,"timestamp":1558035173,"path_taken":["M","M","M","?","?","E","R","M","T","E","M","R","$","E","R","BOSS","M","?","M","M","$","E","R","M","T","R","?","M","M","?","R","BOSS","M","$","?","?","$","E","R","E"],"build_version":"2019-01-23","purchased_purges":2,"victory":false,"max_hp_per_floor":[70,70,70,70,70,70,70,70,70,70,70,70,70,70,70,70,75,75,75,75,75,75,75,75,75,75,75,52,52,52,52,52,52,52,52,52,52,52,52,52,52,52],"card_choices":[{"not_picked":["Quick Slash","Dodge and Roll"],"picked":"Blur","floor":1.0},{"not_picked":["Distraction","Underhanded Strike"],"picked":"Backflip","floor":2.0},{"not_picked":["Underhanded Strike","Dodge and Roll"],"picked":"Predator","floor":3.0},{"not_picked":["Slice","Dagger Spray"],"picked":"Malaise","floor":4.0},{"not_picked":["Distraction","Underhanded Strike"],"picked":"Acrobatics","floor":6.0},{"not_picked":["Dodge and Roll","Underhanded Strike"],"picked":"Crippling Poison","floor":8.0},{"not_picked":["Bane","Dodge and Roll"],"picked":"PiercingWail","floor":10.0},{"not_picked":["Reflex","Choke"],"picked":"Flying Knee","floor":11.0},{"not_picked":["Leg Sweep","Underhanded Strike"],"picked":"Backflip","floor":14.0},{"not_picked":["Dodge and Roll","Backflip"],"picked":"Adrenaline","floor":15.0},{"not_picked":["Glass Knife","Die Die Die"],"picked":"Malaise","floor":16.0},{"not_picked":["Dagger Throw","Outmaneuver"],"picked":"Backflip","floor":17.0},{"not_picked":["Riddle With Holes","Well Laid Plans"],"picked":"Masterful Stab+1","floor":18.0},{"not_picked":["Prepared","Outmaneuver"],"picked":"After Image","floor":19.0},{"not_picked":["Outmaneuver+1","Flying Knee+1"],"picked":"Dagger Throw","floor":20.0},{"not_picked":["Underhanded Strike","Reflex","Flying Knee"],"picked":"SKIP","floor":21.0},{"not_picked":["Reflex","Dodge and Roll"],"picked":"Calculated Gamble","floor":23.0},{"not_picked":["Catalyst","Outmaneuver"],"picked":"Deflect+1","floor":24.0},{"not_picked":["Dagger Spray","Prepared","Catalyst"],"picked":"SKIP","floor":25.0},{"not_picked":["Dash","Flying Knee"],"picked":"Heel Hook+1","floor":27.0},{"not_picked":["Prepared","Dagger Throw"],"picked":"Deadly Poison","floor":29.0},{"not_picked":["Flying Knee+1","Blade Dance"],"picked":"Tools of the Trade","floor":30.0},{"not_picked":["Endless Agony","Backflip"],"picked":"Escape Plan+1","floor":32.0},{"not_picked":["Bullet Time","Tools of the Trade"],"picked":"Die Die Die","floor":33.0},{"not_picked":["Poisoned Stab","Flying Knee"],"picked":"Deadly Poison","floor":35},{"not_picked":["Finisher+1","Underhanded Strike+1"],"picked":"Bouncing Flask","floor":38},{"not_picked":["Backstab","Flying Knee"],"picked":"Deadly Poison+1","floor":40}],"player_experience":113020,"relics_obtained":[{"floor":5.0,"key":"Dodecahedron"},{"floor":6.0,"key":"Potion Belt"},{"floor":9.0,"key":"Snake Skull"},{"floor":10.0,"key":"War Paint"},{"floor":14.0,"key":"Bottled Flame"},{"floor":23.0,"key":"Ninja Scroll"},{"floor":26.0,"key":"Thread and Needle"},{"floor":37,"key":"Blood Vial"},{"floor":40,"key":"Meat on the Bone"}],"event_choices":[{"damage_healed":0.0,"max_hp_gain":0.0,"max_hp_loss":23.0,"gold_gain":0.0,"event_name":"Vampires","player_choice":"Became a vampire","floor":28.0,"gold_loss":0.0,"damage_taken":0.0,"cards_obtained":["Bite","Bite","Bite","Bite","Bite"]},{"damage_healed":0.0,"max_hp_gain":0.0,"max_hp_loss":0.0,"gold_gain":0.0,"event_name":"The Mausoleum","player_choice":"Ignored","floor":31.0,"gold_loss":0.0,"damage_taken":0.0},{"damage_healed":0,"gold_gain":0,"player_choice":"Relic","damage_taken":0,"max_hp_gain":0,"max_hp_loss":0,"event_name":"Wheel of Change","floor":37,"gold_loss":0}],"is_beta":false,"boss_relics":[{"not_picked":["Coffee Dripper","Cursed Key"],"picked":"Tiny House"},{"not_picked":["Eternal Feather","WristBlade"],"picked":"Lizard Tail"}],"items_purged_floors":[22,39],"is_endless":false,"potions_floor_spawned":[2,4,8,11,16,19,23,25,30],"killed_by":"Reptomancer","ascension_level":1}