{"path_per_floor":["M","M","M","?","M","?","M","R","T","M","R","M","$","?","R","B",null,"M","?","?","M","$","R","M","R","T","M","T","M","$","M","R","B",null,"M","$","M","?","M","R","$","R","T","R","M","$","T","M","R"],"character_chosen":"IRONCLAD","items_purchased":["Flex","Whetstone"],"gold_per_floor":[115,128,147,147,117,117,134,134,185,203,203,221,101,101,101,227,227,241,166,81,99,99,99,120,120,120,134,134,147,47,67,67,191,191,215,90,114,214,228,228,71,71,71,71,96,96,126,145,145],"floor_reached":50,"campfire_rested":4,"playtime":3066,"current_hp_per_floor":[80,80,80,80,80,73,70,70,70,67,67,65,65,65,65,7,74,74,74,74,66,66,66,68,68,68,58,58,55,55,29,51,26,74,70,70,29,29,22,44,44,66,66,66,49,49,49,35,57],"items_purged":["Defend_R","Strike_R","Strike_R"],"gold":145,"score":409,"play_id":"d1625e19-7e63-47b9-8b4c-0a8144b61e7d","is_prod":false,"is_daily":false,"is_ascension_mode":false,"campfire_upgraded":6,"path_taken":["M","M","M","?","M","?","?","R","T","M","R","?","$","?","R","BOSS","M","?","?","M","$","R","M","R","T","M","?","M","?","M","R","BOSS","M","$","M","?","M","R","?","R","T","R","?","$","?","?","R","BOSS"],"build_version":"2018-02-15-BETA1","purchased_purges":3,"victory":false,"master_deck":["Strike_R+1","Defend_R","Defend_R","Defend_R","Bash+1","Heavy Blade+1","Armaments+1","Rage","Warcry","Inflame+1","Infernal Blade+1","Headbutt","Flex+1","Offering+1","Heavy Blade+1","Anger+1","Dual Wield","Whirlwind+1","Double Tap","Limit Break+1","Headbutt+1","Armaments+1","Cleave+1","Clash+1","Cleave+1"],"max_hp_per_floor":[80,80,80,80,80,80,80,80,80,80,80,80,80,74,74,74,74,74,74,74,74,74,74,74,74,74,74,74,74,74,74,74,74,74,74,74,74,74,74,74,74,74,74,74,74,74,74,74,74],"relics":["Burning Blood","NeowsBlessing","Lantern","Golden Idol","Lizard Tail","Molten Egg 2","Calipers","Frozen Eye","Orrery","Whetstone","Champion Belt","Tiny Chest"],"card_choices":[{"not_picked":["Twin Strike","Clothesline"],"picked":"Heavy Blade"},{"not_picked":["Heavy Blade","Dark Embrace"],"picked":"Armaments"},{"not_picked":["Blood for Blood","Body Slam"],"picked":"Rage"},{"not_picked":["Wild Strike","True Grit"],"picked":"Warcry"},{"not_picked":["Pommel Strike","Disarm"],"picked":"Inflame"},{"not_picked":["Impervious","Blood for Blood"],"picked":"Infernal Blade"},{"not_picked":["Searing Blow","True Grit"],"picked":"Headbutt"},{"not_picked":["Double Tap","Immolate"],"picked":"Offering"},{"not_picked":["Second Wind","Armaments"],"picked":"Heavy Blade"},{"not_picked":["Sever Soul","Second Wind"],"picked":"Anger"},{"not_picked":["Second Wind","Sever Soul"],"picked":"Dual Wield"},{"not_picked":["Pummel","Disarm"],"picked":"Whirlwind"},{"not_picked":["Seeing Red","Iron Wave"],"picked":"Double Tap"},{"not_picked":["Dark Embrace","Immolate"],"picked":"Limit Break"},{"not_picked":["Uppercut","Rage"],"picked":"Headbutt"},{"not_picked":["Iron Wave","Pommel Strike"],"picked":"Armaments"},{"not_picked":["True Grit","Iron Wave"],"picked":"Cleave"},{"not_picked":["Impervious","Rage"],"picked":"Clash"},{"not_picked":["True Grit","Body Slam"],"picked":"Cleave"}],"player_experience":54022,"potions_floor_usage":[24,29,39,50,50,50],"damage_taken":[{"damage":0,"enemies":"2 Louse","floor":1,"turns":1},{"damage":0,"enemies":"Jaw Worm","floor":2,"turns":1},{"damage":0,"enemies":"Cultist","floor":3,"turns":1},{"damage":5,"enemies":"Looter","floor":5,"turns":4},{"damage":9,"enemies":"2 Fungi Beasts","floor":7,"turns":3},{"damage":9,"enemies":"Lots of Slimes","floor":10,"turns":5},{"damage":8,"enemies":"Red Slaver","floor":12,"turns":3},{"damage":64,"enemies":"The Guardian","floor":16,"turns":9},{"damage":4,"enemies":"Chosen","floor":18,"turns":2},{"damage":14,"enemies":"2 Thieves","floor":21,"turns":2},{"damage":4,"enemies":"Centurion and Healer","floor":24,"turns":3},{"damage":16,"enemies":"Snake Plant","floor":27,"turns":3},{"damage":9,"enemies":"Sentry and Sphere","floor":29,"turns":3},{"damage":32,"enemies":"Centurion and Healer","floor":31,"turns":4},{"damage":31,"enemies":"Collector","floor":33,"turns":3},{"damage":10,"enemies":"Orb Walker","floor":35,"turns":2},{"damage":51,"enemies":"Flame Bruiser 1 Orb","floor":37,"turns":5},{"damage":13,"enemies":"3 Darklings","floor":39,"turns":4},{"damage":23,"enemies":"Maw","floor":45,"turns":6},{"damage":20,"enemies":"Flame Bruiser 2 Orb","floor":48,"turns":4},{"damage":119,"enemies":"Awakened One","floor":50,"turns":6}],"event_choices":[{"event_name":"Living Wall","player_choice":"Grow","floor":4,"damage_taken":0},{"event_name":"Golden Wing","player_choice":"Card Removal","floor":6,"damage_taken":0},{"event_name":"Golden Idol","player_choice":"Lose Max HP","floor":14,"damage_taken":0},{"event_name":"Beggar","player_choice":"Gave Gold","floor":19,"damage_taken":0},{"event_name":"Addict","player_choice":"Obtained Relic","floor":20,"damage_taken":0},{"event_name":"Golden Shrine","player_choice":"Pray","floor":38,"damage_taken":0}],"boss_relics":[{"not_picked":["Cursed Key","Runic Pyramid"],"picked":"Lizard Tail"},{"not_picked":["White Beast Statue","Question Card"],"picked":"Orrery"}],"potions_floor_spawned":[2,10,12,16,21,24,29,39],"seed_played":"-4574163053386919533","killed_by":"Awakened One","ascension_level":0,"is_trial":false}