{"gold_per_floor":[112,128,128,139,156,182,198,198,198,198,218,49,224,16,16,118,118,128,128,128,43,43,43,73,92,118,118],"floor_reached":27,"playtime":1171,"items_purged":[],"score":231,"play_id":"d65c4714-8e26-427f-9527-1b05b7986f11","local_time":"20181223141232","is_ascension_mode":false,"campfire_choices":[{"floor":8.0,"key":"REST"},{"data":"Rainbow","floor":10.0,"key":"SMITH"},{"floor":15.0,"key":"REST"},{"data":"Genetic Algorithm","floor":23.0,"key":"SMITH"}],"neow_cost":"NONE","seed_source_timestamp":153347065440861,"circlet_count":0,"master_deck":["Strike_B","Strike_B","Strike_B","Strike_B","Defend_B","Defend_B","Defend_B","Defend_B","Zap","Dualcast","Trip","Cold Snap","White Noise","Doom and Gloom","Force Field","Rainbow+1","White Noise","Genetic Algorithm+1","Static Discharge+1","Doubt","Echo Form+1","Melter","Leap","Go for the Eyes+1"],"special_seed":0,"relics":["Cracked Core","PreservedInsect","Frozen Egg 2","Strange Spoon","Lizard Tail","Question Card","Pantograph","Ancient Tea Set","Smiling Mask"],"potions_floor_usage":[25],"damage_taken":[{"damage":7.0,"enemies":"Small Slimes","floor":1.0,"turns":3.0},{"damage":0.0,"enemies":"Cultist","floor":2.0,"turns":2.0},{"damage":4.0,"enemies":"Jaw Worm","floor":4.0,"turns":3.0},{"damage":2.0,"enemies":"Exordium Wildlife","floor":5.0,"turns":4.0},{"damage":28.0,"enemies":"Gremlin Nob","floor":6.0,"turns":4.0},{"damage":7.0,"enemies":"2 Fungi Beasts","floor":7.0,"turns":3.0},{"damage":12.0,"enemies":"3 Louse","floor":11.0,"turns":3.0},{"damage":32.0,"enemies":"Hexaghost","floor":16.0,"turns":8.0},{"damage":5.0,"enemies":"Shell Parasite","floor":18.0,"turns":6.0},{"damage":54.0,"enemies":"Slavers","floor":24.0,"turns":5.0},{"damage":15,"enemies":"3 Byrds","floor":25,"turns":4},{"damage":49,"enemies":"Cultist and Chosen","floor":27,"turns":6}],"seed_played":"6643605577663732417","potions_obtained":[{"floor":6.0,"key":"SkillPotion"},{"floor":11.0,"key":"Dexterity Potion"},{"floor":16.0,"key":"Energy Potion"},{"floor":24.0,"key":"GamblersBrew"}],"is_trial":false,"path_per_floor":["M","M","?","M","M","E","M","R","T","R","M","$","?","$","R","B",null,"M","?","?","?","$","R","E","M","T","M"],"character_chosen":"DEFECT","items_purchased":["Static Discharge+1","EntropicBrew","Strange Spoon"],"campfire_rested":2,"item_purchase_floors":[12,12,14],"current_hp_per_floor":[68,68,68,64,62,34,27,49,49,49,37,37,37,37,59,27,75,70,70,70,70,70,70,16,1,1,0],"gold":118,"neow_bonus":"RANDOM_COLORLESS","is_prod":false,"is_daily":false,"chose_seed":false,"campfire_upgraded":2,"win_rate":0,"timestamp":1545592352,"path_taken":["M","M","?","?","M","E","M","R","T","R","M","?","?","?","R","BOSS","M","?","?","?","?","R","E","M","T","M"],"build_version":"2018-12-20","purchased_purges":0,"victory":false,"max_hp_per_floor":[75,75,75,75,75,75,75,75,75,75,75,75,75,75,75,75,75,75,75,75,75,75,75,75,75,75,75],"card_choices":[{"not_picked":["Streamline","Hello World"],"picked":"Cold Snap","floor":1.0},{"not_picked":["Chaos","Reprogram"],"picked":"White Noise","floor":2.0},{"not_picked":["Recycle","Streamline"],"picked":"Doom and Gloom","floor":4.0},{"not_picked":["Hologram","Go for the Eyes"],"picked":"Force Field","floor":5.0},{"not_picked":["Sweeping Beam","Scrape"],"picked":"Rainbow","floor":6.0},{"not_picked":["Heatsinks","Turbo"],"picked":"White Noise","floor":7.0},{"not_picked":["Compile Driver","Go for the Eyes"],"picked":"Genetic Algorithm","floor":11.0},{"not_picked":["Core Surge","Hyperbeam"],"picked":"Echo Form+1","floor":16.0},{"not_picked":["Redo","Hologram+1"],"picked":"Melter","floor":18.0},{"not_picked":["Gash","Undo","Recycle"],"picked":"Leap","floor":24.0},{"not_picked":["Gash+1","Ball Lightning+1","Stack"],"picked":"Go for the Eyes+1","floor":25}],"player_experience":210098,"relics_obtained":[{"floor":6.0,"key":"PreservedInsect"},{"floor":9.0,"key":"Frozen Egg 2"},{"floor":24.0,"key":"Ancient Tea Set"},{"floor":26,"key":"Smiling Mask"}],"event_choices":[{"damage_healed":0.0,"max_hp_gain":0.0,"max_hp_loss":0.0,"gold_gain":0.0,"event_name":"NoteForYourself","player_choice":"Ignored","floor":3.0,"gold_loss":0.0,"damage_taken":0.0},{"damage_healed":0.0,"max_hp_gain":0.0,"max_hp_loss":0.0,"gold_gain":175.0,"event_name":"Liars Game","player_choice":"AGREE","floor":13.0,"gold_loss":0.0,"damage_taken":0.0,"cards_obtained":["Doubt"]},{"damage_healed":0.0,"max_hp_gain":0.0,"max_hp_loss":0.0,"gold_gain":0.0,"event_name":"The Mausoleum","player_choice":"Opened","floor":19.0,"gold_loss":0.0,"damage_taken":0.0,"relics_obtained":["Question Card"]},{"damage_healed":0.0,"max_hp_gain":0.0,"max_hp_loss":0.0,"gold_gain":0.0,"event_name":"Vampires","player_choice":"Ignored","floor":20.0,"gold_loss":0.0,"damage_taken":0.0},{"damage_healed":0.0,"max_hp_gain":0.0,"max_hp_loss":0.0,"gold_gain":0.0,"event_name":"Addict","player_choice":"Obtained Relic","floor":21.0,"gold_loss":85.0,"damage_taken":0.0,"relics_obtained":["Pantograph"]}],"is_beta":false,"boss_relics":[{"not_picked":["Velvet Choker","Cursed Key"],"picked":"Lizard Tail"}],"items_purged_floors":[],"is_endless":false,"potions_floor_spawned":[6,11,16,24],"killed_by":"Cultist and Chosen","ascension_level":0}