{"gold_per_floor":[119,95,109,109,109,135,135,165,165,180,193,46,46,46,46,151,151,171,171,171,171,183,183,183],"floor_reached":24,"playtime":1269,"items_purged":[],"score":263,"play_id":"b86a5f6b-5ccd-42e6-b8d1-75b63755c332","local_time":"20181027151508","is_ascension_mode":true,"campfire_choices":[{"data":"Darkness","floor":7,"key":"SMITH"},{"floor":13,"key":"REST"},{"data":"Capacitor","floor":15,"key":"SMITH"},{"floor":23,"key":"REST"}],"neow_cost":"NONE","seed_source_timestamp":937568505237243,"circlet_count":0,"master_deck":["Strike_B","Strike_B","Strike_B","Strike_B","Defend_B","Defend_B","Defend_B","Defend_B","Zap","Dualcast","Leap","Melter","Darkness+1","Capacitor+1","Go for the Eyes","Cold Snap","Multi-Cast","Undo","Coolheaded","Barrage"],"relics":["Cracked Core","NeowsBlessing","Calipers","Nunchaku","Pear","Omamori","Nuclear Battery"],"potions_floor_usage":[16,16,18,22,22,22,24],"damage_taken":[{"damage":0,"enemies":"Small Slimes","floor":1,"turns":1},{"damage":0,"enemies":"Cultist","floor":3,"turns":1},{"damage":0,"enemies":"Gremlin Nob","floor":6,"turns":1},{"damage":34,"enemies":"3 Sentries","floor":8,"turns":10},{"damage":1,"enemies":"Jaw Worm","floor":10,"turns":4},{"damage":2,"enemies":"3 Louse","floor":11,"turns":4},{"damage":45,"enemies":"Slime Boss","floor":16,"turns":15},{"damage":29,"enemies":"Shell Parasite","floor":18,"turns":8},{"damage":16,"enemies":"3 Byrds","floor":22,"turns":6},{"damage":86,"enemies":"Gremlin Leader","floor":24,"turns":9}],"seed_played":"8277726113186397132","potions_obtained":[{"floor":3,"key":"Ancient Potion"},{"floor":6,"key":"EntropicBrew"},{"floor":8,"key":"Swift Potion"},{"floor":11,"key":"PowerPotion"},{"floor":22,"key":"Weak Potion"}],"is_trial":false,"path_per_floor":["M","$","M","?","?","E","R","E","T","M","M","$","R","$","R","B",null,"M","?","?","?","M","R"],"character_chosen":"DEFECT","items_purchased":["Leap","Omamori"],"campfire_rested":2,"item_purchase_floors":[2,12],"current_hp_per_floor":[75,75,75,75,80,80,80,46,56,55,53,53,80,80,80,35,90,61,61,61,61,45,72,0],"gold":183,"neow_bonus":"THREE_ENEMY_KILL","is_prod":false,"is_daily":false,"chose_seed":false,"campfire_upgraded":2,"win_rate":0,"timestamp":1540667708,"path_taken":["M","$","M","?","?","E","R","E","T","M","?","$","R","?","R","BOSS","M","?","?","?","?","R","E"],"build_version":"2018-10-25v2","purchased_purges":0,"victory":false,"max_hp_per_floor":[75,75,75,75,80,80,80,80,90,90,90,90,90,90,90,90,90,90,90,90,90,90,90,90],"card_choices":[{"not_picked":["Hologram","Auto Shields"],"picked":"Tempest","floor":1},{"not_picked":["Redo","Self Repair"],"picked":"Melter","floor":3},{"not_picked":["Leap","Skim"],"picked":"Darkness","floor":6},{"not_picked":["Heatsinks","Compile Driver"],"picked":"Capacitor","floor":8},{"not_picked":["Rebound","Reprogram"],"picked":"Go for the Eyes","floor":10},{"not_picked":["Barrage","Rebound"],"picked":"Cold Snap","floor":11},{"not_picked":["Core Surge","Electrodynamics"],"picked":"Multi-Cast","floor":16},{"not_picked":["Leap+1","Genetic Algorithm"],"picked":"Undo","floor":18},{"not_picked":["Sunder","Compile Driver"],"picked":"Barrage","floor":22}],"player_experience":178568,"relics_obtained":[{"floor":6,"key":"Calipers"},{"floor":8,"key":"Nunchaku"},{"floor":9,"key":"Pear"}],"event_choices":[{"cards_removed":["Tempest"],"damage_healed":0,"gold_gain":0,"player_choice":"Offered Uncommon","damage_taken":0,"max_hp_gain":0,"max_hp_loss":0,"event_name":"Bonfire Elementals","floor":4,"gold_loss":0},{"damage_healed":0,"gold_gain":0,"player_choice":"Donut","damage_taken":0,"max_hp_gain":5,"max_hp_loss":0,"event_name":"Big Fish","floor":5,"gold_loss":0},{"damage_healed":0,"gold_gain":0,"player_choice":"1 cards matched","damage_taken":0,"max_hp_gain":0,"max_hp_loss":0,"event_name":"Match and Keep!","floor":19,"gold_loss":0,"cards_obtained":["Coolheaded"]},{"damage_healed":0,"gold_gain":0,"player_choice":"Cursed","damage_taken":0,"max_hp_gain":0,"max_hp_loss":0,"event_name":"Wheel of Change","floor":20,"gold_loss":0,"cards_obtained":["Decay"]},{"damage_healed":0,"gold_gain":0,"player_choice":"Ignored","damage_taken":0,"max_hp_gain":0,"max_hp_loss":0,"event_name":"Ghosts","floor":21,"gold_loss":0}],"is_beta":false,"boss_relics":[{"not_picked":["Tiny House","Black Star"],"picked":"Nuclear Battery"}],"items_purged_floors":[],"is_endless":false,"potions_floor_spawned":[3,6,8,11,22],"killed_by":"Gremlin Leader","ascension_level":1}