{"gold_per_floor":[115,133,133,133,58,58,78,78,78,78,78,78,6,45,45,164,164,185,205,205,205,219,219,219],"floor_reached":24,"playtime":958,"items_purged":["Strike_B"],"score":230,"play_id":"84c68722-dd68-48d2-b5a6-8673392e37d3","local_time":"20190519182243","is_ascension_mode":true,"campfire_choices":[{"data":"Zap","floor":6,"key":"SMITH"},{"data":"Go for the Eyes","floor":8,"key":"SMITH"},{"data":"Dualcast","floor":10,"key":"SMITH"},{"data":"Gash","floor":12,"key":"SMITH"},{"data":"Glacier","floor":15,"key":"SMITH"},{"data":"Defend_B","floor":23,"key":"SMITH"}],"neow_cost":"NONE","seed_source_timestamp":24193656619448,"circlet_count":0,"master_deck":["Strike_B","Strike_B","Defend_B+1","Defend_B","Defend_B","Zap+1","Dualcast+1","Glacier+1","Gash+1","Go for the Eyes+1","BootSequence","Reinforced Body+1","Reboot+1","White Noise+1"],"relics":["Cracked Core","Bottled Lightning","Bloody Idol","Toxic Egg 2","Cursed Key"],"potions_floor_usage":[],"damage_taken":[{"damage":0,"enemies":"Cultist","floor":1,"turns":3},{"damage":0,"enemies":"2 Louse","floor":2,"turns":2},{"damage":2,"enemies":"Jaw Worm","floor":7,"turns":3},{"damage":7,"enemies":"3 Sentries","floor":14,"turns":11},{"damage":18,"enemies":"The Guardian","floor":16,"turns":16},{"damage":7,"enemies":"Spheric Guardian","floor":18,"turns":6},{"damage":0,"enemies":"Shell Parasite","floor":19,"turns":11},{"damage":10,"enemies":"Snake Plant","floor":22,"turns":8},{"damage":62,"enemies":"Gremlin Leader","floor":24,"turns":14}],"seed_played":"-4581592245110388603","potions_obtained":[{"floor":1,"key":"SteroidPotion"},{"floor":7,"key":"Poison Potion"},{"floor":18,"key":"Block Potion"}],"is_trial":false,"path_per_floor":["M","M","?","?","$","R","M","R","T","R","?","R","$","E","R","B",null,"M","M","?","?","M","R","E"],"character_chosen":"DEFECT","items_purchased":["BootSequence"],"campfire_rested":0,"item_purchase_floors":[13],"current_hp_per_floor":[75,75,80,73,73,73,71,71,71,71,71,71,71,64,64,46,74,67,67,67,67,62,62,0],"gold":219,"neow_bonus":"REMOVE_CARD","is_prod":false,"is_daily":false,"chose_seed":false,"campfire_upgraded":6,"win_rate":0,"timestamp":1558282963,"path_taken":["M","?","?","?","?","R","M","R","T","R","?","R","?","E","R","BOSS","M","?","?","?","M","R","E"],"build_version":"2019-01-23","purchased_purges":1,"victory":false,"max_hp_per_floor":[75,75,80,80,80,80,80,80,80,80,74,74,74,74,74,74,74,74,74,74,74,74,74,74],"card_choices":[{"not_picked":["Go for the Eyes","Steam"],"picked":"Glacier","floor":1},{"not_picked":["Go for the Eyes","Genetic Algorithm"],"picked":"Gash","floor":2},{"not_picked":["Barrage","Defragment"],"picked":"Go for the Eyes","floor":7},{"not_picked":["Buffer","Ball Lightning"],"picked":"Reinforced Body","floor":14},{"not_picked":["Machine Learning","Rainbow+1"],"picked":"Reboot+1","floor":16},{"not_picked":["Streamline","Conserve Battery+1","Loop+1"],"picked":"SKIP","floor":18},{"not_picked":["Streamline","Tempest+1"],"picked":"White Noise+1","floor":19},{"not_picked":["Loop","Hello World","Genetic Algorithm+1"],"picked":"SKIP","floor":22}],"player_experience":73160,"relics_obtained":[{"floor":9,"key":"Bottled Lightning"},{"floor":14,"key":"Toxic Egg 2"}],"event_choices":[{"damage_healed":0,"gold_gain":0,"player_choice":"Donut","damage_taken":0,"max_hp_gain":5,"max_hp_loss":0,"event_name":"Big Fish","floor":3,"gold_loss":0},{"cards_removed":["Strike_B"],"damage_healed":0,"gold_gain":0,"player_choice":"Card Removal","damage_taken":7,"max_hp_gain":0,"max_hp_loss":0,"event_name":"Golden Wing","floor":4,"gold_loss":0},{"damage_healed":0,"gold_gain":0,"player_choice":"Lose Max HP","damage_taken":0,"relics_obtained":["Golden Idol"],"max_hp_gain":0,"max_hp_loss":6,"event_name":"Golden Idol","floor":11,"gold_loss":0},{"damage_healed":0,"gold_gain":0,"player_choice":"Ignored","damage_taken":0,"max_hp_gain":0,"max_hp_loss":0,"event_name":"Vampires","floor":20,"gold_loss":0},{"damage_healed":0,"gold_gain":0,"player_choice":"Gave Idol","damage_taken":0,"relics_obtained":["Bloody Idol"],"max_hp_gain":0,"max_hp_loss":0,"event_name":"Forgotten Altar","floor":21,"relics_lost":["Golden Idol"],"gold_loss":0}],"is_beta":false,"boss_relics":[{"not_picked":["Snecko Eye","Eternal Feather"],"picked":"Cursed Key"}],"items_purged_floors":[5],"is_endless":false,"potions_floor_spawned":[1,7,18,19],"killed_by":"Gremlin Leader","ascension_level":4}