{"path_per_floor":["M","M","?","?","?","R","$","R","T","E","M","?","M","M","R","B",null,"M","$","?","$","?","?","M","M","T","R","M","M","?","T","R"],"character_chosen":"THE_SILENT","items_purchased":["Accuracy","Oddly Smooth Stone","Meat on the Bone","Blur"],"gold_per_floor":[15,34,109,109,109,109,71,71,371,412,428,393,412,436,436,556,556,580,34,34,34,34,0,13,36,63,63,84,102,2,77,77],"floor_reached":33,"campfire_rested":2,"playtime":2108,"current_hp_per_floor":[70,70,59,59,45,45,45,45,45,19,19,36,36,36,57,24,70,64,64,64,64,64,64,57,44,44,44,40,47,47,47,68],"items_purged":["Injury"],"gold":77,"score":245,"play_id":"621eed0a-855f-421a-8885-34f345b66a93","is_prod":false,"is_daily":false,"is_ascension_mode":false,"campfire_upgraded":3,"path_taken":["M","M","?","?","?","R","?","R","T","E","M","?","M","M","R","BOSS","M","$","?","$","?","?","M","M","T","R","M","?","?","?","R","BOSS"],"build_version":"2018-02-16-BETA2","purchased_purges":1,"victory":false,"master_deck":["Defend_G","Defend_G","Defend_G","Defend_G+1","Defend_G","Strike_G","Strike_G","Strike_G","Strike_G","Strike_G","Survivor","Neutralize","Cloak And Dagger+1","Flying Knee+1","Accuracy+1","Doppelganger","All Out Attack","Well Laid Plans","Dodge and Roll","Adrenaline","Cloak And Dagger+1","Blur","Dramatic Entrance","Footwork","Adrenaline","Injury","Blade Dance","Blade Dance","J.A.X.","Decay","Finisher"],"max_hp_per_floor":[70,70,70,70,70,70,70,70,70,70,70,70,70,70,70,70,70,70,70,70,70,70,70,70,70,70,70,70,70,70,70,70],"relics":["Ring of the Snake","Ice Cream","Golden Idol","Old Coin","Prayer Wheel","Cursed Key","Oddly Smooth Stone","Meat on the Bone","Happy Flower","Smiling Mask"],"card_choices":[{"not_picked":["Accuracy","Deadly Poison"],"picked":"Cloak And Dagger"},{"not_picked":["Backflip","Prepared"],"picked":"Flying Knee"},{"not_picked":["Escape Plan","Quick Slash"],"picked":"Doppelganger"},{"not_picked":["Dagger Throw","Prepared"],"picked":"All Out Attack"},{"not_picked":["Flying Knee","Poisoned Stab"],"picked":"Well Laid Plans"},{"not_picked":["Skewer","Slice"],"picked":"Dodge and Roll"},{"not_picked":["Tools of the Trade","Bullet Time"],"picked":"Adrenaline"},{"not_picked":["Backflip","Acrobatics"],"picked":"Cloak And Dagger"},{"not_picked":["Dodge and Roll","Choke"],"picked":"Adrenaline"},{"not_picked":["Dash","Backflip"],"picked":"Blade Dance"},{"not_picked":["Quick Slash","Flechettes"],"picked":"Blade Dance"},{"not_picked":["Poisoned Stab","Bane"],"picked":"Finisher"}],"player_experience":70169,"potions_floor_usage":[16,25,25,33,33],"damage_taken":[{"damage":0,"enemies":"Small Slimes","floor":1,"turns":4},{"damage":0,"enemies":"2 Louse","floor":2,"turns":4},{"damage":26,"enemies":"3 Sentries","floor":10,"turns":8},{"damage":0,"enemies":"Jaw Worm","floor":11,"turns":4},{"damage":0,"enemies":"Looter","floor":13,"turns":4},{"damage":0,"enemies":"2 Fungi Beasts","floor":14,"turns":2},{"damage":33,"enemies":"The Guardian","floor":16,"turns":13},{"damage":6,"enemies":"Shell Parasite","floor":18,"turns":7},{"damage":7,"enemies":"Chosen","floor":24,"turns":6},{"damage":13,"enemies":"Sentry and Sphere","floor":25,"turns":6},{"damage":4,"enemies":"3 Cultists","floor":28,"turns":5},{"damage":5,"enemies":"Snake Plant","floor":29,"turns":6},{"damage":70,"enemies":"Automaton","floor":33,"turns":8}],"event_choices":[{"event_name":"World of Goop","player_choice":"Gather Gold","floor":3,"damage_taken":0},{"event_name":"Golden Idol","player_choice":"Take Wound","floor":4,"damage_taken":0},{"event_name":"Shining Light","player_choice":"Entered Light","floor":5,"damage_taken":0},{"event_name":"The Cleric","player_choice":"Healed","floor":12,"damage_taken":0},{"event_name":"Match and Keep!","player_choice":"2 cards matched","floor":20,"damage_taken":0},{"event_name":"Beggar","player_choice":"Ignored","floor":22,"damage_taken":0},{"event_name":"Masked Bandits","player_choice":"Paid Bandits 34 gold","floor":23,"damage_taken":0},{"event_name":"Drug Dealer","player_choice":"Got JAXXED","floor":30,"damage_taken":0}],"boss_relics":[{"not_picked":["Runic Pyramid","White Beast Statue"],"picked":"Cursed Key"}],"potions_floor_spawned":[10,11,18,24,28],"seed_played":"1949126075698580303","killed_by":"Automaton","ascension_level":0,"is_trial":false}