{"gold_per_floor":[117,130,150,150,150,182,182,211,211,229,154,154,185,185,185,282,282,222,234,160,174,188,188,188],"floor_reached":24,"playtime":1499,"items_purged":["Pain"],"score":422,"play_id":"172ce915-909b-452b-bfdb-4f59bb39e015","local_time":"20190522124337","is_ascension_mode":true,"campfire_choices":[{"floor":7.0,"key":"REST"},{"floor":12.0,"key":"REST"},{"floor":15.0,"key":"REST"},{"floor":23,"key":"REST"}],"neow_cost":"NONE","seed_source_timestamp":0,"circlet_count":0,"master_deck":["AscendersBane","Defend_G","Defend_G","Defend_G","Defend_G","Defend_G","Strike_G","Strike_G","Strike_G","Strike_G","Strike_G","Survivor","Neutralize","Poisoned Stab","Dagger Spray","Prepared","Neutralize","Malaise","Noxious Fumes","Dodge and Roll","Leg Sweep","Adrenaline","Cloak And Dagger","Footwork+1","Accuracy+1","Accuracy+1","Bane+1"],"special_seed":0,"relics":["Ring of the Snake","Juzu Bracelet","WarpedTongs","Letter Opener","Kunai","Frozen Egg 2","Darkstone Periapt","Snecko Eye"],"potions_floor_usage":[24,24],"damage_taken":[{"damage":0.0,"enemies":"Small Slimes","floor":1.0,"turns":7.0},{"damage":5.0,"enemies":"Cultist","floor":2.0,"turns":4.0},{"damage":0.0,"enemies":"2 Louse","floor":3.0,"turns":2.0},{"damage":45.0,"enemies":"Gremlin Nob","floor":6.0,"turns":7.0},{"damage":31.0,"enemies":"Lagavulin","floor":8.0,"turns":8.0},{"damage":2.0,"enemies":"Blue Slaver","floor":10.0,"turns":5.0},{"damage":10.0,"enemies":"3 Sentries","floor":13.0,"turns":6.0},{"damage":0.0,"enemies":"Hexaghost","floor":16.0,"turns":11.0},{"damage":7.0,"enemies":"2 Thieves","floor":18.0,"turns":4.0},{"damage":10.0,"enemies":"3 Byrds","floor":19.0,"turns":7.0},{"damage":27.0,"enemies":"Cultist and Chosen","floor":21.0,"turns":7.0},{"damage":5.0,"enemies":"Snecko","floor":22.0,"turns":9.0},{"damage":34,"enemies":"Book of Stabbing","floor":24,"turns":10}],"seed_played":"-5199847241975766159","potions_obtained":[{"floor":3.0,"key":"GamblersBrew"},{"floor":10.0,"key":"PowerPotion"},{"floor":21.0,"key":"Explosive Potion"},{"floor":22,"key":"Swift Potion"}],"is_trial":false,"path_per_floor":["M","M","M","?","?","E","R","E","T","M","$","R","E","?","R","B",null,"M","M","$","M","M","R","E"],"character_chosen":"THE_SILENT","items_purchased":["Accuracy+1"],"campfire_rested":4,"item_purchase_floors":[20],"current_hp_per_floor":[63,58,58,58,58,13,34,3,3,1,1,22,12,12,33,33,61,54,44,44,17,12,33,0],"gold":188,"neow_bonus":"RANDOM_COMMON_RELIC","is_prod":false,"is_daily":false,"chose_seed":false,"campfire_upgraded":0,"win_rate":0,"timestamp":1558500217,"path_taken":["M","M","M","?","?","E","R","E","T","M","$","R","E","?","R","BOSS","M","M","$","M","M","R","E"],"build_version":"2019-01-23","purchased_purges":1,"victory":false,"max_hp_per_floor":[70,70,70,70,70,70,70,70,70,70,70,70,70,70,70,70,70,70,70,70,70,70,70,70],"card_choices":[{"not_picked":["Blade Dance","Bane"],"picked":"Poisoned Stab","floor":1.0},{"not_picked":["Sucker Punch","Flying Knee"],"picked":"Dagger Spray","floor":2.0},{"not_picked":["Masterful Stab","Poisoned Stab"],"picked":"Prepared","floor":3.0},{"not_picked":["Flechettes","Choke"],"picked":"Noxious Fumes","floor":6.0},{"not_picked":["Underhanded Strike","Poisoned Stab","Distraction"],"picked":"SKIP","floor":8.0},{"not_picked":["Bane","Deadly Poison"],"picked":"Dodge and Roll","floor":10.0},{"not_picked":["Masterful Stab","Slice"],"picked":"Leg Sweep","floor":13.0},{"not_picked":["Die Die Die","Corpse Explosion"],"picked":"Adrenaline","floor":16.0},{"not_picked":["Escape Plan","Dagger Throw"],"picked":"Cloak And Dagger","floor":18.0},{"not_picked":["Sucker Punch","Riddle With Holes+1"],"picked":"Footwork+1","floor":19.0},{"not_picked":["Outmaneuver","Sucker Punch"],"picked":"Accuracy+1","floor":21.0},{"not_picked":["Dagger Throw","Blur"],"picked":"Bane+1","floor":22}],"player_experience":767935,"relics_obtained":[{"floor":6.0,"key":"Letter Opener"},{"floor":8.0,"key":"Kunai"},{"floor":9.0,"key":"Frozen Egg 2"},{"floor":13.0,"key":"Darkstone Periapt"}],"event_choices":[{"damage_healed":0.0,"max_hp_gain":0.0,"max_hp_loss":0.0,"gold_gain":0.0,"event_name":"Accursed Blacksmith","player_choice":"Rummage","floor":4.0,"gold_loss":0.0,"damage_taken":0.0,"relics_obtained":["WarpedTongs"],"cards_obtained":["Pain"]},{"damage_healed":0.0,"max_hp_gain":0.0,"max_hp_loss":0.0,"gold_gain":0.0,"event_name":"Match and Keep!","player_choice":"2 cards matched","floor":5.0,"gold_loss":0.0,"damage_taken":0.0,"cards_obtained":["Neutralize","Malaise"]},{"damage_healed":0.0,"max_hp_gain":0.0,"max_hp_loss":0.0,"gold_gain":0.0,"event_name":"Golden Wing","player_choice":"Ignored","floor":14.0,"gold_loss":0.0,"damage_taken":0.0}],"is_beta":false,"boss_relics":[{"not_picked":["Black Star","White Beast Statue"],"picked":"Snecko Eye"}],"items_purged_floors":[11],"is_endless":false,"potions_floor_spawned":[3,10,21,22],"killed_by":"Book of Stabbing","ascension_level":12}