{"path_per_floor":["M","M","M","?","$","R","M","?","T","R","$","M","?","M","R","B",null,"M","?","?","M","M","R","E","R","T","R","M","M","M","M","R"],"character_chosen":"IRONCLAD","items_purchased":[],"gold_per_floor":[111,129,146,146,71,71,84,84,84,84,84,100,100,120,120,222,222,236,236,236,255,273,273,304,304,386,386,399,412,425,437,437],"floor_reached":33,"campfire_rested":4,"playtime":3228,"current_hp_per_floor":[80,80,80,73,73,73,75,63,63,63,63,45,45,44,68,28,80,80,80,80,70,42,42,15,39,39,63,45,33,17,13,37],"items_purged":["Strike_R"],"gold":437,"score":261,"play_id":"2915649c-60a5-46ab-9b8e-cec4d8659c4d","is_prod":false,"is_daily":false,"is_ascension_mode":false,"campfire_upgraded":3,"path_taken":["M","M","M","?","$","R","M","?","T","R","?","?","?","?","R","BOSS","M","?","?","M","M","R","E","R","T","R","M","M","?","?","R","BOSS"],"build_version":"2018-02-19-BETA1","purchased_purges":1,"victory":false,"master_deck":["Strike_R","Strike_R+1","Strike_R","Strike_R","Defend_R","Defend_R","Defend_R","Bash+1","Writhe","Double Tap+1","Cleave","Dropkick","Anger+1","Dual Wield","Cleave+1","Exhume","Clothesline+1","True Grit+1","Shrug It Off+1","Anger","Thunderclap+1"],"max_hp_per_floor":[80,80,80,80,80,80,80,80,80,80,80,80,80,80,80,80,80,80,80,80,80,80,80,80,80,80,80,80,80,80,80,80],"relics":["Burning Blood","Peace Pipe","Vajra","Orichalcum","Mark of Pain","Prayer Wheel","Whetstone","Bottled Lightning"],"card_choices":[{"not_picked":["Demon Form","Offering"],"picked":"Double Tap"},{"not_picked":["Flame Barrier","Iron Wave"],"picked":"Cleave"},{"not_picked":["Rage","Second Wind"],"picked":"Dropkick"},{"not_picked":["Thunderclap","Pommel Strike"],"picked":"Anger"},{"not_picked":["Entrench","Fire Breathing"],"picked":"Dual Wield"},{"not_picked":["Reaper","Dual Wield"],"picked":"Cleave"},{"not_picked":["Feed","Impervious"],"picked":"Exhume"},{"not_picked":["Feel No Pain","Shockwave"],"picked":"Clothesline"},{"not_picked":["Cleave","Evolve"],"picked":"True Grit"},{"not_picked":["Thunderclap","Warcry"],"picked":"Shrug It Off"},{"not_picked":["Heavy Blade","Havoc"],"picked":"Anger"},{"not_picked":["Warcry","Perfected Strike"],"picked":"Thunderclap"}],"player_experience":91334,"potions_floor_usage":[18,22,30,33,33,33],"damage_taken":[{"damage":5,"enemies":"Small Slimes","floor":1,"turns":3},{"damage":6,"enemies":"Jaw Worm","floor":2,"turns":3},{"damage":0,"enemies":"2 Louse","floor":3,"turns":2},{"damage":4,"enemies":"Blue Slaver","floor":7,"turns":3},{"damage":24,"enemies":"Large Slime","floor":12,"turns":6},{"damage":7,"enemies":"Red Slaver","floor":14,"turns":2},{"damage":46,"enemies":"Hexaghost","floor":16,"turns":9},{"damage":0,"enemies":"Chosen","floor":18,"turns":5},{"damage":16,"enemies":"Shell Parasite","floor":21,"turns":5},{"damage":34,"enemies":"Cultist and Chosen","floor":22,"turns":5},{"damage":33,"enemies":"Gremlin Leader","floor":24,"turns":5},{"damage":24,"enemies":"Snake Plant","floor":28,"turns":4},{"damage":18,"enemies":"Chosen and Byrds","floor":29,"turns":6},{"damage":22,"enemies":"Sentry and Sphere","floor":30,"turns":6},{"damage":10,"enemies":"Snecko","floor":31,"turns":5},{"damage":58,"enemies":"Champ","floor":33,"turns":8}],"event_choices":[{"event_name":"Golden Wing","player_choice":"Card Removal","floor":4,"damage_taken":0},{"event_name":"Scrap Ooze","player_choice":"success","floor":8,"damage_taken":12},{"event_name":"Dead Adventurer","player_choice":"Searched \u00271\u0027 times","floor":13,"damage_taken":0},{"event_name":"Vampires","player_choice":"Ignored","floor":19,"damage_taken":0},{"event_name":"The Mausoleum","player_choice":"Yes","floor":20,"damage_taken":0}],"boss_relics":[{"not_picked":["Pandora\u0027s Box","Ectoplasm"],"picked":"Mark of Pain"}],"potions_floor_spawned":[1,3,7,12,14,28,30,31],"seed_played":"4573207984780859767","killed_by":"Champ","ascension_level":0,"is_trial":false}