{"path_per_floor":["M","?","?","?","$","E","$","?","T","R","M","R","M","M","R","B",null,"M","?","$","?","?","M","?","M","T","M"],"character_chosen":"IRONCLAD","items_purchased":["Apotheosis"],"gold_per_floor":[114,114,114,364,289,317,31,31,31,31,42,42,62,79,79,179,179,193,93,93,93,193,208,208,228,308,319],"floor_reached":28,"campfire_rested":0,"playtime":1456,"current_hp_per_floor":[78,78,78,78,78,80,80,80,80,80,80,80,80,78,78,20,80,80,80,80,72,72,68,68,40,40,25],"items_purged":["Regret","Regret"],"gold":319,"score":248,"play_id":"646b390b-6744-4a6b-a3b7-e06ebdf8123d","is_prod":false,"is_daily":false,"is_ascension_mode":true,"campfire_upgraded":3,"path_taken":["M","?","?","?","$","E","$","?","T","R","M","R","M","?","R","BOSS","M","?","$","?","?","M","?","M","T","M","E"],"build_version":"2018-02-23-BETA1","purchased_purges":2,"victory":false,"master_deck":["Strike_R","Strike_R","Strike_R","Strike_R","Defend_R","Defend_R","Defend_R","Defend_R","Bash+1","Flex+1","Armaments","Apotheosis+1","Anger","Sword Boomerang+1","Power Through+1","J.A.X.","Demon Form","Heavy Blade"],"max_hp_per_floor":[80,80,80,80,80,80,80,80,80,80,80,80,80,80,80,80,80,80,80,80,80,80,80,80,80,80,80],"relics":["Burning Blood","Ancient Tea Set","Bag of Marbles","Prayer Wheel","Ginger","Question Card","Kunai"],"card_choices":[{"not_picked":["Flame Barrier","Cleave"],"picked":"Flex"},{"not_picked":["Thunderclap","Shrug It Off"],"picked":"Armaments"},{"not_picked":["Shrug It Off","Uppercut"],"picked":"Anger"},{"not_picked":["Berserk","Body Slam"],"picked":"Sword Boomerang"},{"not_picked":["Armaments","True Grit","Rage"],"picked":"Power Through"},{"not_picked":["Thunderclap","Twin Strike","Sword Boomerang"],"picked":"Demon Form"},{"not_picked":["Body Slam","Armaments","Wild Strike"],"picked":"Heavy Blade"}],"player_experience":123791,"potions_floor_usage":[6,18,27,27],"damage_taken":[{"damage":8,"enemies":"2 Louse","floor":1,"turns":3},{"damage":4,"enemies":"Gremlin Nob","floor":6,"turns":3},{"damage":4,"enemies":"Jaw Worm","floor":11,"turns":2},{"damage":0,"enemies":"Small Slimes","floor":13,"turns":3},{"damage":8,"enemies":"2 Fungi Beasts","floor":14,"turns":3},{"damage":64,"enemies":"Hexaghost","floor":16,"turns":10},{"damage":0,"enemies":"Chosen","floor":18,"turns":3},{"damage":10,"enemies":"Spheric Guardian","floor":23,"turns":4},{"damage":34,"enemies":"Centurion and Healer","floor":25,"turns":8},{"damage":21,"enemies":"3 Cultists","floor":27,"turns":5},{"damage":32,"enemies":"Gremlin Leader","floor":28,"turns":3}],"event_choices":[{"event_name":"Big Fish","player_choice":"Box","floor":2,"damage_taken":0},{"event_name":"Living Wall","player_choice":"Grow","floor":3,"damage_taken":0},{"event_name":"Golden Shrine","player_choice":"Desecrate","floor":4,"damage_taken":0},{"event_name":"Dead Adventurer","player_choice":"Searched \u00271\u0027 times","floor":8,"damage_taken":0},{"event_name":"Drug Dealer","player_choice":"Got JAXXED","floor":19,"damage_taken":0},{"event_name":"Knowing Skull","player_choice":"","floor":21,"damage_taken":0},{"event_name":"Golden Shrine","player_choice":"Pray","floor":22,"damage_taken":0},{"event_name":"Back to Basics","player_choice":"Elegance","floor":24,"damage_taken":0}],"boss_relics":[{"not_picked":["Snecko Eye","Tiny House"],"picked":"Question Card"}],"potions_floor_spawned":[1,6,16,25],"seed_played":"4995885341283995207","killed_by":"Gremlin Leader","ascension_level":3,"is_trial":false}