{"gold_per_floor":[117,117,117,128,0,31,31,57,57,57,57,57,72,89,89,165,165,182,197,197,41,60,60,76,76,103,103,116,166,166,177,177,254,254,265,265,265,188,207,207,240,252,252,116,129,129,144,164,164,164],"floor_reached":51,"playtime":2374,"items_purged":["Strike_B"],"score":1242,"play_id":"88aad77b-f06c-4e00-94c8-3c9e3b770b3b","local_time":"20190425090326","is_ascension_mode":true,"campfire_choices":[{"data":"Consume","floor":7.0,"key":"SMITH"},{"data":"White Noise","floor":12.0,"key":"SMITH"},{"data":"Zap","floor":15.0,"key":"SMITH"},{"floor":23.0,"key":"REST"},{"floor":25.0,"key":"REST"},{"data":"Coolheaded","floor":27.0,"key":"SMITH"},{"data":"Hologram","floor":30.0,"key":"SMITH"},{"data":"Recycle","floor":32.0,"key":"SMITH"},{"floor":40,"key":"REST"},{"data":"Reboot","floor":46,"key":"SMITH"},{"floor":49,"key":"REST"}],"neow_cost":"NONE","seed_source_timestamp":0,"circlet_count":0,"master_deck":["AscendersBane","Defend_B","Defend_B","Defend_B","Zap+1","Dualcast","Coolheaded+1","White Noise+1","Cold Snap","Consume+1","Blizzard+1","Defragment+1","Electrodynamics+1","Chill","Hologram+1","Glacier","Defragment+1","Coolheaded","Recycle+1","Reboot+1","Rainbow+1","Blizzard+1","Reinforced Body+1","Defragment+1","Heatsinks+1","Discovery+1","Redo+1","Recycle+1","Conserve Battery+1"],"special_seed":0,"relics":["Cracked Core","NeowsBlessing","Mummified Hand","Strawberry","Frozen Egg 2","Calling Bell","Centennial Puzzle","Dodecahedron","Emotion Chip","Enchiridion","Whetstone","Astrolabe","Blood Vial","Toxic Egg 2"],"potions_floor_usage":[50],"damage_taken":[{"damage":0.0,"enemies":"Jaw Worm","floor":1.0,"turns":1.0},{"damage":0.0,"enemies":"Small Slimes","floor":4.0,"turns":1.0},{"damage":0.0,"enemies":"Lagavulin","floor":6.0,"turns":1.0},{"damage":35.0,"enemies":"Gremlin Nob","floor":8.0,"turns":6.0},{"damage":0.0,"enemies":"Cultist","floor":13.0,"turns":3.0},{"damage":10.0,"enemies":"Lots of Slimes","floor":14.0,"turns":4.0},{"damage":18.0,"enemies":"Hexaghost","floor":16.0,"turns":16.0},{"damage":2.0,"enemies":"Spheric Guardian","floor":18.0,"turns":3.0},{"damage":15.0,"enemies":"2 Thieves","floor":19.0,"turns":3.0},{"damage":19.0,"enemies":"Snake Plant","floor":22.0,"turns":2.0},{"damage":1.0,"enemies":"Centurion and Healer","floor":24.0,"turns":3.0},{"damage":2.0,"enemies":"Chosen and Byrds","floor":28.0,"turns":5.0},{"damage":0.0,"enemies":"Snecko","floor":31.0,"turns":5.0},{"damage":5.0,"enemies":"Automaton","floor":33.0,"turns":9.0},{"damage":16,"enemies":"3 Darklings","floor":35,"turns":2},{"damage":0,"enemies":"3 Shapes","floor":39,"turns":1},{"damage":15,"enemies":"Reptomancer","floor":41,"turns":7},{"damage":6,"enemies":"Writhing Mass","floor":42,"turns":9},{"damage":0,"enemies":"Spire Growth","floor":45,"turns":6},{"damage":0,"enemies":"Jaw Worm Horde","floor":47,"turns":3},{"damage":16,"enemies":"3 Darklings","floor":48,"turns":4},{"damage":21,"enemies":"Donu and Deca","floor":50,"turns":7}],"seed_played":"76724901425066491","potions_obtained":[{"floor":1.0,"key":"Fire Potion"},{"floor":3.0,"key":"Ancient Potion"},{"floor":13.0,"key":"EssenceOfSteel"},{"floor":22.0,"key":"Swift Potion"},{"floor":33.0,"key":"FocusPotion"}],"is_trial":false,"path_per_floor":["M","?","?","M","$","E","R","E","T","$","?","R","M","M","R","B",null,"M","M","?","$","M","R","M","R","T","R","M","?","R","M","R","B",null,"M","?","?","$","M","R","E","M","T","$","M","R","M","M","R","B",null],"character_chosen":"DEFECT","items_purchased":["Cold Snap","Glacier","Defragment+1","Defragment+1","Discovery+1","Redo+1"],"campfire_rested":4,"item_purchase_floors":[5,21,21,38,44,44],"current_hp_per_floor":[64,57,57,57,57,57,57,29,29,29,29,29,29,19,19,1,59,57,42,21,21,2,25,24,47,47,47,45,45,45,45,45,40,69,53,53,53,53,53,76,61,57,57,57,59,59,61,47,70,51],"gold":164,"neow_bonus":"THREE_ENEMY_KILL","is_prod":false,"is_daily":false,"chose_seed":false,"campfire_upgraded":7,"win_rate":0,"timestamp":1556150606,"path_taken":["M","?","?","?","?","E","R","E","T","$","?","R","M","M","R","BOSS","M","M","?","$","M","R","M","R","T","R","M","?","R","?","R","BOSS","M","?","?","$","M","R","E","M","T","$","?","R","M","M","R","BOSS"],"build_version":"2019-01-23","purchased_purges":1,"victory":true,"max_hp_per_floor":[71,71,71,71,71,71,71,78,78,78,78,78,78,78,78,78,78,78,78,78,78,78,78,78,78,78,78,78,78,78,78,78,78,78,78,78,78,78,78,78,78,78,78,78,78,78,78,78,78,78],"card_choices":[{"not_picked":["BootSequence","Ball Lightning"],"picked":"Coolheaded","floor":1.0},{"not_picked":["Storm","Reinforced Body"],"picked":"White Noise","floor":4.0},{"not_picked":["Beam Cell","Ball Lightning"],"picked":"Consume","floor":6.0},{"not_picked":["Double Energy","Hello World"],"picked":"Blizzard","floor":8.0},{"not_picked":["Compile Driver","Leap","Barrage"],"picked":"SKIP","floor":13.0},{"not_picked":["Go for the Eyes","Rebound"],"picked":"Defragment+1","floor":14.0},{"not_picked":["Thunder Strike","Biased Cognition+1"],"picked":"Electrodynamics+1","floor":16.0},{"not_picked":["Fusion","Sunder"],"picked":"Chill","floor":18.0},{"not_picked":["Steam Power+1","Scrape"],"picked":"Hologram","floor":19.0},{"not_picked":["Beam Cell","Redo"],"picked":"Coolheaded","floor":22.0},{"not_picked":["Tempest","Rebound","Steam"],"picked":"SKIP","floor":24.0},{"not_picked":["Coolheaded","Leap"],"picked":"Cold Snap","floor":28.0},{"not_picked":["Hyperbeam","Skim"],"picked":"Recycle","floor":31.0},{"not_picked":["Fission","Multi-Cast"],"picked":"Reboot","floor":33.0},{"not_picked":["Rebound+1","Turbo+1","Lockon"],"picked":"SKIP","floor":35},{"not_picked":["Reinforced Body","Gash","Leap"],"picked":"SKIP","floor":39},{"not_picked":["Blizzard","Genetic Algorithm"],"picked":"Heatsinks+1","floor":41},{"not_picked":["Rebound","Go for the Eyes+1","Auto Shields+1"],"picked":"SKIP","floor":42},{"not_picked":["FTL","Beam Cell+1","Hello World+1"],"picked":"SKIP","floor":45},{"not_picked":["Leap+1","Compile Driver"],"picked":"Recycle+1","floor":47},{"not_picked":["Turbo+1","Leap+1"],"picked":"Conserve Battery+1","floor":48}],"player_experience":281330,"relics_obtained":[{"floor":6.0,"key":"Mummified Hand"},{"floor":8.0,"key":"Strawberry"},{"floor":9.0,"key":"Frozen Egg 2"},{"floor":17.0,"key":"Centennial Puzzle"},{"floor":17.0,"key":"Dodecahedron"},{"floor":17.0,"key":"Emotion Chip"},{"floor":20.0,"key":"Enchiridion"},{"floor":26.0,"key":"Whetstone"},{"floor":41,"key":"Blood Vial"},{"floor":43,"key":"Toxic Egg 2"}],"event_choices":[{"cards_removed":["Strike_B"],"damage_healed":0.0,"max_hp_gain":0.0,"max_hp_loss":0.0,"gold_gain":0.0,"event_name":"Golden Wing","player_choice":"Card Removal","floor":2.0,"gold_loss":0.0,"damage_taken":7.0},{"damage_healed":0.0,"max_hp_gain":0.0,"max_hp_loss":0.0,"gold_gain":0.0,"event_name":"Lab","player_choice":"Got Potions","floor":3.0,"gold_loss":0.0,"damage_taken":0.0},{"damage_healed":0.0,"max_hp_gain":0.0,"max_hp_loss":0.0,"gold_gain":0.0,"event_name":"Shining Light","player_choice":"Ignored","floor":11.0,"gold_loss":0.0,"damage_taken":0.0},{"damage_healed":0.0,"max_hp_gain":0.0,"max_hp_loss":0.0,"gold_gain":0.0,"event_name":"Cursed Tome","player_choice":"Obtained Book","floor":20.0,"gold_loss":0.0,"damage_taken":21.0},{"damage_healed":0.0,"max_hp_gain":0.0,"max_hp_loss":0.0,"gold_gain":50.0,"event_name":"Golden Shrine","player_choice":"Pray","floor":29.0,"gold_loss":0.0,"damage_taken":0.0},{"cards_removed":["Cold Snap"],"damage_healed":0,"gold_gain":0,"player_choice":"Removed Attack","damage_taken":0,"max_hp_gain":0,"max_hp_loss":0,"event_name":"Falling","floor":36,"gold_loss":0},{"damage_healed":0,"gold_gain":0,"player_choice":"Ignored","damage_taken":0,"max_hp_gain":0,"max_hp_loss":0,"event_name":"Tomb of Lord Red Mask","floor":37,"gold_loss":0}],"is_beta":false,"boss_relics":[{"not_picked":["Busted Crown","Cursed Key"],"picked":"Calling Bell"},{"not_picked":["Black Star","White Beast Statue"],"picked":"Astrolabe"}],"items_purged_floors":[5],"is_endless":false,"potions_floor_spawned":[1,4,6,13,22,24,33,35,42,47,48],"ascension_level":16}