{"gold_per_floor":[212,229,248,198,198,229,54,80,80,80,96,127,142,156,156,257,257,243,45,57,57],"floor_reached":21,"playtime":2743,"items_purged":["Defend_R"],"score":211,"play_id":"260218b9-9336-4470-ad5a-4de2c28f2ecf","local_time":"20190510234255","is_ascension_mode":true,"campfire_choices":[{"floor":15,"key":"REST"}],"neow_cost":"NONE","seed_source_timestamp":0,"circlet_count":0,"master_deck":["Strike_R","Strike_R","Strike_R","Defend_R","Defend_R","Defend_R","Bash","Rampage","Pommel Strike","True Grit","Searing Blow+1","Shrug It Off","True Grit","Ghostly Armor+1","Warcry+1","Shrug It Off+1","Impervious+1","Flame Barrier+1","Burning Pact+1","Double Tap+1","Sever Soul+1"],"special_seed":0,"relics":["Burning Blood","Bag of Preparation","Toxic Egg 2","Shuriken","Runic Cube"],"potions_floor_usage":[18,21,21],"damage_taken":[{"damage":12.0,"enemies":"Small Slimes","floor":1.0,"turns":4.0},{"damage":2.0,"enemies":"2 Louse","floor":2.0,"turns":3.0},{"damage":11.0,"enemies":"Jaw Worm","floor":3.0,"turns":2.0},{"damage":25.0,"enemies":"Lagavulin","floor":6.0,"turns":7.0},{"damage":18,"enemies":"Gremlin Nob","floor":8,"turns":5},{"damage":1,"enemies":"Large Slime","floor":11,"turns":7},{"damage":22,"enemies":"Lagavulin","floor":12,"turns":8},{"damage":5,"enemies":"Exordium Thugs","floor":13,"turns":5},{"damage":0,"enemies":"Blue Slaver","floor":14,"turns":4},{"damage":7,"enemies":"The Guardian","floor":16,"turns":13},{"damage":16,"enemies":"2 Thieves","floor":18,"turns":4},{"damage":15,"enemies":"Spheric Guardian","floor":20,"turns":6},{"damage":17,"enemies":"Colosseum Slavers","floor":21,"turns":9},{"damage":60,"enemies":"Colosseum Nobs","floor":21,"turns":6}],"seed_played":"-611570326976708088","potions_obtained":[{"floor":1.0,"key":"SteroidPotion"},{"floor":11,"key":"SpeedPotion"},{"floor":12,"key":"Explosive Potion"}],"is_trial":false,"path_per_floor":["M","M","M","?","?","E","$","E","T","?","M","E","M","M","R","B",null,"M","$","M","?"],"character_chosen":"IRONCLAD","items_purchased":["Shrug It Off","True Grit","Burning Pact+1","Double Tap+1"],"campfire_rested":1,"item_purchase_floors":[7,7,19,19],"current_hp_per_floor":[74,78,73,73,66,47,47,35,35,35,40,24,25,31,55,54,80,70,70,61,0],"gold":57,"neow_bonus":"HUNDRED_GOLD","is_prod":false,"is_daily":false,"chose_seed":false,"campfire_upgraded":0,"win_rate":0,"timestamp":1557524575,"path_taken":["M","M","M","?","?","E","?","E","T","?","M","E","M","?","R","BOSS","M","$","M","?"],"build_version":"2019-01-23","purchased_purges":1,"victory":false,"max_hp_per_floor":[80,80,80,80,80,80,80,80,80,80,80,80,80,80,80,80,80,80,80,80,80],"card_choices":[{"not_picked":["Infernal Blade","Pommel Strike"],"picked":"Rampage","floor":1.0},{"not_picked":["Reckless Charge","Twin Strike"],"picked":"Pommel Strike","floor":2.0},{"not_picked":["Battle Trance","Thunderclap"],"picked":"True Grit","floor":3.0},{"not_picked":["Pommel Strike","True Grit"],"picked":"Searing Blow","floor":6.0},{"not_picked":["Anger","Flex"],"picked":"Ghostly Armor","floor":8},{"not_picked":["Cleave","Anger"],"picked":"Warcry+1","floor":11},{"not_picked":["Brutality","Clothesline","Perfected Strike"],"picked":"SKIP","floor":12},{"not_picked":["Sword Boomerang","Pommel Strike","Sever Soul"],"picked":"SKIP","floor":13},{"not_picked":["Spot Weakness+1","Searing Blow"],"picked":"Shrug It Off+1","floor":14},{"not_picked":["Bludgeon","Brutality"],"picked":"Impervious+1","floor":16},{"not_picked":["Heavy Blade","Pommel Strike"],"picked":"Flame Barrier+1","floor":18},{"not_picked":["Body Slam","Thunderclap"],"picked":"Sever Soul+1","floor":20}],"player_experience":74319,"relics_obtained":[{"floor":6.0,"key":"Bag of Preparation"},{"floor":8,"key":"Toxic Egg 2"},{"floor":12,"key":"Shuriken"}],"event_choices":[{"cards_removed":["Strike_R"],"damage_healed":0.0,"max_hp_gain":0.0,"max_hp_loss":0.0,"gold_gain":0.0,"event_name":"The Cleric","player_choice":"Card Removal","floor":4.0,"gold_loss":50.0,"damage_taken":0.0},{"cards_removed":["Strike_R"],"damage_healed":0.0,"max_hp_gain":0.0,"max_hp_loss":0.0,"gold_gain":0.0,"event_name":"Golden Wing","player_choice":"Card Removal","floor":5.0,"gold_loss":0.0,"damage_taken":7.0},{"damage_healed":0,"gold_gain":0,"player_choice":"Upgraded","damage_taken":0,"max_hp_gain":0,"max_hp_loss":0,"event_name":"Upgrade Shrine","floor":10,"gold_loss":0,"cards_upgraded":["Searing Blow"]},{"damage_healed":0,"gold_gain":0,"player_choice":"Fight","damage_taken":0,"max_hp_gain":0,"max_hp_loss":0,"event_name":"Colosseum","floor":21,"gold_loss":0},{"damage_healed":0,"gold_gain":0,"player_choice":"Fought Nobs","damage_taken":0,"max_hp_gain":0,"max_hp_loss":0,"event_name":"Colosseum","floor":21,"gold_loss":0}],"is_beta":false,"boss_relics":[{"not_picked":["Fusion Hammer","Tiny House"],"picked":"Runic Cube"}],"items_purged_floors":[7],"is_endless":false,"potions_floor_spawned":[1,11,12,13,21],"killed_by":"Colosseum Nobs","ascension_level":1}