{"path_per_floor":["M","M","M","M","$","R","M","R","T","M","?","R","?","M","R","B",null,"M","M","?","M","?","E","M","?","T","R","E","$","R","M","R","B",null,"M","M","$","M","?","R","?","M","T","R","M","?","?","M","R","B"],"character_chosen":"THE_SILENT","items_purchased":["Noxious Fumes","Panache"],"gold_per_floor":[114,129,144,114,39,39,54,54,54,69,69,69,69,84,84,184,184,199,214,114,129,129,159,174,174,174,174,204,126,126,141,141,241,241,256,271,82,97,347,347,376,391,391,391,406,406,406,421,421,421],"floor_reached":51,"campfire_rested":1,"playtime":2729,"current_hp_per_floor":[69,69,69,67,67,67,65,65,65,64,64,64,31,31,31,20,70,64,64,64,60,60,49,43,27,29,67,64,64,64,61,61,37,67,64,60,60,57,57,57,56,54,56,56,56,71,71,68,68,61],"items_purged":["Strike_G"],"gold":421,"score":704,"play_id":"ea830611-eb82-409b-92b2-f98dcad1a1eb","local_time":"20180319055728","daily_mods":["Diverse","Night Terrors","Vintage"],"is_prod":false,"is_daily":true,"is_ascension_mode":false,"campfire_upgraded":6,"timestamp":1521435448,"path_taken":["M","M","M","M","$","R","M","R","T","?","?","R","?","M","R","BOSS","M","M","?","M","?","E","?","?","T","R","E","$","R","M","R","BOSS","M","M","$","M","?","R","?","M","T","R","M","?","?","M","R","BOSS"],"build_version":"2018-03-16","purchased_purges":1,"victory":true,"master_deck":["Defend_G","Defend_G","Defend_G","Defend_G","Strike_G+1","Strike_G+1","Survivor+1","Neutralize+1","Uppercut+1","Adrenaline+1","J.A.X.+1","Writhe","All Out Attack+1","Writhe","Backflip+1","Backflip+1","Noxious Fumes+1","Tools of the Trade+1","Bouncing Flask+1","Accuracy+1","Dash+1","Panache+1","Writhe"],"max_hp_per_floor":[70,70,70,70,70,70,70,70,70,70,70,70,70,70,70,70,70,70,70,70,70,70,70,70,70,72,67,67,67,67,67,67,67,67,67,67,67,67,67,67,69,69,71,71,71,71,71,71,71,71],"relics":["Ring of the Snake","Du-Vu Doll","Bottled Flame","Art of War","Girya","Ancient Tea Set","Gambling Chip","Molten Egg 2","Singing Bowl","Kunai","Letter Opener","Cursed Key","Bronze Scales","Mummified Hand","Whetstone","Dream Catcher","Anchor","Prayer Wheel","Nilry\u0027s Codex","Tingsha","Centennial Puzzle","Toxic Egg 2","Frozen Egg 2","Astrolabe","Shuriken","Omamori","Orichalcum","Frozen Eye","Smiling Mask","Torii","Pantograph","Blood Vial"],"card_choices":[{"not_picked":["Tactician","Glass Knife"],"picked":"Adrenaline"},{"not_picked":["Outmaneuver","Die Die Die"],"picked":"All Out Attack"},{"not_picked":["Masterful Stab","Calculated Gamble"],"picked":"Backflip"},{"not_picked":["Flying Knee","Outmaneuver"],"picked":"Backflip"},{"not_picked":["Bullet Time","Venomology"],"picked":"Tools of the Trade"}],"player_experience":221388,"potions_floor_usage":[23,23,23,28,50,50],"damage_taken":[{"damage":1,"enemies":"Cultist","floor":1,"turns":4},{"damage":0,"enemies":"Small Slimes","floor":2,"turns":4},{"damage":0,"enemies":"Jaw Worm","floor":3,"turns":4},{"damage":2,"enemies":"Looter","floor":4,"turns":4},{"damage":2,"enemies":"3 Louse","floor":7,"turns":3},{"damage":1,"enemies":"2 Fungi Beasts","floor":10,"turns":3},{"damage":0,"enemies":"Exordium Thugs","floor":14,"turns":4},{"damage":11,"enemies":"Slime Boss","floor":16,"turns":8},{"damage":6,"enemies":"Spheric Guardian","floor":18,"turns":4},{"damage":0,"enemies":"Shell Parasite","floor":19,"turns":2},{"damage":4,"enemies":"Centurion and Healer","floor":21,"turns":4},{"damage":11,"enemies":"Slavers","floor":23,"turns":3},{"damage":6,"enemies":"Sentry and Sphere","floor":24,"turns":2},{"damage":3,"enemies":"Book of Stabbing","floor":28,"turns":2},{"damage":3,"enemies":"Snecko","floor":31,"turns":2},{"damage":24,"enemies":"Champ","floor":33,"turns":6},{"damage":3,"enemies":"3 Darklings","floor":35,"turns":2},{"damage":4,"enemies":"Orb Walker","floor":36,"turns":2},{"damage":3,"enemies":"Spire Growth","floor":38,"turns":2},{"damage":3,"enemies":"Mysterious Sphere","floor":41,"turns":2},{"damage":2,"enemies":"3 Darklings","floor":42,"turns":2},{"damage":0,"enemies":"Flame Bruiser 2 Orb","floor":45,"turns":3},{"damage":3,"enemies":"Maw","floor":48,"turns":4},{"damage":31,"enemies":"Time Eater","floor":50,"turns":9}],"event_choices":[{"event_name":"Upgrade Shrine","player_choice":"Upgraded","floor":11,"damage_taken":0},{"event_name":"Scrap Ooze","player_choice":"success","floor":13,"damage_taken":33},{"event_name":"Drug Dealer","player_choice":"Got JAXXED","floor":20,"damage_taken":0},{"event_name":"The Mausoleum","player_choice":"Yes","floor":22,"damage_taken":0},{"event_name":"Cursed Tome","player_choice":"Obtained Book","floor":25,"damage_taken":0},{"event_name":"Golden Shrine","player_choice":"Desecrate","floor":39,"damage_taken":0},{"event_name":"Mysterious Sphere","player_choice":"Fight","floor":41,"damage_taken":0},{"event_name":"Bonfire Elementals","player_choice":"UNCOMMON","floor":46,"damage_taken":0},{"event_name":"Winding Halls","player_choice":"Writhe","floor":47,"damage_taken":0}],"boss_relics":[{"not_picked":["Tiny House","Snecko Eye"],"picked":"Cursed Key"},{"not_picked":["Orrery","Eternal Feather"],"picked":"Astrolabe"}],"potions_floor_spawned":[7,10,14,18,19,23,35,41,45,48],"seed_played":"4569236457908174948","ascension_level":0,"is_trial":false}