{"gold_per_floor":[115,190,190,210,210,210,240,240,265,282,312,323,341,341,341,441,441,453,378,404,417,19,19,48,68,93,112,292,326,326,352,352,453,453,464,464,475,697,742,768,25,25,50,79,79,79,79,114,114,114,114,114,37,69,69],"floor_reached":56,"playtime":3396,"items_purged":["Strike_R","Defend_R"],"score":1422,"play_id":"77949ae1-c355-49e4-b433-e66b206e866b","local_time":"20190516192627","is_ascension_mode":true,"campfire_choices":[{"data":"Bash","floor":6,"key":"SMITH"},{"floor":8,"key":"REST"},{"data":"Wild Strike","floor":15,"key":"SMITH"},{"floor":23,"key":"DIG"},{"floor":30,"key":"DIG"},{"floor":32,"key":"DIG"},{"floor":45,"key":"RECALL"},{"floor":47,"key":"DIG"},{"floor":49,"key":"DIG"},{"floor":52,"key":"DIG"}],"neow_cost":"NONE","seed_source_timestamp":228728751598949,"circlet_count":0,"master_deck":["Defend_R+1","Defend_R+1","Bash+1","Pommel Strike","Battle Trance","Anger","Disarm","Battle Trance","Shockwave","Impervious","Flex+1","True Grit+1","Impervious","Whirlwind","Spot Weakness","Second Wind","Disarm","Feel No Pain+1","Limit Break","True Grit+1","Shockwave+1","Shrug It Off+1","Warcry+1","Shrug It Off+1","Evolve+1","Intimidate+1","Doubt","Pummel","Havoc+1","Corruption"],"relics":["Burning Blood","Pantograph","Unceasing Top","War Paint","Shovel","Sozu","Red Mask","Kunai","Lantern","Magic Flower","PreservedInsect","Regal Pillow","Red Skull","Astrolabe","Du-Vu Doll","Bag of Marbles","Champion Belt","Medical Kit","Anchor","Bronze Scales","Dream Catcher","Calipers","Paper Frog","Sundial","Ginger","Mummified Hand","Mango"],"potions_floor_usage":[11,55],"damage_taken":[{"damage":1,"enemies":"Jaw Worm","floor":1,"turns":3},{"damage":0,"enemies":"Cultist","floor":4,"turns":4},{"damage":52,"enemies":"3 Sentries","floor":7,"turns":10},{"damage":0,"enemies":"Small Slimes","floor":10,"turns":2},{"damage":22,"enemies":"Lagavulin","floor":11,"turns":7},{"damage":2,"enemies":"Blue Slaver","floor":12,"turns":4},{"damage":7,"enemies":"Looter","floor":13,"turns":3},{"damage":32,"enemies":"Hexaghost","floor":16,"turns":10},{"damage":4,"enemies":"Chosen","floor":18,"turns":5},{"damage":1,"enemies":"Masked Bandits","floor":20,"turns":3},{"damage":10,"enemies":"3 Byrds","floor":21,"turns":5},{"damage":0,"enemies":"Gremlin Leader","floor":24,"turns":5},{"damage":3,"enemies":"Snake Plant","floor":25,"turns":6},{"damage":0,"enemies":"Centurion and Healer","floor":27,"turns":5},{"damage":12,"enemies":"Slavers","floor":29,"turns":6},{"damage":15,"enemies":"Gremlin Leader","floor":31,"turns":5},{"damage":46,"enemies":"Champ","floor":33,"turns":27},{"damage":9,"enemies":"Orb Walker","floor":35,"turns":5},{"damage":17,"enemies":"3 Darklings","floor":37,"turns":4},{"damage":28,"enemies":"2 Orb Walkers","floor":39,"turns":8},{"damage":51,"enemies":"Reptomancer","floor":40,"turns":6},{"damage":1,"enemies":"Nemesis","floor":44,"turns":9},{"damage":23,"enemies":"Giant Head","floor":48,"turns":10},{"damage":8,"enemies":"Donu and Deca","floor":50,"turns":9},{"damage":12,"enemies":"Shield and Spear","floor":54,"turns":6},{"damage":35,"enemies":"The Heart","floor":55,"turns":9}],"seed_played":"-6501852399557236899","potions_obtained":[{"floor":7,"key":"Dexterity Potion"},{"floor":11,"key":"SmokeBomb"},{"floor":12,"key":"AttackPotion"}],"is_trial":false,"path_per_floor":["M","?","?","M","?","R","E","R","T","M","E","M","M","?","R","B",null,"M","?","?","M","$","R","E","M","T","M","?","E","R","E","R","B",null,"M","?","M","?","?","E","$","?","T","E","R","T","R","E","R","B",null,"R","$","E","B",null],"character_chosen":"IRONCLAD","items_purchased":["Kunai","Whirlwind","Champion Belt","Medical Kit","Anchor","Corruption"],"campfire_rested":1,"item_purchase_floors":[22,22,41,41,41,53],"current_hp_per_floor":[80,69,69,75,68,68,22,46,46,52,36,40,39,44,44,43,85,85,85,85,81,81,81,85,85,85,85,61,58,58,52,52,48,85,85,85,77,77,58,16,16,85,85,85,85,85,85,71,71,85,85,85,85,96,73],"gold":69,"neow_bonus":"THREE_CARDS","is_prod":false,"is_daily":false,"chose_seed":false,"campfire_upgraded":2,"win_rate":0,"timestamp":1558049187,"path_taken":["M","?","?","?","?","R","E","R","T","M","E","M","M","?","R","BOSS","M","?","?","M","$","R","E","M","T","M","?","E","R","E","R","BOSS","M","?","M","?","?","E","$","?","T","E","R","?","R","E","R","BOSS","R","$","E","BOSS"],"build_version":"2019-05-07","purchased_purges":2,"victory":true,"max_hp_per_floor":[80,80,80,80,80,80,80,80,80,80,80,80,80,85,85,85,85,85,85,85,85,85,85,85,85,85,85,85,85,85,85,85,85,85,85,85,85,85,85,85,85,85,85,85,85,85,85,85,85,85,85,85,85,99,99],"card_choices":[{"not_picked":["Shrug It Off","Iron Wave"],"picked":"Wild Strike","floor":0},{"not_picked":["Armaments","Pummel"],"picked":"Pommel Strike","floor":1},{"not_picked":["Iron Wave","Rage"],"picked":"Battle Trance","floor":4},{"not_picked":["Flex","Sword Boomerang"],"picked":"Anger","floor":7},{"not_picked":["Flex","Warcry"],"picked":"Disarm","floor":10},{"not_picked":["Infernal Blade","Sword Boomerang","Dropkick"],"picked":"SKIP","floor":11},{"not_picked":["Reckless Charge","Warcry"],"picked":"Battle Trance","floor":12},{"not_picked":["Flex","Anger"],"picked":"Shockwave","floor":13},{"not_picked":["Dark Embrace","Juggernaut"],"picked":"Impervious","floor":16},{"not_picked":["Havoc","Uppercut"],"picked":"Flex+1","floor":18},{"not_picked":["Body Slam+1","Wild Strike"],"picked":"True Grit+1","floor":20},{"not_picked":["Sever Soul+1","Blood for Blood"],"picked":"Impervious","floor":21},{"not_picked":["Heavy Blade+1","Sword Boomerang+1"],"picked":"Spot Weakness","floor":24},{"not_picked":["Cleave+1","Carnage"],"picked":"Second Wind","floor":25},{"not_picked":["Sever Soul+1","Heavy Blade","Spot Weakness"],"picked":"SKIP","floor":27},{"not_picked":["Corruption","Iron Wave+1"],"picked":"Disarm","floor":29},{"not_picked":["Body Slam","Blood for Blood"],"picked":"Feel No Pain+1","floor":31},{"not_picked":["Dark Embrace","Brutality"],"picked":"Limit Break","floor":33},{"not_picked":["Flex","Havoc"],"picked":"Warcry+1","floor":35},{"not_picked":["Flex","Intimidate"],"picked":"Shrug It Off+1","floor":37},{"not_picked":["Spot Weakness+1","True Grit+1"],"picked":"Evolve+1","floor":39},{"not_picked":["Anger","Heavy Blade"],"picked":"Intimidate+1","floor":40},{"not_picked":["Feed","Seeing Red+1"],"picked":"Pummel","floor":44},{"not_picked":["Spot Weakness+1","Rupture"],"picked":"Havoc+1","floor":48},{"not_picked":["Pommel Strike","Reckless Charge","Clothesline"],"picked":"SKIP","floor":54}],"player_experience":1411105,"relics_obtained":[{"floor":7,"key":"Unceasing Top"},{"floor":9,"key":"War Paint"},{"floor":11,"key":"Shovel"},{"floor":20,"key":"Red Mask"},{"floor":23,"key":"Lantern"},{"floor":24,"key":"Magic Flower"},{"floor":29,"key":"PreservedInsect"},{"floor":30,"key":"Regal Pillow"},{"floor":32,"key":"Red Skull"},{"floor":39,"key":"Du-Vu Doll"},{"floor":40,"key":"Bag of Marbles"},{"floor":43,"key":"Bronze Scales"},{"floor":44,"key":"Dream Catcher"},{"floor":46,"key":"Calipers"},{"floor":47,"key":"Paper Frog"},{"floor":48,"key":"Sundial"},{"floor":49,"key":"Ginger"},{"floor":52,"key":"Mummified Hand"},{"floor":54,"key":"Mango"}],"event_choices":[{"damage_healed":0,"gold_gain":75,"player_choice":"Gather Gold","damage_taken":11,"max_hp_gain":0,"max_hp_loss":0,"event_name":"World of Goop","floor":2,"gold_loss":0},{"cards_removed":["Strike_R"],"damage_healed":0,"gold_gain":0,"player_choice":"Offered Basic","damage_taken":0,"max_hp_gain":0,"max_hp_loss":0,"event_name":"Bonfire Elementals","floor":3,"gold_loss":0},{"damage_healed":0,"gold_gain":0,"player_choice":"Success","damage_taken":7,"relics_obtained":["Pantograph"],"max_hp_gain":0,"max_hp_loss":0,"event_name":"Scrap Ooze","floor":5,"gold_loss":0},{"damage_healed":0,"gold_gain":0,"player_choice":"Donut","damage_taken":0,"max_hp_gain":5,"max_hp_loss":0,"event_name":"Big Fish","floor":14,"gold_loss":0},{"cards_removed":["Strike_R"],"damage_healed":0,"gold_gain":0,"player_choice":"Gave Gold","damage_taken":0,"max_hp_gain":0,"max_hp_loss":0,"event_name":"Beggar","floor":19,"gold_loss":75},{"damage_healed":0,"gold_gain":0,"player_choice":"Fought Bandits","damage_taken":0,"max_hp_gain":0,"max_hp_loss":0,"event_name":"Masked Bandits","floor":20,"gold_loss":0},{"damage_healed":0,"gold_gain":180,"player_choice":"GOLD GOLD ","damage_taken":24,"max_hp_gain":0,"max_hp_loss":0,"event_name":"Knowing Skull","floor":28,"potions_obtained":[],"gold_loss":0,"cards_obtained":[]},{"cards_removed":["Wild Strike"],"damage_healed":0,"gold_gain":0,"player_choice":"Removed Attack","damage_taken":0,"max_hp_gain":0,"max_hp_loss":0,"event_name":"Falling","floor":36,"gold_loss":0},{"damage_healed":0,"gold_gain":222,"player_choice":"Wore Mask","damage_taken":0,"max_hp_gain":0,"max_hp_loss":0,"event_name":"Tomb of Lord Red Mask","floor":38,"gold_loss":0},{"damage_healed":0,"gold_gain":0,"player_choice":"Fight","damage_taken":0,"max_hp_gain":0,"max_hp_loss":0,"event_name":"Mysterious Sphere","floor":39,"gold_loss":0},{"damage_healed":69,"gold_gain":0,"player_choice":"Heal","damage_taken":0,"max_hp_gain":0,"max_hp_loss":0,"event_name":"MindBloom","floor":42,"gold_loss":0,"cards_obtained":["Doubt"]}],"is_beta":true,"boss_relics":[{"not_picked":["Empty Cage","Velvet Choker"],"picked":"Sozu"},{"not_picked":["Eternal Feather","White Beast Statue"],"picked":"Astrolabe"}],"items_purged_floors":[22,41],"is_endless":false,"potions_floor_spawned":[7,11,12,18,20,24,29,31,33,39,40,44,48,54],"ascension_level":1}