{"gold_per_floor":[113,15,28,40,52,52,69,99,99,99,109,85,46,46,46,151,151,166,166,184,115,115,149,149,163,234,244,18,33,33,33,33,133,133,153,153,201,23,47,47,47,64,64,77,77,88,0,12,12,12],"floor_reached":51,"playtime":4084,"items_purged":["Biased Cognition"],"score":692,"play_id":"91dc0c6a-74b9-44cc-8c54-3237ee276f3b","local_time":"20180819145234","is_ascension_mode":false,"campfire_choices":[{"floor":6.0,"key":"REST"},{"data":"Defragment","floor":10.0,"key":"SMITH"},{"floor":15.0,"key":"REST"},{"data":"Capacitor","floor":24.0,"key":"SMITH"},{"floor":32,"key":"REST"},{"floor":40,"key":"REST"},{"floor":45,"key":"REST"},{"floor":49,"key":"REST"}],"neow_cost":"NONE","seed_source_timestamp":154363134509473,"circlet_count":0,"master_deck":["Strike_B+1","Strike_B+1","Strike_B+1","Strike_B+1","Defend_B+1","Defend_B+1","Defend_B+1","Defend_B+1","Zap","Dualcast+1","Fusion","Cold Snap","Compile Driver","Redo","Defragment+1","Capacitor+1","Rainbow+1","Go for the Eyes","Stack","Glacier","Multi-Cast+1","Consume+1","Melter","Conserve Battery+1","Cold Snap","Fission+1","Rebound+1","Conserve Battery+1","Capacitor","Lockon","Echo Form","Decay","Shame","Decay","Cold Snap+1","Trip+1","Doom and Gloom+1","Static Discharge+1","Chill+1","Fusion+1","FTL","White Noise+1","Heatsinks+1","Leap+1"],"special_seed":0,"relics":["Cracked Core","Centennial Puzzle","Meat on the Bone","Toxic Egg 2","Nuclear Battery","Mummified Hand","Darkstone Periapt","War Paint","Calling Bell","Regal Pillow","Frozen Egg 2","Sundial","StoneCalendar","Pen Nib","Pear","Red Mask"],"potions_floor_usage":[25,29,33,37,37,50,50],"damage_taken":[{"damage":6.0,"enemies":"Cultist","floor":1.0,"turns":3.0},{"damage":6.0,"enemies":"2 Louse","floor":3.0,"turns":4.0},{"damage":21.0,"enemies":"Jaw Worm","floor":4.0,"turns":4.0},{"damage":5.0,"enemies":"Large Slime","floor":5.0,"turns":7.0},{"damage":23.0,"enemies":"Exordium Thugs","floor":7.0,"turns":4.0},{"damage":14.0,"enemies":"Lagavulin","floor":8.0,"turns":7.0},{"damage":1.0,"enemies":"2 Fungi Beasts","floor":11.0,"turns":3.0},{"damage":13.0,"enemies":"Slime Boss","floor":16.0,"turns":12.0},{"damage":0.0,"enemies":"Shell Parasite","floor":18.0,"turns":9.0},{"damage":4.0,"enemies":"3 Byrds","floor":20.0,"turns":6.0},{"damage":23.0,"enemies":"Gremlin Leader","floor":23.0,"turns":9.0},{"damage":0,"enemies":"Centurion and Healer","floor":25,"turns":7},{"damage":19,"enemies":"Snake Plant","floor":27,"turns":6},{"damage":4,"enemies":"Snecko","floor":29,"turns":3},{"damage":79,"enemies":"Collector","floor":33,"turns":16},{"damage":23,"enemies":"3 Shapes","floor":35,"turns":4},{"damage":22,"floor":37,"turns":6},{"damage":18,"enemies":"Orb Walker","floor":42,"turns":4},{"damage":34,"enemies":"Spire Growth","floor":44,"turns":6},{"damage":0,"enemies":"Sphere and 2 Shapes","floor":46,"turns":3},{"damage":22,"enemies":"Transient","floor":48,"turns":5},{"damage":21,"enemies":"Donu and Deca","floor":50,"turns":7}],"seed_played":"4870262380819105665","potions_obtained":[{"floor":4.0,"key":"Poison Potion"},{"floor":7.0,"key":"Fruit Juice"},{"floor":8.0,"key":"Fire Potion"},{"floor":11.0,"key":"SmokeBomb"},{"floor":16.0,"key":"Weak Potion"},{"floor":18.0,"key":"FocusPotion"},{"floor":19.0,"key":"SkillPotion"},{"floor":27,"key":"FairyPotion"},{"floor":33,"key":"Weak Potion"},{"floor":35,"key":"FocusPotion"},{"floor":46,"key":"Explosive Potion"},{"floor":48,"key":"AttackPotion"}],"is_trial":false,"path_per_floor":["M","$","M","M","M","R","M","E","T","R","M","$","$","?","R","B",null,"M","?","M","$","?","E","R","M","T","M","$","M","?","$","R","B",null,"M","?","?","$","T","R","$","M","T","M","R","M","?","M","R","B"],"character_chosen":"DEFECT","items_purchased":["Cold Snap","Stack","Glacier","Conserve Battery+1","Cold Snap","War Paint","Capacitor","Static Discharge+1","Chill+1","Fusion+1"],"campfire_rested":6,"item_purchase_floors":[2,12,13,21,21,28,28,38,38,38],"current_hp_per_floor":[69,69,63,42,37,59,41,27,27,27,38,38,38,38,62,49,80,80,80,76,76,76,53,53,53,53,46,46,42,27,27,52,19,103,80,80,58,58,58,103,103,85,95,61,109,109,109,87,113,92],"gold":12,"neow_bonus":"ONE_RANDOM_RARE_CARD","is_prod":false,"is_daily":false,"chose_seed":false,"campfire_upgraded":2,"win_rate":0.0,"timestamp":1534704754,"path_taken":["M","?","?","M","M","R","M","E","T","R","M","?","$","?","R","BOSS","M","?","?","$","?","E","R","M","T","M","$","M","?","?","R","BOSS","M","?","?","?","?","R","$","M","T","M","R","M","?","M","R","BOSS"],"build_version":"2018-08-16","purchased_purges":1,"victory":true,"max_hp_per_floor":[75,75,75,75,75,75,80,80,80,80,80,80,80,80,80,80,80,80,80,80,80,80,80,80,80,80,80,80,80,85,85,85,85,103,103,103,103,103,103,103,103,103,113,113,113,113,113,113,113,113],"card_choices":[{"not_picked":["Streamline","Force Field"],"picked":"Fusion","floor":1.0},{"not_picked":["Aggregate","Barrage"],"picked":"Compile Driver","floor":3.0},{"not_picked":["Tempest","Steam"],"picked":"Redo","floor":4.0},{"not_picked":["Tempest","Redo"],"picked":"Defragment","floor":5.0},{"not_picked":["Leap","Force Field"],"picked":"Capacitor","floor":7.0},{"not_picked":["Ball Lightning","Reinforced Body"],"picked":"Rainbow","floor":8.0},{"not_picked":["Turbo","Beam Cell"],"picked":"Go for the Eyes","floor":11.0},{"not_picked":["All For One","Thunder Strike"],"picked":"Multi-Cast+1","floor":16.0},{"not_picked":["Conserve Battery+1","Streamline"],"picked":"Consume+1","floor":18.0},{"not_picked":["Darkness+1","Rebound+1"],"picked":"Melter","floor":20.0},{"not_picked":["Glacier+1","Go for the Eyes+1"],"picked":"Fission+1","floor":23.0},{"not_picked":["Go for the Eyes+1","Double Energy+1"],"picked":"Rebound+1","floor":25},{"not_picked":["Genetic Algorithm+1","Sweeping Beam"],"picked":"Conserve Battery+1","floor":27},{"not_picked":["Gash","Compile Driver"],"picked":"Lockon","floor":29},{"not_picked":["Meteor Strike","Biased Cognition"],"picked":"Echo Form","floor":33},{"not_picked":["Leap+1","Barrage+1"],"picked":"Cold Snap+1","floor":35},{"not_picked":["PanicButton+1","Mayhem+1"],"picked":"Trip+1","floor":36},{"not_picked":["Scrape+1","Leap+1"],"picked":"Doom and Gloom+1","floor":37},{"not_picked":["Compile Driver","Heatsinks+1"],"picked":"FTL","floor":42},{"not_picked":["Hologram+1","Turbo+1"],"picked":"White Noise+1","floor":44},{"not_picked":["Rebound","Sweeping Beam+1"],"picked":"Heatsinks+1","floor":46},{"not_picked":["Hologram+1","Go for the Eyes"],"picked":"Leap+1","floor":48}],"player_experience":27185,"relics_obtained":[{"floor":8.0,"key":"Centennial Puzzle"},{"floor":9.0,"key":"Meat on the Bone"},{"floor":23.0,"key":"Mummified Hand"},{"floor":26,"key":"Darkstone Periapt"},{"floor":34,"key":"Regal Pillow"},{"floor":34,"key":"Frozen Egg 2"},{"floor":34,"key":"Sundial"},{"floor":37,"key":"StoneCalendar"},{"floor":39,"key":"Pen Nib"},{"floor":43,"key":"Pear"}],"event_choices":[{"event_name":"Wheel of Change","player_choice":"Relic","floor":14.0,"damage_taken":0.0},{"event_name":"The Lab","player_choice":"Got Potions","floor":19.0,"damage_taken":0.0},{"event_name":"Back to Basics","player_choice":"Simplicity","floor":22.0,"damage_taken":0.0},{"event_name":"Forgotten Altar","player_choice":"Shed Blood","floor":30,"damage_taken":0},{"event_name":"SensoryStone","player_choice":"Memory 1","floor":36,"damage_taken":0},{"event_name":"Mysterious Sphere","player_choice":"Fight","floor":37,"damage_taken":0},{"event_name":"Tomb of Lord Red Mask","player_choice":"Paid","floor":47,"damage_taken":0}],"is_beta":false,"boss_relics":[{"not_picked":["White Beast Statue","Tiny House"],"picked":"Nuclear Battery"},{"not_picked":["Black Star","Fusion Hammer"],"picked":"Calling Bell"}],"items_purged_floors":[2],"is_endless":false,"potions_floor_spawned":[4,7,8,11,16,18,27,33,35,46,48],"ascension_level":0}