{"gold_per_floor":[218,393,393,403,418,418,418,418,418,462,483,497,497,112,112,241,241,261,276,276,32,45,45],"floor_reached":23,"playtime":890,"items_purged":[],"score":191,"play_id":"37f0c7ed-a6b7-47fb-aa87-dc89e215c0b7","local_time":"20181210164425","is_ascension_mode":false,"campfire_choices":[{"data":"Steam","floor":6,"key":"SMITH"},{"data":"Zap","floor":8,"key":"SMITH"},{"floor":13,"key":"REST"},{"floor":15,"key":"REST"}],"neow_cost":"NONE","seed_source_timestamp":25710693057306,"circlet_count":0,"master_deck":["Strike_B","Strike_B","Strike_B","Strike_B","Defend_B","Defend_B","Defend_B","Defend_B","Zap+1","Dualcast","Steam+1","Tempest","Storm","Injury","Amplify+1","Force Field","Scrape","Capacitor","Auto Shields+1","Leap","Melter","Core Surge","Fusion+1","Steam","Cold Snap","Reprogram"],"special_seed":0,"relics":["Cracked Core","Golden Idol","Bird Faced Urn","StoneCalendar","War Paint","Eternal Feather","Smiling Mask","OrangePellets"],"potions_floor_usage":[16,16,23],"damage_taken":[{"damage":5.0,"enemies":"Small Slimes","floor":1.0,"turns":3.0},{"damage":3.0,"enemies":"2 Louse","floor":4.0,"turns":3.0},{"damage":0.0,"enemies":"Cultist","floor":5.0,"turns":3.0},{"damage":32,"enemies":"3 Sentries","floor":10,"turns":8},{"damage":0,"enemies":"Exordium Wildlife","floor":11,"turns":3},{"damage":7,"enemies":"Blue Slaver","floor":12,"turns":3},{"damage":36,"enemies":"Hexaghost","floor":16,"turns":8},{"damage":26,"enemies":"Shell Parasite","floor":18,"turns":7},{"damage":0,"enemies":"Spheric Guardian","floor":19,"turns":3},{"damage":51,"enemies":"Shelled Parasite and Fungi","floor":22,"turns":7},{"damage":7,"enemies":"Slavers","floor":23,"turns":1}],"seed_played":"6663455950833975430","potions_obtained":[{"floor":4.0,"key":"Swift Potion"},{"floor":12,"key":"LiquidBronze"},{"floor":19,"key":"FocusPotion"},{"floor":22,"key":"AttackPotion"}],"is_trial":false,"path_per_floor":["M","?","?","M","M","R","?","R","T","E","M","M","R","$","R","B",null,"M","M","?","$","M","E"],"character_chosen":"DEFECT","items_purchased":["Capacitor","Auto Shields","Leap","War Paint","Melter","Cold Snap","OrangePellets"],"campfire_rested":2,"item_purchase_floors":[14,14,14,14,14,21,21],"current_hp_per_floor":[70,70,63,60,60,60,60,60,60,30,30,27,49,49,71,39,75,51,53,53,53,4,0],"gold":45,"neow_bonus":"HUNDRED_GOLD","is_prod":false,"is_daily":false,"chose_seed":false,"campfire_upgraded":2,"win_rate":0,"timestamp":1544478265,"path_taken":["M","?","?","M","M","R","?","R","T","E","M","M","R","$","R","BOSS","M","M","?","?","M","E"],"build_version":"2018-12-06","purchased_purges":0,"victory":false,"max_hp_per_floor":[75,75,75,75,75,75,75,75,75,75,75,75,75,75,75,75,75,75,75,75,75,75,75],"card_choices":[{"not_picked":["Compile Driver","Stack"],"picked":"Steam","floor":1.0},{"not_picked":["Conserve Battery","Rebound"],"picked":"Tempest","floor":4.0},{"not_picked":["Redo","Sweeping Beam"],"picked":"Storm","floor":5.0},{"not_picked":["Streamline","Sweeping Beam"],"picked":"Amplify","floor":10},{"not_picked":["Auto Shields","Darkness"],"picked":"Force Field","floor":11},{"not_picked":["Ball Lightning","Turbo"],"picked":"Scrape","floor":12},{"not_picked":["All For One","Machine Learning"],"picked":"Core Surge","floor":16},{"not_picked":["Ball Lightning","Reinforced Body"],"picked":"Fusion+1","floor":18},{"not_picked":["Barrage","Redo"],"picked":"Steam","floor":19},{"not_picked":["Hologram","Compile Driver+1"],"picked":"Reprogram","floor":22}],"player_experience":209208,"relics_obtained":[{"floor":9,"key":"Bird Faced Urn"},{"floor":10,"key":"StoneCalendar"}],"event_choices":[{"damage_healed":0.0,"max_hp_gain":0.0,"max_hp_loss":0.0,"gold_gain":175.0,"event_name":"Liars Game","player_choice":"AGREE","floor":2.0,"gold_loss":0.0,"damage_taken":0.0,"cards_obtained":["Doubt"]},{"cards_removed":["Doubt"],"damage_healed":0.0,"max_hp_gain":0.0,"max_hp_loss":0.0,"gold_gain":0.0,"event_name":"Golden Wing","player_choice":"Card Removal","floor":3.0,"gold_loss":0.0,"damage_taken":7.0},{"damage_healed":0,"gold_gain":0,"player_choice":"Take Wound","damage_taken":0,"relics_obtained":["Golden Idol"],"max_hp_gain":0,"max_hp_loss":0,"event_name":"Golden Idol","floor":7,"gold_loss":0,"cards_obtained":["Injury"]},{"damage_healed":0,"gold_gain":0,"player_choice":"Gave Potion","damage_taken":0,"relics_obtained":["Smiling Mask"],"max_hp_gain":0,"max_hp_loss":0,"event_name":"WeMeetAgain","floor":20,"gold_loss":0}],"is_beta":false,"boss_relics":[{"not_picked":["Ectoplasm","Snecko Eye"],"picked":"Eternal Feather"}],"items_purged_floors":[],"is_endless":false,"potions_floor_spawned":[4,12,19,22],"killed_by":"Slavers","ascension_level":0}