{"gold_per_floor":[116,67,67,67,91,122,122,153,153,196,231,231,231,255,255,375,375,388,363,278,49,67,67,166,204,204,204,114,114,46,89,89,209,209,232,245,245,145,514,514,514,514],"floor_reached":42,"playtime":1457,"items_purged":["Strike_R","Strike_R"],"score":544,"play_id":"c3387687-d7ab-46f6-b2ae-7083a337d02d","local_time":"20190522143351","is_ascension_mode":true,"campfire_choices":[{"data":"Rage","floor":7,"key":"SMITH"},{"floor":13,"key":"DIG"},{"floor":15,"key":"DIG"},{"floor":23,"key":"DIG"},{"floor":29,"key":"DIG"},{"floor":32,"key":"DIG"},{"floor":40,"key":"DIG"},{"floor":41,"key":"DIG"}],"neow_cost":"NONE","seed_source_timestamp":489781142681900,"circlet_count":0,"master_deck":["Strike_R","Strike_R","Strike_R+1","Defend_R+1","Defend_R+1","Defend_R","Bash+1","Spot Weakness+1","Headbutt","Rage+1","Flame Barrier","Heavy Blade+1","Berserk","Offering+1","Flex","Shrug It Off","Flex+1","Defend_G","Inflame","Warcry+1","Double Tap","Flex+1","Shrug It Off+1"],"relics":["Burning Blood","NeowsBlessing","Golden Idol","FossilizedHelix","Bag of Preparation","WingedGreaves","Juzu Bracelet","Odd Mushroom","Shovel","War Paint","Red Skull","Runic Pyramid","Shuriken","Whetstone","Question Card","Gambling Chip","Darkstone Periapt","Strawberry","Magic Flower","Pen Nib","Cursed Key","Old Coin","StoneCalendar","Lantern"],"potions_floor_usage":[10,16,16,22,25,31,42,42],"damage_taken":[{"damage":0,"enemies":"Small Slimes","floor":1,"turns":1},{"damage":0,"enemies":"Jaw Worm","floor":5,"turns":1},{"damage":0,"enemies":"Gremlin Nob","floor":6,"turns":1},{"damage":20,"enemies":"3 Sentries","floor":8,"turns":10},{"damage":3,"enemies":"Gremlin Nob","floor":10,"turns":4},{"damage":25,"enemies":"The Mushroom Lair","floor":11,"turns":5},{"damage":0,"enemies":"2 Louse","floor":14,"turns":2},{"damage":7,"enemies":"Hexaghost","floor":16,"turns":6},{"damage":18,"enemies":"2 Thieves","floor":18,"turns":4},{"damage":11,"enemies":"3 Byrds","floor":22,"turns":4},{"damage":38,"enemies":"Book of Stabbing","floor":25,"turns":6},{"damage":2,"enemies":"Gremlin Leader","floor":31,"turns":3},{"damage":3,"enemies":"Champ","floor":33,"turns":7},{"damage":0,"enemies":"Orb Walker","floor":35,"turns":1},{"damage":7,"enemies":"3 Shapes","floor":36,"turns":4},{"damage":6,"enemies":"2 Orb Walkers","floor":39,"turns":4},{"damage":107,"enemies":"Reptomancer","floor":42,"turns":3}],"seed_played":"9056066049513066670","potions_obtained":[{"floor":1,"key":"Energy Potion"},{"floor":8,"key":"LiquidBronze"},{"floor":10,"key":"Swift Potion"},{"floor":14,"key":"Energy Potion"},{"floor":22,"key":"PowerPotion"},{"floor":25,"key":"SkillPotion"},{"floor":33,"key":"FairyPotion"},{"floor":39,"key":"EntropicBrew"}],"is_trial":false,"path_per_floor":["M","$","?","?","M","E","R","E","T","E","?","?","R","M","R","B",null,"M","$","?","$","M","R","?","E","T","?","?","R","$","E","R","B",null,"M","M","?","$","?","R","R","E"],"character_chosen":"IRONCLAD","items_purchased":["Headbutt","Shrug It Off","Whetstone","Inflame"],"campfire_rested":0,"item_purchase_floors":[2,19,21,30],"current_hp_per_floor":[80,80,74,59,65,71,71,57,57,60,41,23,23,29,29,28,74,62,62,62,62,57,57,57,25,25,25,25,32,32,36,36,42,81,81,81,81,81,81,81,81,0],"gold":514,"neow_bonus":"THREE_ENEMY_KILL","is_prod":false,"is_daily":false,"chose_seed":false,"campfire_upgraded":1,"win_rate":0,"timestamp":1558553631,"path_taken":["M","$","?","?","M","E","R","E","T","E","?","?","R","M","R","BOSS","M","$","?","$","M","R","?","E","T","?","?","R","$","E","R","BOSS","M","M","?","$","?","R","R","E"],"build_version":"2019-01-23","purchased_purges":2,"victory":false,"max_hp_per_floor":[80,80,74,74,74,74,74,74,74,74,74,74,74,74,74,74,74,74,74,74,74,74,74,74,74,74,74,74,81,81,81,81,81,81,81,81,81,81,81,81,81,81],"card_choices":[{"not_picked":["Headbutt","Sword Boomerang"],"picked":"Spot Weakness","floor":1},{"not_picked":["Rampage","Entrench","Twin Strike"],"picked":"SKIP","floor":5},{"not_picked":["Body Slam","Disarm"],"picked":"Rage","floor":6},{"not_picked":["Body Slam","Feel No Pain"],"picked":"Corruption","floor":8},{"not_picked":["Shrug It Off","Uppercut"],"picked":"Flame Barrier","floor":10},{"not_picked":["Warcry","Shrug It Off"],"picked":"Heavy Blade","floor":11},{"not_picked":["Dual Wield","Flame Barrier"],"picked":"Berserk","floor":14},{"not_picked":["Barricade","Double Tap"],"picked":"Offering","floor":16},{"not_picked":["Corruption","Perfected Strike+1"],"picked":"Flex","floor":18},{"not_picked":["Fire Breathing","Pummel+1"],"picked":"Flex+1","floor":22},{"not_picked":["Headbutt","Perfected Strike","Ghostly Armor+1","Cleave+1"],"picked":"SKIP","floor":25},{"not_picked":["Rupture","Hemokinesis","Searing Blow"],"picked":"Warcry+1","floor":31},{"not_picked":["Offering","Dark Embrace","Berserk"],"picked":"Double Tap","floor":33},{"not_picked":["Cleave+1","Body Slam","Fire Breathing"],"picked":"Flex+1","floor":35},{"not_picked":["Disarm","Combust+1","Heavy Blade","Blood for Blood"],"picked":"SKIP","floor":36},{"not_picked":["Twin Strike","Sever Soul","Thunderclap+1"],"picked":"Shrug It Off+1","floor":39}],"player_experience":29828,"relics_obtained":[{"floor":6,"key":"FossilizedHelix"},{"floor":8,"key":"Bag of Preparation"},{"floor":9,"key":"WingedGreaves"},{"floor":10,"key":"Juzu Bracelet"},{"floor":11,"key":"Odd Mushroom"},{"floor":13,"key":"War Paint"},{"floor":15,"key":"Red Skull"},{"floor":23,"key":"Question Card"},{"floor":25,"key":"Gambling Chip"},{"floor":26,"key":"Darkstone Periapt"},{"floor":29,"key":"Strawberry"},{"floor":31,"key":"Magic Flower"},{"floor":32,"key":"Pen Nib"},{"floor":39,"key":"Old Coin"},{"floor":40,"key":"StoneCalendar"},{"floor":41,"key":"Lantern"}],"event_choices":[{"damage_healed":0,"gold_gain":0,"player_choice":"Lose Max HP","damage_taken":0,"relics_obtained":["Golden Idol"],"max_hp_gain":0,"max_hp_loss":6,"event_name":"Golden Idol","floor":3,"gold_loss":0},{"damage_healed":0,"gold_gain":0,"player_choice":"Entered Light","damage_taken":15,"max_hp_gain":0,"max_hp_loss":0,"event_name":"Shining Light","floor":4,"gold_loss":0,"cards_upgraded":["Strike_R","Defend_R"]},{"damage_healed":0,"gold_gain":0,"player_choice":"Fought Mushrooms","damage_taken":0,"max_hp_gain":0,"max_hp_loss":0,"event_name":"Mushrooms","floor":11,"gold_loss":0},{"damage_healed":0,"gold_gain":0,"player_choice":"Success","damage_taken":18,"relics_obtained":["Shovel"],"max_hp_gain":0,"max_hp_loss":0,"event_name":"Scrap Ooze","floor":12,"gold_loss":0},{"damage_healed":0,"gold_gain":0,"player_choice":"Obtained Relic","damage_taken":0,"relics_obtained":["Shuriken"],"max_hp_gain":0,"max_hp_loss":0,"event_name":"Addict","floor":20,"gold_loss":85},{"damage_healed":0,"gold_gain":99,"player_choice":"Stole From Cult","damage_taken":0,"max_hp_gain":0,"max_hp_loss":0,"event_name":"Nest","floor":24,"gold_loss":0},{"cards_removed":["Corruption"],"damage_healed":0,"gold_gain":0,"player_choice":"Took Card","damage_taken":0,"max_hp_gain":0,"max_hp_loss":0,"event_name":"NoteForYourself","floor":27,"gold_loss":0,"cards_obtained":["Defend_G"]},{"cards_removed":["Defend_R"],"damage_healed":0,"gold_gain":0,"player_choice":"Upgrade and Remove","damage_taken":0,"max_hp_gain":0,"max_hp_loss":0,"event_name":"Designer","floor":28,"gold_loss":90,"cards_upgraded":["Offering"]},{"damage_healed":0,"gold_gain":0,"player_choice":"Ignored","damage_taken":0,"max_hp_gain":0,"max_hp_loss":0,"event_name":"Tomb of Lord Red Mask","floor":37,"gold_loss":0},{"damage_healed":0,"gold_gain":0,"player_choice":"Fight","damage_taken":0,"max_hp_gain":0,"max_hp_loss":0,"event_name":"Mysterious Sphere","floor":39,"gold_loss":0}],"is_beta":false,"boss_relics":[{"not_picked":["Lizard Tail","Tiny House"],"picked":"Runic Pyramid"},{"not_picked":["Runic Dome","Eternal Feather"],"picked":"Cursed Key"}],"items_purged_floors":[21,38],"is_endless":false,"potions_floor_spawned":[1,8,10,14,22,25,33,39],"killed_by":"Reptomancer","ascension_level":1}