{"gold_per_floor":[116,116,391,402,29,29,49,81,107,120,120,151,170,136,136,236,286,304,323,336,1,14,14,14,14,14,14,28,38,54,71,71,71],"floor_reached":33,"playtime":1407,"items_purged":["Regret"],"score":361,"play_id":"5acd854b-802f-48ad-b5cb-6ad01d5221cf","local_time":"20190423171727","is_ascension_mode":false,"campfire_choices":[{"data":"Rip and Tear","floor":6,"key":"SMITH"},{"floor":11,"key":"REST"},{"floor":15,"key":"RECALL"},{"floor":23,"key":"REST"},{"floor":25,"key":"REST"},{"floor":27,"key":"DIG"},{"floor":32,"key":"REST"}],"neow_cost":"NONE","seed_source_timestamp":1034207956117136,"circlet_count":0,"master_deck":["Strike_B","Strike_B","Strike_B","Strike_B","Defend_B","Defend_B","Defend_B","Defend_B","Zap+1","Dualcast","Heatsinks","Melter","Leap","Rip and Tear+1","Go for the Eyes+1","Reprogram","FTL","Thunder Strike","Rebound","Loop","Rainbow","Hologram","Beam Cell","Rebound+1","Gash","Melter","Conserve Battery","Static Discharge+1","Coolheaded","Defragment","Self Repair"],"special_seed":0,"relics":["Cracked Core","ClockworkSouvenir","Potion Belt","Centennial Puzzle","Tiny House","Nloth\u0027s Gift","Shovel","Mercury Hourglass"],"potions_floor_usage":[10,16,16,30,30],"damage_taken":[{"damage":5,"enemies":"Small Slimes","floor":1,"turns":3},{"damage":2,"enemies":"2 Louse","floor":4,"turns":3},{"damage":0,"enemies":"Cultist","floor":7,"turns":2},{"damage":26,"enemies":"Lagavulin","floor":8,"turns":6},{"damage":17,"enemies":"Gremlin Gang","floor":10,"turns":5},{"damage":24,"enemies":"Gremlin Nob","floor":12,"turns":5},{"damage":2,"enemies":"Blue Slaver","floor":13,"turns":3},{"damage":29,"enemies":"Hexaghost","floor":16,"turns":8},{"damage":7,"enemies":"Chosen","floor":18,"turns":5},{"damage":20,"enemies":"Spheric Guardian","floor":19,"turns":4},{"damage":15,"enemies":"Centurion and Healer","floor":20,"turns":5},{"damage":32,"enemies":"Shelled Parasite and Fungi","floor":22,"turns":5},{"damage":21,"enemies":"Cultist and Chosen","floor":28,"turns":5},{"damage":32,"enemies":"Snake Plant","floor":29,"turns":4},{"damage":0,"enemies":"Snecko","floor":30,"turns":5},{"damage":1,"enemies":"Chosen and Byrds","floor":31,"turns":5},{"damage":41,"enemies":"Automaton","floor":33,"turns":4}],"seed_played":"2289137300137046580","potions_obtained":[{"floor":1,"key":"SteroidPotion"},{"floor":7,"key":"Regen Potion"},{"floor":12,"key":"FairyPotion"},{"floor":13,"key":"Ancient Potion"},{"floor":17,"key":"Dexterity Potion"},{"floor":20,"key":"Block Potion"},{"floor":28,"key":"FearPotion"},{"floor":29,"key":"Swift Potion"}],"is_trial":false,"path_per_floor":["M","?","?","M","$","R","M","E","T","M","R","E","M","$","R","B",null,"M","M","M","$","M","R","?","R","T","R","M","M","M","M","R","B"],"character_chosen":"DEFECT","items_purchased":["ClockworkSouvenir","Leap","Rip and Tear","Loop","Melter","Conserve Battery","Bottled Tornado"],"campfire_rested":4,"item_purchase_floors":[5,5,5,14,21,21,21],"current_hp_per_floor":[70,70,70,68,68,68,68,42,42,39,61,37,35,35,35,6,80,73,53,38,38,6,30,30,54,54,54,33,1,1,8,32,0],"gold":71,"neow_bonus":"UPGRADE_CARD","is_prod":false,"is_daily":false,"chose_seed":false,"campfire_upgraded":1,"win_rate":0,"timestamp":1556054247,"path_taken":["M","?","?","?","$","R","M","E","T","M","R","E","M","$","R","BOSS","M","M","M","$","?","R","?","R","T","R","M","M","M","?","R","BOSS"],"build_version":"2019-01-23","purchased_purges":1,"victory":false,"max_hp_per_floor":[75,75,75,75,75,75,75,75,75,75,75,75,75,75,75,75,80,80,80,80,80,80,80,80,80,80,80,80,80,80,80,80,80],"card_choices":[{"not_picked":["Streamline","Compile Driver"],"picked":"Heatsinks","floor":1},{"not_picked":["Skim","Sunder"],"picked":"Melter","floor":4},{"not_picked":["Sunder","Leap"],"picked":"Go for the Eyes","floor":7},{"not_picked":["Steam","Leap"],"picked":"Reprogram","floor":8},{"not_picked":["Hologram","Sweeping Beam"],"picked":"FTL","floor":10},{"not_picked":["Go for the Eyes","Recycle"],"picked":"Thunder Strike","floor":12},{"not_picked":["Go for the Eyes","Stack"],"picked":"Rebound","floor":13},{"not_picked":["Amplify","Hyperbeam"],"picked":"Rainbow","floor":16},{"not_picked":["Turbo","Blizzard"],"picked":"Hologram","floor":17},{"not_picked":["Streamline","Gash"],"picked":"Beam Cell","floor":18},{"not_picked":["Self Repair","Steam"],"picked":"Rebound+1","floor":19},{"not_picked":["Redo","Beam Cell"],"picked":"Gash","floor":20},{"not_picked":["Streamline","Reprogram"],"picked":"Static Discharge+1","floor":22},{"not_picked":["Echo Form","Steam","Aggregate"],"picked":"SKIP","floor":28},{"not_picked":["Streamline","Hologram"],"picked":"Coolheaded","floor":29},{"not_picked":["Scrape","Go for the Eyes"],"picked":"Defragment","floor":30},{"not_picked":["Rebound+1","Steam Power+1"],"picked":"Self Repair","floor":31}],"player_experience":237446,"relics_obtained":[{"floor":8,"key":"Potion Belt"},{"floor":12,"key":"Centennial Puzzle"},{"floor":26,"key":"Shovel"},{"floor":27,"key":"Mercury Hourglass"}],"event_choices":[{"damage_healed":0,"gold_gain":0,"player_choice":"Ignored","damage_taken":0,"max_hp_gain":0,"max_hp_loss":0,"event_name":"Golden Wing","floor":2,"gold_loss":0},{"damage_healed":0,"gold_gain":275,"player_choice":"Desecrate","damage_taken":0,"max_hp_gain":0,"max_hp_loss":0,"event_name":"Golden Shrine","floor":3,"gold_loss":0,"cards_obtained":["Regret"]},{"damage_healed":0,"gold_gain":0,"player_choice":"Traded Relic","damage_taken":0,"relics_obtained":["Nloth\u0027s Gift"],"max_hp_gain":0,"max_hp_loss":0,"event_name":"N\u0027loth","floor":24,"relics_lost":["Bottled Tornado"],"gold_loss":0}],"is_beta":false,"boss_relics":[{"not_picked":["Black Star","Busted Crown"],"picked":"Tiny House"}],"items_purged_floors":[5],"is_endless":false,"potions_floor_spawned":[1,7,12,13,20,28,29],"killed_by":"Automaton","ascension_level":0}