{"gold_per_floor":[112,112,112,31,31,64,64,92,92,9,28,28,52,67,67,193,193,217,230,248,266,128,128],"floor_reached":23,"playtime":886,"items_purged":[],"score":251,"play_id":"cd53635e-f874-454f-998f-64df152fa976","local_time":"20181020140157","is_ascension_mode":false,"campfire_choices":[{"floor":7,"key":"REST"},{"floor":15,"key":"REST"}],"neow_cost":"NONE","seed_source_timestamp":328661681240053,"circlet_count":0,"master_deck":["Strike_B","Strike_B","Strike_B+1","Defend_B","Defend_B","Defend_B","Defend_B","Zap+1","Dualcast+1","Go for the Eyes","Self Repair","Heatsinks","Sunder","Hello World","Redo","Leap","Chaos","Storm","Buffer","Scrape","Hello World+1","Turbo","Stack","Static Discharge","Recycle"],"relics":["Cracked Core","Cables","Symbiotic Virus","Dodecahedron","Golden Idol","Runic Pyramid"],"potions_floor_usage":[18,18,21],"damage_taken":[{"damage":0,"enemies":"2 Louse","floor":1,"turns":2},{"damage":30,"enemies":"3 Sentries","floor":6,"turns":8},{"damage":15,"enemies":"Gremlin Nob","floor":8,"turns":4},{"damage":0,"enemies":"Cultist","floor":11,"turns":2},{"damage":7,"enemies":"Small Slimes","floor":13,"turns":3},{"damage":0,"enemies":"3 Louse","floor":14,"turns":1},{"damage":0,"enemies":"Slime Boss","floor":16,"turns":5},{"damage":25,"enemies":"2 Thieves","floor":18,"turns":3},{"damage":17,"enemies":"Spheric Guardian","floor":19,"turns":4},{"damage":10,"enemies":"Chosen and Byrds","floor":20,"turns":4},{"damage":31,"enemies":"3 Cultists","floor":21,"turns":6},{"damage":27,"enemies":"Slavers","floor":23,"turns":1}],"seed_played":"2918315218863496722","potions_obtained":[{"floor":6,"key":"SteroidPotion"},{"floor":13,"key":"Energy Potion"},{"floor":14,"key":"Energy Potion"},{"floor":20,"key":"EssenceOfSteel"}],"is_trial":false,"path_per_floor":["M","?","?","$","?","E","R","E","T","$","M","?","M","M","R","B",null,"M","M","M","M","$"],"character_chosen":"DEFECT","items_purchased":["Self Repair","Hello World","Redo","Static Discharge","Recycle"],"campfire_rested":2,"item_purchase_floors":[4,10,10,22,22],"current_hp_per_floor":[82,82,66,66,66,43,67,59,59,59,66,66,66,66,76,76,76,58,48,45,21,21,0],"gold":128,"neow_bonus":"TEN_PERCENT_HP_BONUS","is_prod":false,"is_daily":false,"chose_seed":false,"campfire_upgraded":0,"win_rate":0,"timestamp":1540058517,"path_taken":["M","?","?","$","?","E","R","E","T","$","M","?","M","M","R","BOSS","M","?","?","M","$","E"],"build_version":"2018-10-18","purchased_purges":0,"victory":false,"max_hp_per_floor":[82,82,82,82,82,82,82,82,82,82,82,76,76,76,76,76,76,76,76,76,76,76,76],"card_choices":[{"not_picked":["Compile Driver","Gash"],"picked":"Go for the Eyes","floor":1},{"not_picked":["Streamline","Genetic Algorithm"],"picked":"Heatsinks","floor":6},{"not_picked":["Stack","Redo"],"picked":"Sunder","floor":8},{"not_picked":["Ball Lightning","Coolheaded"],"picked":"Leap","floor":11},{"not_picked":["Hologram","Turbo"],"picked":"Chaos","floor":13},{"not_picked":["Echo Form","Loop"],"picked":"Storm","floor":14},{"not_picked":["Echo Form","Core Surge"],"picked":"Buffer","floor":16},{"not_picked":["Turbo+1","Hologram+1"],"picked":"Scrape","floor":18},{"not_picked":["Stack+1","Streamline"],"picked":"Hello World+1","floor":19},{"not_picked":["Beam Cell","Coolheaded"],"picked":"Turbo","floor":20},{"not_picked":["BootSequence+1","Coolheaded+1"],"picked":"Stack","floor":21}],"player_experience":152456,"relics_obtained":[{"floor":6,"key":"Cables"},{"floor":8,"key":"Symbiotic Virus"},{"floor":9,"key":"Dodecahedron"}],"event_choices":[{"cards_removed":["Strike_B"],"damage_healed":0,"gold_gain":0,"player_choice":"Offered Basic","damage_taken":0,"max_hp_gain":0,"max_hp_loss":0,"event_name":"Bonfire Elementals","floor":2,"gold_loss":0},{"damage_healed":0,"gold_gain":0,"player_choice":"Entered Light","damage_taken":16,"max_hp_gain":0,"max_hp_loss":0,"event_name":"Shining Light","floor":3,"gold_loss":0,"cards_upgraded":["Dualcast","Strike_B"]},{"damage_healed":0,"gold_gain":0,"player_choice":"Forge","damage_taken":0,"max_hp_gain":0,"max_hp_loss":0,"event_name":"Accursed Blacksmith","floor":5,"gold_loss":0,"cards_upgraded":["Zap"]},{"damage_healed":0,"gold_gain":0,"player_choice":"Lose Max HP","damage_taken":0,"relics_obtained":["Golden Idol"],"max_hp_gain":0,"max_hp_loss":6,"event_name":"Golden Idol","floor":12,"gold_loss":0}],"is_beta":false,"boss_relics":[{"not_picked":["White Beast Statue","Snecko Eye"],"picked":"Runic Pyramid"}],"items_purged_floors":[],"is_endless":false,"potions_floor_spawned":[6,13,14,20],"killed_by":"Slavers","ascension_level":0}