{"gold_per_floor":[119,17,17,17,32,64,64,42,42,56,56,75,75,89,89,187,187,203,75,91,108,125,157,157,183,183,36,36,54,74,74,74,74],"floor_reached":33,"playtime":1585,"items_purged":["Strike_B"],"score":287,"play_id":"4aa2fd14-7aa3-4eeb-861f-31b400ace62d","local_time":"20181014192229","is_ascension_mode":false,"campfire_choices":[{"data":"Zap","floor":7.0,"key":"SMITH"},{"data":"Dualcast","floor":11.0,"key":"SMITH"},{"floor":15.0,"key":"REST"},{"floor":24,"key":"REST"},{"floor":32,"key":"REST"}],"neow_cost":"NONE","seed_source_timestamp":294604065374457,"circlet_count":0,"master_deck":["Strike_B","Strike_B","Strike_B","Defend_B","Defend_B","Defend_B","Defend_B","Zap+1","Dualcast+1","Electrodynamics","Barrage","Conserve Battery","Cold Snap","Auto Shields","Conserve Battery+1","Redo+1","Self Repair","Barrage","Reboot","Leap+1","Ball Lightning","Sweeping Beam","Fusion+1","BootSequence+1","Melter","Ball Lightning","Decay","Cold Snap+1","Fusion+1"],"special_seed":0,"relics":["Cracked Core","Ginger","DataDisk","Eternal Feather","Juzu Bracelet","FossilizedHelix","Gremlin Horn","Pen Nib"],"potions_floor_usage":[29,30,33],"damage_taken":[{"damage":0.0,"enemies":"Small Slimes","floor":1.0,"turns":2.0},{"damage":0.0,"enemies":"2 Louse","floor":5.0,"turns":1.0},{"damage":20.0,"enemies":"Lagavulin","floor":6.0,"turns":7.0},{"damage":4.0,"enemies":"Jaw Worm","floor":10.0,"turns":2.0},{"damage":0.0,"enemies":"Looter","floor":12.0,"turns":2.0},{"damage":0.0,"enemies":"2 Fungi Beasts","floor":14.0,"turns":2.0},{"damage":23.0,"enemies":"The Guardian","floor":16.0,"turns":12.0},{"damage":23,"enemies":"2 Thieves","floor":18,"turns":3},{"damage":12,"enemies":"Shell Parasite","floor":20,"turns":7},{"damage":9,"enemies":"Snake Plant","floor":21,"turns":3},{"damage":18,"enemies":"3 Cultists","floor":22,"turns":3},{"damage":6,"enemies":"Gremlin Leader","floor":23,"turns":6},{"damage":61,"enemies":"Book of Stabbing","floor":25,"turns":8},{"damage":8,"enemies":"Chosen and Byrds","floor":29,"turns":5},{"damage":0,"enemies":"Snecko","floor":30,"turns":4},{"damage":66,"enemies":"Champ","floor":33,"turns":13}],"seed_played":"5006652919709573101","potions_obtained":[{"floor":5.0,"key":"LiquidBronze"},{"floor":14.0,"key":"Ancient Potion"},{"floor":16.0,"key":"Strength Potion"},{"floor":25,"key":"SkillPotion"}],"is_trial":false,"path_per_floor":["M","$","?","?","M","E","R","$","T","M","R","M","?","M","R","B",null,"M","$","M","M","M","E","R","E","T","$","?","M","M","?","R"],"character_chosen":"DEFECT","items_purchased":["Conserve Battery","Cold Snap","Redo","Ball Lightning","Pen Nib"],"campfire_rested":3,"item_purchase_floors":[2,2,8,19,27],"current_hp_per_floor":[75,75,75,75,75,55,55,55,55,51,51,51,36,36,58,42,75,59,59,54,45,27,28,65,11,11,11,11,10,17,17,54,0],"gold":74,"neow_bonus":"ONE_RANDOM_RARE_CARD","is_prod":false,"is_daily":false,"chose_seed":false,"campfire_upgraded":2,"win_rate":0,"timestamp":1539559349,"path_taken":["M","$","?","?","M","E","R","$","T","M","R","M","?","M","R","BOSS","M","$","M","M","M","E","R","E","T","$","?","M","M","?","R","BOSS"],"build_version":"2018-10-11","purchased_purges":1,"victory":false,"max_hp_per_floor":[75,75,75,75,75,75,75,75,75,75,75,75,75,75,75,75,75,75,75,75,75,75,75,75,75,75,75,75,75,75,75,75,75],"card_choices":[{"not_picked":["Hologram","Compile Driver"],"picked":"Barrage","floor":1.0},{"not_picked":["Melter","Steam"],"picked":"Auto Shields","floor":5.0},{"not_picked":["Compile Driver","Chill"],"picked":"Conserve Battery","floor":6.0},{"not_picked":["Cold Snap","Stack"],"picked":"Self Repair","floor":10.0},{"not_picked":["Go for the Eyes","Steam","Biased Cognition"],"picked":"SKIP","floor":12.0},{"not_picked":["Go for the Eyes","Compile Driver"],"picked":"Barrage","floor":14.0},{"not_picked":["Meteor Strike","Hyperbeam"],"picked":"Reboot","floor":16.0},{"not_picked":["Turbo+1","Hologram"],"picked":"Leap+1","floor":18},{"not_picked":["Consume+1","Recycle+1"],"picked":"Sweeping Beam","floor":20},{"not_picked":["Ball Lightning","Self Repair"],"picked":"Fusion","floor":21},{"not_picked":["Consume","Stack+1"],"picked":"BootSequence+1","floor":22},{"not_picked":["Biased Cognition","Scrape"],"picked":"Melter","floor":23},{"not_picked":["Cold Snap","Redo+1"],"picked":"Ball Lightning","floor":25},{"not_picked":["Steam Power","Compile Driver+1"],"picked":"Cold Snap+1","floor":29},{"not_picked":["Hologram","Beam Cell"],"picked":"Fusion+1","floor":30}],"player_experience":133511,"relics_obtained":[{"floor":6.0,"key":"Ginger"},{"floor":9.0,"key":"DataDisk"},{"floor":23,"key":"Juzu Bracelet"},{"floor":25,"key":"FossilizedHelix"},{"floor":26,"key":"Gremlin Horn"}],"event_choices":[{"event_name":"The Cleric","player_choice":"Leave","floor":3.0,"damage_taken":0.0},{"event_name":"Golden Wing","player_choice":"Ignored","floor":4.0,"damage_taken":0.0},{"event_name":"Shining Light","player_choice":"Entered Light","floor":13.0,"damage_taken":0.0},{"event_name":"Forgotten Altar","player_choice":"Smashed Altar","floor":28,"damage_taken":0},{"event_name":"Accursed Blacksmith","player_choice":"Forge","floor":31,"damage_taken":0}],"is_beta":false,"boss_relics":[{"not_picked":["Pandora\u0027s Box","Runic Dome"],"picked":"Eternal Feather"}],"items_purged_floors":[19],"is_endless":false,"potions_floor_spawned":[5,14,16,22,23,25],"killed_by":"Champ","ascension_level":0}