{"gold_per_floor":[361,361,386,51,69,69,96,96,96,109,109,124,152,128,128,223,223,237,237,9,26,126,126,126,126,126,48,48,12,32,50,50,147,147,158,158,169,187,207,207,232,232,282,282,282,297,297,307,307,307,307,307,48,78,78],"floor_reached":56,"playtime":2899,"items_purged":[],"score":1333,"play_id":"763808a0-cfcf-46e1-b96d-4ad726ae9f4b","local_time":"20190504102957","is_ascension_mode":false,"campfire_choices":[{"floor":8,"key":"REST"},{"data":"Defragment","floor":11,"key":"SMITH"},{"data":"Defragment","floor":15,"key":"SMITH"},{"floor":23,"key":"RECALL"},{"floor":28,"key":"REST"},{"data":"Conserve Battery","floor":32,"key":"SMITH"},{"floor":40,"key":"REST"},{"floor":45,"key":"REST"},{"floor":49,"key":"REST"},{"data":"Madness","floor":52,"key":"SMITH"}],"neow_cost":"TEN_PERCENT_HP_LOSS","seed_source_timestamp":436524882907673,"circlet_count":0,"master_deck":["Strike_B+1","Strike_B","Strike_B","Strike_B","Defend_B","Zap","Dualcast","Defragment+1","Rip and Tear+1","Coolheaded","Static Discharge+1","Defragment+1","Conserve Battery+1","Chill","Coolheaded","Coolheaded","Electrodynamics+1","Reprogram","Conserve Battery","Defragment+1","Hologram","Undo+1","Defragment+1","Loop+1","Rip and Tear","Hologram","Reboot","Genetic Algorithm+1","Barrage+1","Aggregate+1","Redo+1","BootSequence+1","Capacitor+1","Lockon+1","Cold Snap+1","Lockon+1","Madness","Madness+1"],"relics":["Cracked Core","Symbiotic Virus","Boot","Cables","Prayer Wheel","Frozen Egg 2","Lizard Tail","Strawberry","Pocketwatch","Ornamental Fan","MutagenicStrength","Thread and Needle","Astrolabe","Regal Pillow","PreservedInsect","Dodecahedron","Bottled Tornado","Orichalcum"],"potions_floor_usage":[22,22,39,50,50,55],"damage_taken":[{"damage":2,"enemies":"2 Louse","floor":1,"turns":2},{"damage":1,"enemies":"Jaw Worm","floor":5,"turns":3},{"damage":16,"enemies":"Lagavulin","floor":7,"turns":4},{"damage":0,"enemies":"Cultist","floor":10,"turns":3},{"damage":2,"enemies":"Blue Slaver","floor":12,"turns":3},{"damage":7,"enemies":"Gremlin Nob","floor":13,"turns":3},{"damage":0,"enemies":"Slime Boss","floor":16,"turns":8},{"damage":5,"enemies":"3 Byrds","floor":18,"turns":4},{"damage":0,"enemies":"Spheric Guardian","floor":21,"turns":5},{"damage":15,"enemies":"Colosseum Slavers","floor":22,"turns":3},{"damage":3,"enemies":"Colosseum Nobs","floor":22,"turns":6},{"damage":6,"enemies":"Snake Plant","floor":30,"turns":7},{"damage":2,"enemies":"Centurion and Healer","floor":31,"turns":4},{"damage":22,"enemies":"Collector","floor":33,"turns":13},{"damage":16,"enemies":"3 Shapes","floor":35,"turns":3},{"damage":24,"enemies":"3 Darklings","floor":37,"turns":4},{"damage":8,"enemies":"4 Shapes","floor":38,"turns":6},{"damage":0,"enemies":"Maw","floor":39,"turns":6},{"damage":12,"enemies":"Reptomancer","floor":41,"turns":8},{"damage":3,"enemies":"3 Darklings","floor":46,"turns":3},{"damage":18,"enemies":"Jaw Worm Horde","floor":48,"turns":5},{"damage":0,"enemies":"Awakened One","floor":50,"turns":13},{"damage":36,"enemies":"Shield and Spear","floor":54,"turns":6},{"damage":87,"enemies":"The Heart","floor":55,"turns":14}],"seed_played":"-6373244194481103457","potions_obtained":[{"floor":7,"key":"Explosive Potion"},{"floor":16,"key":"Fire Potion"},{"floor":18,"key":"Ancient Potion"},{"floor":21,"key":"SmokeBomb"},{"floor":30,"key":"SteroidPotion"},{"floor":33,"key":"SpeedPotion"},{"floor":38,"key":"Energy Potion"},{"floor":39,"key":"FocusPotion"},{"floor":41,"key":"FocusPotion"},{"floor":54,"key":"LiquidBronze"}],"is_trial":false,"path_per_floor":["M","?","T","$","M","?","E","R","T","M","R","M","E","?","R","B",null,"M","?","$","M","?","R","?","?","T","$","R","$","M","M","R","B",null,"M","?","M","M","M","R","E","?","T","T","R","M","?","M","R","B",null,"R","$","E","B",null],"character_chosen":"DEFECT","items_purchased":["Rip and Tear","Coolheaded","Cables","Defragment+1","Strawberry","Defragment+1","Loop+1","Bottled Tornado"],"campfire_rested":5,"item_purchase_floors":[4,4,4,20,20,27,29,53],"current_hp_per_floor":[66,59,59,59,58,44,28,48,48,48,48,46,39,39,39,39,68,63,63,70,70,52,52,38,38,38,38,62,62,56,54,54,32,80,64,64,40,32,32,56,44,44,44,44,80,77,67,49,80,80,80,80,80,44,4],"gold":78,"neow_bonus":"TWO_FIFTY_GOLD","is_prod":false,"is_daily":false,"chose_seed":false,"campfire_upgraded":4,"win_rate":0,"timestamp":1556980197,"path_taken":["M","?","?","$","?","?","E","R","T","M","R","M","E","?","R","BOSS","M","?","?","M","?","R","?","?","T","$","R","$","M","M","R","BOSS","M","?","M","M","?","R","E","?","T","?","R","M","?","M","R","BOSS","R","$","E","BOSS"],"build_version":"2019-01-23","purchased_purges":0,"victory":true,"max_hp_per_floor":[68,68,68,68,68,68,68,68,68,68,68,68,68,68,68,68,68,68,68,75,75,75,75,80,80,80,80,80,80,80,80,80,80,80,80,80,80,80,80,80,80,80,80,80,80,80,80,80,80,80,80,80,80,80,80],"card_choices":[{"not_picked":["Hologram","Sweeping Beam"],"picked":"Defragment","floor":1},{"not_picked":["Leap","Compile Driver"],"picked":"Static Discharge","floor":5},{"not_picked":["Lockon","Gash"],"picked":"Defragment","floor":7},{"not_picked":["Beam Cell","Gash"],"picked":"Conserve Battery","floor":10},{"not_picked":["Rebound","Streamline"],"picked":"Chill","floor":10},{"not_picked":["Consume","Gash"],"picked":"Coolheaded","floor":12},{"not_picked":["Fusion","Steam","Beam Cell"],"picked":"SKIP","floor":12},{"not_picked":["Sweeping Beam","Steam"],"picked":"Coolheaded","floor":13},{"not_picked":["Amplify","Reboot"],"picked":"Electrodynamics+1","floor":16},{"not_picked":["Chaos","Double Energy+1"],"picked":"Reprogram","floor":18},{"not_picked":["Go for the Eyes","Gash"],"picked":"Conserve Battery","floor":18},{"not_picked":["Coolheaded","Compile Driver"],"picked":"Hologram","floor":21},{"not_picked":["Coolheaded","Rebound","Turbo"],"picked":"SKIP","floor":21},{"not_picked":["Turbo","Darkness+1"],"picked":"Undo+1","floor":22},{"not_picked":["Conserve Battery","Hologram","Coolheaded"],"picked":"SKIP","floor":30},{"not_picked":["Reprogram","Consume","Genetic Algorithm"],"picked":"SKIP","floor":30},{"not_picked":["Scrape","Reprogram"],"picked":"Rip and Tear","floor":31},{"not_picked":["Barrage","Gash"],"picked":"Hologram","floor":31},{"not_picked":["Echo Form+1","Hyperbeam"],"picked":"Reboot","floor":33},{"not_picked":["Sweeping Beam+1","Leap+1"],"picked":"Redo+1","floor":35},{"not_picked":["Go for the Eyes","Turbo+1","Sweeping Beam+1"],"picked":"SKIP","floor":35},{"not_picked":["Compile Driver","Beam Cell+1"],"picked":"BootSequence+1","floor":37},{"not_picked":["Streamline+1","Recycle+1","Rebound+1"],"picked":"SKIP","floor":37},{"not_picked":["Self Repair+1","Coolheaded+1"],"picked":"Capacitor+1","floor":38},{"not_picked":["Sunder+1","Steam","Tempest"],"picked":"SKIP","floor":38},{"not_picked":["Steam+1","Compile Driver+1"],"picked":"Lockon+1","floor":39},{"not_picked":["Compile Driver+1","Beam Cell"],"picked":"Cold Snap+1","floor":39},{"not_picked":["Sweeping Beam","Coolheaded+1","Reboot"],"picked":"SKIP","floor":41},{"not_picked":["Coolheaded+1","Leap+1"],"picked":"Lockon+1","floor":46},{"not_picked":["Scrape","Aggregate+1","Leap+1"],"picked":"SKIP","floor":46},{"not_picked":["Barrage+1","Steam Power+1","Compile Driver"],"picked":"SKIP","floor":48},{"not_picked":["Recycle","Lockon+1","Barrage"],"picked":"SKIP","floor":48},{"not_picked":["Lockon+1","Reprogram","Darkness"],"picked":"SKIP","floor":54}],"player_experience":259314,"relics_obtained":[{"floor":3,"key":"Boot"},{"floor":7,"key":"Prayer Wheel"},{"floor":13,"key":"Frozen Egg 2"},{"floor":22,"key":"Pocketwatch"},{"floor":22,"key":"Ornamental Fan"},{"floor":26,"key":"Thread and Needle"},{"floor":41,"key":"Regal Pillow"},{"floor":43,"key":"PreservedInsect"},{"floor":44,"key":"Dodecahedron"},{"floor":54,"key":"Orichalcum"}],"event_choices":[{"damage_healed":0,"gold_gain":0,"player_choice":"Success","damage_taken":7,"relics_obtained":["Symbiotic Virus"],"max_hp_gain":0,"max_hp_loss":0,"event_name":"Scrap Ooze","floor":2,"gold_loss":0},{"damage_healed":0,"gold_gain":0,"player_choice":"Entered Light","damage_taken":14,"max_hp_gain":0,"max_hp_loss":0,"event_name":"Shining Light","floor":6,"gold_loss":0,"cards_upgraded":["Strike_B","Rip and Tear"]},{"damage_healed":0,"gold_gain":0,"player_choice":"Left Gold","damage_taken":0,"max_hp_gain":0,"max_hp_loss":0,"event_name":"World of Goop","floor":14,"gold_loss":24},{"damage_healed":0,"gold_gain":0,"player_choice":"Upgraded","damage_taken":0,"max_hp_gain":0,"max_hp_loss":0,"event_name":"Upgrade Shrine","floor":19,"gold_loss":0,"cards_upgraded":["Static Discharge"]},{"damage_healed":0,"gold_gain":0,"player_choice":"Fight","damage_taken":0,"max_hp_gain":0,"max_hp_loss":0,"event_name":"Colosseum","floor":22,"gold_loss":0},{"damage_healed":0,"gold_gain":0,"player_choice":"Fought Nobs","damage_taken":0,"max_hp_gain":0,"max_hp_loss":0,"event_name":"Colosseum","floor":22,"gold_loss":0},{"damage_healed":0,"gold_gain":0,"player_choice":"Shed Blood","damage_taken":19,"max_hp_gain":5,"max_hp_loss":0,"event_name":"Forgotten Altar","floor":24,"gold_loss":0},{"damage_healed":0,"gold_gain":0,"player_choice":"Inject Mutagens","damage_taken":0,"relics_obtained":["MutagenicStrength"],"max_hp_gain":0,"max_hp_loss":0,"event_name":"Drug Dealer","floor":25,"gold_loss":0},{"damage_healed":0,"gold_gain":0,"player_choice":"Ignored","damage_taken":0,"max_hp_gain":0,"max_hp_loss":0,"event_name":"NoteForYourself","floor":36,"gold_loss":0},{"damage_healed":0,"gold_gain":0,"player_choice":"Ignored","damage_taken":0,"max_hp_gain":0,"max_hp_loss":0,"event_name":"Mysterious Sphere","floor":42,"gold_loss":0},{"damage_healed":0,"gold_gain":0,"player_choice":"Embrace Madness","damage_taken":10,"max_hp_gain":0,"max_hp_loss":0,"event_name":"Winding Halls","floor":47,"gold_loss":0,"cards_obtained":["Madness","Madness"]}],"is_beta":false,"boss_relics":[{"not_picked":["Orrery","Pandora\u0027s Box"],"picked":"Lizard Tail"},{"not_picked":["Calling Bell","Sozu"],"picked":"Astrolabe"}],"items_purged_floors":[],"is_endless":false,"potions_floor_spawned":[7,16,18,21,30,33,38,39,41,54],"ascension_level":0}