{"gold_per_floor":[112,124,134,147,166,166,32,67,67,67,67,17,17,44,44,44],"floor_reached":16,"playtime":559,"items_purged":["Strike_B","Strike_B"],"score":220,"play_id":"fdb28cd8-db01-4aaf-a398-72ee5235fb00","local_time":"20190430100226","is_ascension_mode":true,"campfire_choices":[{"data":"Redo","floor":6,"key":"SMITH"},{"floor":10,"key":"REST"},{"data":"Zap","floor":13,"key":"SMITH"},{"data":"Coolheaded","floor":15,"key":"SMITH"}],"neow_cost":"TEN_PERCENT_HP_LOSS","seed_source_timestamp":728890261272181,"circlet_count":0,"master_deck":["AscendersBane","Strike_B","Strike_B","Defend_B","Defend_B","Defend_B","Defend_B","Zap+1","Dualcast","Ball Lightning","Redo+1","Electrodynamics","Glacier","Coolheaded+1","Self Repair","Glacier+1"],"relics":["Cracked Core","WingedGreaves","Toxic Egg 2","StoneCalendar","SsserpentHead","Darkstone Periapt"],"potions_floor_usage":[4,14,16],"damage_taken":[{"damage":0,"enemies":"Small Slimes","floor":1,"turns":2},{"damage":0,"enemies":"Cultist","floor":2,"turns":2},{"damage":12,"enemies":"Jaw Worm","floor":3,"turns":2},{"damage":10,"enemies":"Gremlin Gang","floor":4,"turns":2},{"damage":8,"enemies":"Blue Slaver","floor":5,"turns":2},{"damage":19,"enemies":"Lagavulin","floor":8,"turns":6},{"damage":19,"enemies":"3 Sentries","floor":14,"turns":3},{"damage":7,"enemies":"Hexaghost","floor":16,"turns":9}],"seed_played":"-702975639153628658","potions_obtained":[{"floor":2,"key":"SneckoOil"},{"floor":5,"key":"Ancient Potion"},{"floor":8,"key":"SkillPotion"},{"floor":14,"key":"LiquidBronze"}],"is_trial":false,"path_per_floor":["M","M","M","M","M","R","$","E","T","R","?","$","R","E","R","B"],"character_chosen":"DEFECT","items_purchased":["Coolheaded"],"campfire_rested":1,"item_purchase_floors":[7],"current_hp_per_floor":[64,64,52,42,34,34,34,15,15,34,34,34,34,15,15,8],"gold":44,"neow_bonus":"ONE_RARE_RELIC","is_prod":false,"is_daily":false,"chose_seed":false,"campfire_upgraded":3,"win_rate":0,"timestamp":1556586146,"path_taken":["M","M","M","M","M","R","$","E","T","R","?","?","R","E","R","BOSS"],"build_version":"2019-01-23","purchased_purges":2,"victory":false,"max_hp_per_floor":[64,64,64,64,64,64,64,64,64,64,64,64,64,64,64,64],"card_choices":[{"not_picked":["Redo","Gash"],"picked":"Ball Lightning","floor":1},{"not_picked":["Leap","Rebound"],"picked":"Redo","floor":2},{"not_picked":["Melter","Gash"],"picked":"Electrodynamics","floor":3},{"not_picked":["Rebound","Coolheaded"],"picked":"Glacier","floor":4},{"not_picked":["Turbo","Lockon","Go for the Eyes"],"picked":"SKIP","floor":5},{"not_picked":["Compile Driver","Streamline"],"picked":"Self Repair","floor":8},{"not_picked":["Chaos+1","Reboot+1"],"picked":"Glacier+1","floor":14}],"player_experience":313663,"relics_obtained":[{"floor":8,"key":"Toxic Egg 2"},{"floor":9,"key":"StoneCalendar"},{"floor":14,"key":"Darkstone Periapt"}],"event_choices":[{"damage_healed":0,"gold_gain":0,"player_choice":"Trade","damage_taken":0,"relics_obtained":["SsserpentHead"],"max_hp_gain":0,"max_hp_loss":0,"event_name":"FaceTrader","floor":11,"gold_loss":0}],"is_beta":false,"boss_relics":[],"items_purged_floors":[7,12],"is_endless":false,"potions_floor_spawned":[2,5,8,14],"killed_by":"Hexaghost","ascension_level":20}