{"gold_per_floor":[116,128,128,145,161,193,193,193,193,210,210,58,73,88,88,188,188,201,201,201,201,216,241,241,256,256,256],"floor_reached":27,"playtime":1021,"items_purged":["Strike_R"],"score":234,"play_id":"9001b617-f5f1-4158-9729-0625273c1560","local_time":"20190513011607","is_ascension_mode":false,"campfire_choices":[{"data":"Shockwave","floor":7,"key":"SMITH"},{"data":"Spot Weakness","floor":11,"key":"SMITH"},{"floor":15,"key":"RECALL"},{"floor":24,"key":"REST"}],"neow_cost":"NONE","seed_source_timestamp":484171663627641,"circlet_count":0,"master_deck":["Strike_R+1","Strike_R+1","Strike_R+1","Defend_R+1","Defend_R+1","Defend_R+1","Bash","Iron Wave","Armaments+1","Shockwave+1","Spot Weakness+1","Infernal Blade","Demon Form","Shrug It Off","Thunderclap","Dropkick","Cleave+1"],"relics":["Burning Blood","NeowsBlessing","Potion Belt","NlothsMask","Empty Cage","Ginger","Spirit Poop","Magic Flower","PreservedInsect"],"potions_floor_usage":[13,16,22,22,23,23,23,27],"damage_taken":[{"damage":0,"enemies":"2 Louse","floor":1,"turns":1},{"damage":0,"enemies":"Cultist","floor":2,"turns":1},{"damage":0,"enemies":"Small Slimes","floor":4,"turns":1},{"damage":7,"enemies":"Blue Slaver","floor":5,"turns":3},{"damage":30,"enemies":"3 Sentries","floor":6,"turns":10},{"damage":5,"enemies":"Red Slaver","floor":10,"turns":3},{"damage":3,"enemies":"Gremlin Gang","floor":13,"turns":2},{"damage":9,"enemies":"Blue Slaver","floor":14,"turns":3},{"damage":21,"enemies":"Slime Boss","floor":16,"turns":12},{"damage":30,"enemies":"Chosen","floor":18,"turns":8},{"damage":14,"enemies":"2 Thieves","floor":22,"turns":4},{"damage":46,"enemies":"Book of Stabbing","floor":23,"turns":7},{"damage":19,"enemies":"Snecko","floor":25,"turns":7},{"damage":39,"enemies":"Chosen and Byrds","floor":27,"turns":8}],"seed_played":"-133753612494941146","potions_obtained":[{"floor":1,"key":"Explosive Potion"},{"floor":4,"key":"Explosive Potion"},{"floor":10,"key":"Poison Potion"},{"floor":13,"key":"Block Potion"},{"floor":14,"key":"Block Potion"},{"floor":16,"key":"FearPotion"},{"floor":18,"key":"LiquidBronze"},{"floor":23,"key":"Explosive Potion"}],"is_trial":false,"path_per_floor":["M","M","?","M","M","E","R","?","T","M","R","$","M","M","R","B",null,"M","?","?","?","M","E","R","M","T","M"],"character_chosen":"IRONCLAD","items_purchased":["Infernal Blade"],"campfire_rested":1,"item_purchase_floors":[12],"current_hp_per_floor":[80,80,80,80,79,55,55,55,55,56,56,56,59,56,56,41,80,56,56,56,56,48,8,32,22,22,0],"gold":256,"neow_bonus":"THREE_ENEMY_KILL","is_prod":false,"is_daily":false,"chose_seed":false,"campfire_upgraded":2,"win_rate":0,"timestamp":1557702967,"path_taken":["M","M","?","M","?","E","R","?","T","?","R","$","M","M","R","BOSS","M","?","?","?","?","E","R","M","T","M"],"build_version":"2019-05-07","purchased_purges":1,"victory":false,"max_hp_per_floor":[80,80,80,80,80,80,80,80,80,80,80,80,80,80,80,80,80,80,80,80,80,80,80,80,80,80,80],"card_choices":[{"not_picked":["Dual Wield","Blood for Blood"],"picked":"Iron Wave","floor":1},{"not_picked":["Spot Weakness","Flex"],"picked":"Armaments","floor":2},{"not_picked":["Wild Strike","Headbutt","Clothesline"],"picked":"SKIP","floor":4},{"not_picked":["Headbutt","Uppercut"],"picked":"Shockwave","floor":5},{"not_picked":["Battle Trance","Pommel Strike"],"picked":"Spot Weakness","floor":6},{"not_picked":["Sever Soul","True Grit","Clash"],"picked":"SKIP","floor":10},{"not_picked":["Armaments","Fiend Fire","Twin Strike"],"picked":"SKIP","floor":13},{"not_picked":["Iron Wave","Anger","Perfected Strike"],"picked":"SKIP","floor":14},{"not_picked":["Barricade","Dark Embrace"],"picked":"Demon Form","floor":16},{"not_picked":["Rampage","Cleave"],"picked":"Shrug It Off","floor":18},{"not_picked":["Fire Breathing","Warcry"],"picked":"Thunderclap","floor":22},{"not_picked":["Clash","Pommel Strike"],"picked":"Dropkick","floor":23},{"not_picked":["Flame Barrier+1","Sword Boomerang"],"picked":"Cleave+1","floor":25}],"player_experience":357193,"relics_obtained":[{"floor":6,"key":"Potion Belt"},{"floor":23,"key":"Magic Flower"},{"floor":26,"key":"PreservedInsect"}],"event_choices":[{"damage_healed":0,"gold_gain":0,"player_choice":"Upgraded","damage_taken":0,"max_hp_gain":0,"max_hp_loss":0,"event_name":"Upgrade Shrine","floor":3,"gold_loss":0,"cards_upgraded":["Armaments"]},{"damage_healed":0,"gold_gain":0,"player_choice":"Trade","damage_taken":0,"relics_obtained":["NlothsMask"],"max_hp_gain":0,"max_hp_loss":0,"event_name":"FaceTrader","floor":8,"gold_loss":0},{"damage_healed":0,"gold_gain":0,"player_choice":"Stole Relic","damage_taken":0,"relics_obtained":["Ginger"],"max_hp_gain":0,"max_hp_loss":0,"event_name":"Addict","floor":19,"gold_loss":0,"cards_obtained":["Shame"]},{"damage_healed":0,"gold_gain":0,"player_choice":"Simplicity","damage_taken":0,"max_hp_gain":0,"max_hp_loss":0,"event_name":"Back to Basics","floor":20,"gold_loss":0,"cards_upgraded":["Strike_R","Strike_R","Strike_R","Defend_R","Defend_R","Defend_R"]},{"cards_removed":["Shame"],"damage_healed":0,"gold_gain":0,"player_choice":"Offered Curse","damage_taken":0,"relics_obtained":["Spirit Poop"],"max_hp_gain":0,"max_hp_loss":0,"event_name":"Bonfire Elementals","floor":21,"gold_loss":0}],"is_beta":true,"boss_relics":[{"not_picked":["Snecko Eye","White Beast Statue"],"picked":"Empty Cage"}],"items_purged_floors":[12],"is_endless":false,"potions_floor_spawned":[1,4,10,13,14,16,18,23],"killed_by":"Chosen and Byrds","ascension_level":0}