{"gold_per_floor":[118,138,211,226,74,99,149,184,210,229,247,247,267,280,280,356,356,373,176,190,190,140,140,172,189,189,220,220,238,238,258,258,336,336,347,1346,512,512,14,43,43,43,67,67,12,24,24,55,55,55,55,55,55,5,33,33],"floor_reached":57,"playtime":2460,"items_purged":["Strike_R","Perfected Strike","Bash","Normality","Normality","Whirlwind"],"score":3341,"play_id":"dfd05a3f-9c08-47b0-95bc-b5c6dd39b373","local_time":"20190522234513","is_ascension_mode":true,"campfire_choices":[{"data":"Evolve","floor":12,"key":"SMITH"},{"data":"Disarm","floor":15,"key":"SMITH"},{"data":"Armaments","floor":23,"key":"SMITH"},{"data":"Juggernaut","floor":28,"key":"SMITH"},{"data":"Double Tap","floor":30,"key":"SMITH"},{"data":"Demon Form","floor":32,"key":"SMITH"},{"floor":41,"key":"RECALL"},{"data":"Writhe","floor":44,"key":"PURGE"},{"data":"Impervious","floor":49,"key":"SMITH"},{"data":"Uppercut","floor":53,"key":"SMITH"}],"neow_cost":"NONE","seed_source_timestamp":336123096606919,"circlet_count":0,"master_deck":["AscendersBane","Entrench","Shrug It Off+1","Body Slam","Evolve+1","Disarm+1","Whirlwind","Juggernaut+1","Ghostly Armor+1","Entrench","Double Tap+1","Spot Weakness","Carnage","Demon Form+1","Shockwave","Armaments+1","Flash of Steel","Impervious+1","Uppercut+1","Metallicize+1","Metallicize+1","Feel No Pain+1","Feel No Pain+1","Magnetism+1","Secret Weapon","Purity","Heavy Blade+1","Sword Boomerang+1"],"special_seed":0,"relics":["Burning Blood","NeowsBlessing","Meat on the Bone","Question Card","Smiling Mask","Pandora\u0027s Box","Frozen Egg 2","Calipers","Centennial Puzzle","Black Star","Medical Kit","Peace Pipe","Oddly Smooth Stone","Membership Card","Anchor","Potion Belt","Orichalcum","Bag of Preparation","War Paint","Omamori","Ginger","Shuriken","Pear"],"potions_floor_usage":[56,56,56,56],"damage_taken":[{"damage":0.0,"enemies":"Cultist","floor":1.0,"turns":1.0},{"damage":0.0,"enemies":"Small Slimes","floor":2.0,"turns":1.0},{"damage":0.0,"enemies":"Jaw Worm","floor":4.0,"turns":1.0},{"damage":2.0,"enemies":"3 Sentries","floor":6.0,"turns":3.0},{"damage":0,"enemies":"Gremlin Nob","floor":8,"turns":2},{"damage":4,"enemies":"Red Slaver","floor":10,"turns":3},{"damage":0,"enemies":"Blue Slaver","floor":11,"turns":1},{"damage":1,"enemies":"Looter","floor":13,"turns":3},{"damage":0,"enemies":"Exordium Wildlife","floor":14,"turns":1},{"damage":0,"enemies":"Slime Boss","floor":16,"turns":6},{"damage":8,"enemies":"2 Thieves","floor":18,"turns":2},{"damage":0,"enemies":"Spheric Guardian","floor":20,"turns":2},{"damage":0,"enemies":"Gremlin Leader","floor":24,"turns":2},{"damage":4,"enemies":"Snake Plant","floor":25,"turns":2},{"damage":29,"enemies":"Slavers","floor":27,"turns":4},{"damage":7,"enemies":"Snecko","floor":29,"turns":3},{"damage":0,"enemies":"Centurion and Healer","floor":31,"turns":2},{"damage":0,"enemies":"Champ","floor":33,"turns":5},{"damage":0,"enemies":"3 Shapes","floor":35,"turns":4},{"damage":31,"enemies":"Nemesis","floor":40,"turns":3},{"damage":0,"enemies":"3 Darklings","floor":46,"turns":2},{"damage":0,"enemies":"Giant Head","floor":48,"turns":5},{"damage":22,"enemies":"Time Eater","floor":50,"turns":6},{"damage":14,"enemies":"Donu and Deca","floor":51,"turns":4},{"damage":0,"enemies":"Shield and Spear","floor":55,"turns":4},{"damage":0,"enemies":"The Heart","floor":56,"turns":8}],"seed_played":"-65581285317067693","potions_obtained":[{"floor":1.0,"key":"Strength Potion"},{"floor":6.0,"key":"FearPotion"},{"floor":13,"key":"PowerPotion"},{"floor":14,"key":"PowerPotion"}],"is_trial":false,"path_per_floor":["M","M","T","M","$","E","?","E","T","M","M","R","M","M","R","B",null,"M","$","M","?","$","R","E","M","T","E","R","M","R","M","R","B",null,"M","?","$","?","$","E","R","?","T","R","$","M","?","E","R","B","B",null,"R","$","E","B",null],"character_chosen":"IRONCLAD","items_purchased":["Whirlwind","Armaments","Flash of Steel","Medical Kit","Peace Pipe","Metallicize+1","Oddly Smooth Stone","Membership Card","Anchor","Metallicize+1","Potion Belt","Swift Potion","PowerPotion","PowerPotion"],"campfire_rested":0,"item_purchase_floors":[5,19,19,37,37,37,37,39,39,39,39,39,45,45],"current_hp_per_floor":[74,75,75,75,75,75,68,74,74,75,75,75,75,75,75,75,75,73,73,75,75,75,75,75,75,75,52,52,51,51,57,57,63,72,75,75,75,75,75,50,50,65,65,65,65,71,61,67,67,51,55,70,70,70,85,85],"gold":33,"neow_bonus":"THREE_ENEMY_KILL","is_prod":false,"is_daily":false,"chose_seed":false,"campfire_upgraded":8,"win_rate":0,"timestamp":1558536313,"path_taken":["M","M","?","M","?","E","?","E","T","?","M","R","M","M","R","BOSS","M","$","M","?","$","R","E","M","T","E","R","?","R","M","R","BOSS","M","?","$","?","?","E","R","?","T","R","$","M","?","E","R","BOSS","BOSS","R","$","E","BOSS"],"build_version":"2019-01-23","purchased_purges":6,"victory":true,"max_hp_per_floor":[75,75,75,75,75,75,75,75,75,75,75,75,75,75,75,75,75,75,75,75,75,75,75,75,75,75,75,75,75,75,75,75,75,75,75,75,75,75,75,75,75,75,75,75,75,75,75,75,75,75,75,75,75,75,85,85],"card_choices":[{"not_picked":["Infernal Blade","Headbutt","Warcry"],"picked":"SKIP","floor":1.0},{"not_picked":["Burning Pact","Hemokinesis"],"picked":"Entrench","floor":2.0},{"not_picked":["Twin Strike","Anger"],"picked":"Shrug It Off","floor":4.0},{"not_picked":["Shrug It Off","Dropkick","Blood for Blood"],"picked":"SKIP","floor":6.0},{"not_picked":["Armaments","Fiend Fire","Double Tap"],"picked":"Body Slam","floor":8},{"not_picked":["Dropkick","Infernal Blade","Headbutt"],"picked":"Evolve","floor":10},{"not_picked":["Clash","Uppercut","Thunderclap"],"picked":"Disarm","floor":11},{"not_picked":["Heavy Blade","Sentinel","Disarm","Sword Boomerang"],"picked":"SKIP","floor":13},{"not_picked":["Clash","Sever Soul","Power Through"],"picked":"Whirlwind","floor":14},{"not_picked":["Bludgeon","Reaper","Fiend Fire"],"picked":"Juggernaut","floor":16},{"not_picked":["Entrench","Warcry","Body Slam+1"],"picked":"Shockwave","floor":18},{"not_picked":["Anger","Cleave","Inflame+1","Warcry"],"picked":"SKIP","floor":20},{"not_picked":["Sword Boomerang","Havoc","Demon Form"],"picked":"Impervious","floor":24},{"not_picked":["Headbutt","Wild Strike","Sword Boomerang+1","Clothesline"],"picked":"SKIP","floor":25},{"not_picked":["Pummel","Armaments","Whirlwind","Entrench+1"],"picked":"SKIP","floor":27},{"not_picked":["Headbutt","Heavy Blade","Twin Strike","Sword Boomerang"],"picked":"SKIP","floor":29},{"not_picked":["Sever Soul","Wild Strike","Twin Strike","Perfected Strike"],"picked":"SKIP","floor":31},{"not_picked":["Corruption+1","Bloodletting+1","Clothesline"],"picked":"Uppercut","floor":35},{"not_picked":["Rage+1","Perfected Strike","Demon Form+1"],"picked":"Feel No Pain+1","floor":40},{"not_picked":["Cleave","Heavy Blade+1","Iron Wave+1"],"picked":"Feel No Pain+1","floor":46},{"not_picked":["Metamorphosis","Bandage Up","PanicButton"],"picked":"Magnetism+1","floor":47},{"not_picked":["Mind Blast","Impatience","PanicButton"],"picked":"Secret Weapon","floor":47},{"not_picked":["Madness","Secret Weapon","Trip"],"picked":"Purity","floor":47},{"not_picked":["Flame Barrier","Warcry","Searing Blow"],"picked":"Heavy Blade+1","floor":48},{"not_picked":["Feel No Pain+1","Wild Strike","Sever Soul"],"picked":"Sword Boomerang+1","floor":55}],"player_experience":548617,"relics_obtained":[{"floor":3.0,"key":"Meat on the Bone"},{"floor":6.0,"key":"Question Card"},{"floor":8,"key":"Smiling Mask"},{"floor":24,"key":"Frozen Egg 2"},{"floor":26,"key":"Calipers"},{"floor":27,"key":"Centennial Puzzle"},{"floor":40,"key":"Orichalcum"},{"floor":40,"key":"Bag of Preparation"},{"floor":43,"key":"War Paint"},{"floor":48,"key":"Omamori"},{"floor":48,"key":"Ginger"},{"floor":55,"key":"Shuriken"},{"floor":55,"key":"Pear"}],"event_choices":[{"damage_healed":0,"gold_gain":50,"player_choice":"Touch","damage_taken":7,"max_hp_gain":0,"max_hp_loss":0,"event_name":"FaceTrader","floor":7,"gold_loss":0},{"cards_removed":["Intimidate"],"damage_healed":0,"gold_gain":0,"player_choice":"Offered Uncommon","damage_taken":0,"max_hp_gain":0,"max_hp_loss":0,"event_name":"Bonfire Elementals","floor":21,"gold_loss":0},{"damage_healed":0,"gold_gain":999,"player_choice":"Gold","damage_taken":0,"max_hp_gain":0,"max_hp_loss":0,"event_name":"MindBloom","floor":36,"gold_loss":0,"cards_obtained":["Normality","Normality"]},{"damage_healed":0,"gold_gain":0,"player_choice":"Ignored","damage_taken":0,"max_hp_gain":0,"max_hp_loss":0,"event_name":"Tomb of Lord Red Mask","floor":38,"gold_loss":0},{"damage_healed":15,"gold_gain":0,"player_choice":"Writhe","damage_taken":0,"max_hp_gain":0,"max_hp_loss":0,"event_name":"Winding Halls","floor":42,"gold_loss":0,"cards_obtained":["Writhe"]},{"damage_healed":0,"gold_gain":0,"player_choice":"Memory 3","damage_taken":10,"max_hp_gain":0,"max_hp_loss":0,"event_name":"SensoryStone","floor":47,"gold_loss":0}],"is_beta":false,"boss_relics":[{"not_picked":["Ectoplasm","Snecko Eye"],"picked":"Pandora\u0027s Box"},{"not_picked":["Lizard Tail","Astrolabe"],"picked":"Black Star"}],"items_purged_floors":[5,19,22,37,39,54],"is_endless":false,"potions_floor_spawned":[1,6,10,13,14,16,24,27,33,35,48,55],"ascension_level":20}