{"gold_per_floor":[117,129,140,154,164,194,26,59,59,9,27,57,57,67,67,169,169,189,208,208,218,118,153,153,153],"floor_reached":25,"playtime":2508,"items_purged":["Strike_R","Strike_R"],"score":282,"play_id":"2d2adf6b-160e-420e-9ca3-5c0a02d85b75","local_time":"20190521010945","is_ascension_mode":true,"campfire_choices":[{"data":"Havoc","floor":15,"key":"SMITH"}],"neow_cost":"NONE","seed_source_timestamp":14873554442834,"circlet_count":0,"master_deck":["Defend_R","Defend_R","Bash","Shrug It Off","Shrug It Off","Pommel Strike","Pommel Strike","Clothesline","Flame Barrier","Anger","Armaments","Inflame","Exhume","Havoc+1","Reaper","Dark Embrace","True Grit","Havoc+1"],"relics":["Burning Blood","Strawberry","Meat on the Bone","Sundial","Pantograph","Empty Cage","Bottled Tornado"],"potions_floor_usage":[6,12,12,16,23,25],"damage_taken":[{"damage":0,"enemies":"Small Slimes","floor":1,"turns":3},{"damage":2,"enemies":"Cultist","floor":2,"turns":4},{"damage":0,"enemies":"2 Louse","floor":3,"turns":3},{"damage":14,"enemies":"Gremlin Gang","floor":4,"turns":5},{"damage":3,"enemies":"2 Fungi Beasts","floor":5,"turns":4},{"damage":37,"enemies":"Lagavulin","floor":6,"turns":9},{"damage":38,"enemies":"3 Sentries","floor":8,"turns":10},{"damage":4,"enemies":"Blue Slaver","floor":11,"turns":5},{"damage":18,"enemies":"Lagavulin","floor":12,"turns":8},{"damage":20,"enemies":"3 Louse","floor":14,"turns":5},{"damage":28,"enemies":"The Guardian","floor":16,"turns":10},{"damage":20,"enemies":"Spheric Guardian","floor":18,"turns":5},{"damage":18,"enemies":"3 Byrds","floor":19,"turns":4},{"damage":26,"enemies":"Centurion and Healer","floor":21,"turns":8},{"damage":64,"enemies":"Book of Stabbing","floor":23,"turns":8},{"damage":17,"enemies":"Snecko","floor":25,"turns":5}],"seed_played":"519719973012548708","potions_obtained":[{"floor":3,"key":"GamblersBrew"},{"floor":5,"key":"Explosive Potion"},{"floor":6,"key":"Strength Potion"},{"floor":8,"key":"Poison Potion"},{"floor":16,"key":"GamblersBrew"},{"floor":19,"key":"SkillPotion"}],"is_trial":false,"path_per_floor":["M","M","M","M","M","E","$","E","T","?","M","E","?","M","R","B",null,"M","M","?","M","$","E","?","M"],"character_chosen":"IRONCLAD","items_purchased":["Armaments","Inflame"],"campfire_rested":0,"item_purchase_floors":[7,7],"current_hp_per_floor":[80,80,80,72,75,51,51,19,19,19,33,33,33,48,48,51,87,73,61,61,62,62,22,5,0],"gold":153,"neow_bonus":"THREE_CARDS","is_prod":false,"is_daily":false,"chose_seed":false,"campfire_upgraded":1,"win_rate":0,"timestamp":1558393785,"path_taken":["M","M","M","M","M","E","$","E","T","?","M","E","?","?","R","BOSS","M","M","?","?","$","E","?","M"],"build_version":"2019-01-23","purchased_purges":2,"victory":false,"max_hp_per_floor":[80,80,80,80,80,87,87,87,87,87,87,87,87,87,87,87,87,87,87,87,87,87,87,92,92],"card_choices":[{"not_picked":["Body Slam","Pommel Strike"],"picked":"Shrug It Off","floor":0},{"not_picked":["Flex","Clash"],"picked":"Shrug It Off","floor":1},{"not_picked":["Entrench","Shrug It Off"],"picked":"Pommel Strike","floor":2},{"not_picked":["Shockwave","Clash"],"picked":"Pommel Strike","floor":3},{"not_picked":["Hemokinesis","Limit Break"],"picked":"Clothesline","floor":4},{"not_picked":["True Grit","Perfected Strike"],"picked":"Flame Barrier","floor":5},{"not_picked":["Flex","Heavy Blade"],"picked":"Anger","floor":6},{"not_picked":["Carnage","Heavy Blade"],"picked":"Exhume","floor":8},{"not_picked":["Headbutt","Intimidate"],"picked":"Havoc","floor":11},{"not_picked":["Second Wind","Dual Wield"],"picked":"Reaper","floor":12},{"not_picked":["Feel No Pain","Heavy Blade","Sword Boomerang"],"picked":"SKIP","floor":14},{"not_picked":["Berserk","Immolate"],"picked":"Dark Embrace","floor":16},{"not_picked":["Anger","Power Through"],"picked":"True Grit","floor":18},{"not_picked":["Flex","Rage","Perfected Strike+1"],"picked":"SKIP","floor":19},{"not_picked":["Shockwave","Shrug It Off"],"picked":"Havoc+1","floor":21},{"not_picked":["Iron Wave","Armaments","Double Tap"],"picked":"SKIP","floor":23}],"player_experience":142255,"relics_obtained":[{"floor":6,"key":"Strawberry"},{"floor":8,"key":"Meat on the Bone"},{"floor":9,"key":"Sundial"},{"floor":12,"key":"Pantograph"},{"floor":23,"key":"Bottled Tornado"}],"event_choices":[{"cards_removed":["Strike_R"],"damage_healed":0,"gold_gain":0,"player_choice":"Card Removal","damage_taken":0,"max_hp_gain":0,"max_hp_loss":0,"event_name":"The Cleric","floor":10,"gold_loss":50},{"cards_removed":["Strike_R"],"damage_healed":0,"gold_gain":0,"player_choice":"Offered Basic","damage_taken":0,"max_hp_gain":0,"max_hp_loss":0,"event_name":"Bonfire Elementals","floor":13,"gold_loss":0},{"cards_removed":["Defend_R"],"damage_healed":0,"gold_gain":0,"player_choice":"Purged","damage_taken":0,"max_hp_gain":0,"max_hp_loss":0,"event_name":"Purifier","floor":20,"gold_loss":0},{"damage_healed":0,"gold_gain":0,"player_choice":"Shed Blood","damage_taken":22,"max_hp_gain":5,"max_hp_loss":0,"event_name":"Forgotten Altar","floor":24,"gold_loss":0}],"is_beta":false,"boss_relics":[{"not_picked":["Calling Bell","Eternal Feather"],"picked":"Empty Cage"}],"items_purged_floors":[7,22],"is_endless":false,"potions_floor_spawned":[3,5,6,8,11,16,19],"killed_by":"Snecko","ascension_level":3}