{"gold_per_floor":[113,113,33,49,49,49,49,49,96,21,40,75,89,89,89,89],"floor_reached":16,"playtime":513,"items_purged":["Shame"],"score":196,"play_id":"dd62b99c-23f9-441f-99cd-67126e9c5889","local_time":"20190430111943","is_ascension_mode":true,"campfire_choices":[{"data":"Recycle","floor":6,"key":"SMITH"},{"data":"Zap","floor":8,"key":"SMITH"},{"floor":15,"key":"REST"}],"neow_cost":"TEN_PERCENT_HP_LOSS","seed_source_timestamp":733572765209080,"circlet_count":0,"master_deck":["AscendersBane","Strike_B+1","Strike_B+1","Defend_B","Defend_B","Defend_B","Zap+1","Dualcast","Cold Snap","Blizzard","Hologram","Recycle+1","Capacitor","Defragment","Sunder","Hyperbeam"],"relics":["Cracked Core","Whetstone"],"potions_floor_usage":[12,13,13],"damage_taken":[{"damage":1,"enemies":"Cultist","floor":1,"turns":4},{"damage":9,"enemies":"Jaw Worm","floor":4,"turns":3},{"damage":6,"enemies":"Small Slimes","floor":11,"turns":4},{"damage":38,"enemies":"3 Sentries","floor":12,"turns":7},{"damage":2,"enemies":"Red Slaver","floor":13,"turns":3},{"damage":32,"enemies":"Hexaghost","floor":16,"turns":9}],"seed_played":"8729126491097979769","potions_obtained":[{"floor":4,"key":"GamblersBrew"},{"floor":7,"key":"LiquidBronze"},{"floor":12,"key":"Block Potion"}],"is_trial":false,"path_per_floor":["M","?","$","M","?","R","?","R","T","$","M","E","M","?","R","B"],"character_chosen":"DEFECT","items_purchased":["Recycle"],"campfire_rested":1,"item_purchase_floors":[3],"current_hp_per_floor":[63,63,63,54,54,54,54,54,54,54,48,10,8,8,27,0],"gold":89,"neow_bonus":"TRANSFORM_TWO_CARDS","is_prod":false,"is_daily":false,"chose_seed":false,"campfire_upgraded":2,"win_rate":0,"timestamp":1556590783,"path_taken":["M","?","?","M","?","R","?","R","T","$","?","E","M","?","R","BOSS"],"build_version":"2019-01-23","purchased_purges":1,"victory":false,"max_hp_per_floor":[64,64,64,64,64,64,64,64,64,64,64,64,64,64,64,64],"card_choices":[{"not_picked":["Rebound","Barrage"],"picked":"Hologram","floor":1},{"not_picked":["Turbo","Stack","Steam"],"picked":"SKIP","floor":4},{"not_picked":["Lockon","Barrage"],"picked":"Capacitor","floor":11},{"not_picked":["Beam Cell","Coolheaded"],"picked":"Defragment","floor":12},{"not_picked":["Leap","Gash"],"picked":"Sunder","floor":13}],"player_experience":317984,"relics_obtained":[{"floor":12,"key":"Whetstone"}],"event_choices":[{"damage_healed":0,"gold_gain":0,"player_choice":"1 cards matched","damage_taken":0,"max_hp_gain":0,"max_hp_loss":0,"event_name":"Match and Keep!","floor":2,"gold_loss":0,"cards_obtained":["Shame"]},{"damage_healed":0,"gold_gain":0,"player_choice":"Leave","damage_taken":0,"max_hp_gain":0,"max_hp_loss":0,"event_name":"The Cleric","floor":5,"gold_loss":0},{"damage_healed":0,"gold_gain":0,"player_choice":"Got Potions","damage_taken":0,"max_hp_gain":0,"max_hp_loss":0,"event_name":"Lab","floor":7,"gold_loss":0},{"damage_healed":0,"gold_gain":0,"cards_transformed":["Strike_B"],"player_choice":"Transformed","damage_taken":0,"max_hp_gain":0,"max_hp_loss":0,"event_name":"Transmorgrifier","floor":14,"gold_loss":0,"cards_obtained":["Hyperbeam"]}],"is_beta":false,"boss_relics":[],"items_purged_floors":[10],"is_endless":false,"potions_floor_spawned":[4,12],"killed_by":"Hexaghost","ascension_level":20}