{"path_per_floor":["M","?","M","M","$","E","R","M","T","R","M","R","M","M","R","B",null,"M","$","?","$","M","R","E","?","T","?"],"character_chosen":"DEFECT","items_purchased":["Shuriken","Ball Lightning","Capacitor"],"gold_per_floor":[114,114,129,144,69,99,99,114,139,139,154,154,169,184,184,284,284,299,24,24,1,16,16,46,46,46,46,46],"floor_reached":28,"campfire_rested":0,"playtime":1405,"item_purchase_floors":[19,19,21],"current_hp_per_floor":[70,70,69,68,68,52,52,40,40,40,40,40,40,40,40,8,64,61,61,45,45,32,32,7,7,7,7,0],"items_purged":["Strike_B"],"gold":46,"score":263,"play_id":"4f96b497-471b-4ac8-9c6b-f255953a9aea","local_time":"20180520023155","daily_mods":["Specialized","Binary","Terminal"],"is_prod":false,"is_daily":true,"chose_seed":false,"is_ascension_mode":false,"campfire_upgraded":5,"timestamp":1526776315,"campfire_choices":[{"data":"Melter","floor":7,"key":"SMITH"},{"data":"Static Discharge","floor":10,"key":"SMITH"},{"data":"Ball Lightning","floor":12,"key":"SMITH"},{"data":"Capacitor","floor":15,"key":"SMITH"},{"data":"Turbo","floor":23,"key":"SMITH"}],"path_taken":["M","?","M","M","$","E","R","M","T","R","M","R","M","?","R","BOSS","M","$","?","$","M","R","E","?","T","?","?"],"build_version":"2018-05-18","seed_source_timestamp":81981520149235,"purchased_purges":1,"victory":false,"master_deck":["Strike_B","Defend_B","Defend_B","Defend_B","Defend_B","Zap","Dualcast","Nova","Nova","Nova","Nova","Sweeping Beam+1","Ball Lightning+1","Skim","Melter+1","Static Discharge+1","Capacitor+1","Thunder Strike","Barrage+1","Multi-Cast+1","Force Field+1","BootSequence+1","Ball Lightning","Capacitor","Turbo+1","Static Discharge","Self Repair"],"max_hp_per_floor":[73,72,71,70,69,75,74,73,72,71,70,69,68,67,66,65,64,63,62,61,60,59,58,57,56,55,54,54],"relics":["Cracked Core","Strawberry","Anchor","Astrolabe","Shuriken","Enchiridion","Gremlin Horn","Frozen Egg 2"],"card_choices":[{"not_picked":["Barrage"],"picked":"Sweeping Beam","floor":1},{"not_picked":["Go for the Eyes"],"picked":"Ball Lightning","floor":3},{"not_picked":["Coolheaded"],"picked":"Skim","floor":4},{"not_picked":["Beam Cell"],"picked":"Melter","floor":6},{"not_picked":["Leap"],"picked":"Static Discharge","floor":8},{"not_picked":["Steam","Leap"],"picked":"SKIP","floor":11},{"not_picked":["Barrage","Force Field"],"picked":"SKIP","floor":13},{"not_picked":["Meteor Strike"],"picked":"Capacitor","floor":14},{"not_picked":["Buffer"],"picked":"Thunder Strike","floor":16},{"not_picked":["Barrage+1"],"picked":"BootSequence+1","floor":18},{"not_picked":["Doom and Gloom"],"picked":"Turbo","floor":22},{"not_picked":["Aggregate"],"picked":"Static Discharge","floor":24}],"player_experience":288989,"potions_floor_usage":[8,16,16,16,24,24,28],"damage_taken":[{"damage":4,"enemies":"Jaw Worm","floor":1,"turns":4},{"damage":1,"enemies":"Cultist","floor":3,"turns":3},{"damage":1,"enemies":"2 Louse","floor":4,"turns":2},{"damage":23,"enemies":"Lagavulin","floor":6,"turns":6},{"damage":12,"enemies":"Gremlin Gang","floor":8,"turns":3},{"damage":0,"enemies":"Looter","floor":11,"turns":2},{"damage":0,"enemies":"2 Fungi Beasts","floor":13,"turns":2},{"damage":0,"enemies":"Exordium Wildlife","floor":14,"turns":4},{"damage":32,"enemies":"Hexaghost","floor":16,"turns":8},{"damage":3,"enemies":"Chosen","floor":18,"turns":5},{"damage":13,"enemies":"2 Thieves","floor":22,"turns":4},{"damage":39,"enemies":"Book of Stabbing","floor":24,"turns":5},{"damage":7,"enemies":"Centurion and Healer","floor":28,"turns":2}],"relics_obtained":[{"floor":6,"key":"Strawberry"},{"floor":9,"key":"Anchor"},{"floor":20,"key":"Enchiridion"},{"floor":24,"key":"Gremlin Horn"},{"floor":26,"key":"Frozen Egg 2"}],"event_choices":[{"event_name":"Upgrade Shrine","player_choice":"Upgraded","floor":2,"damage_taken":0},{"event_name":"Cursed Tome","player_choice":"Obtained Book","floor":20,"damage_taken":0},{"event_name":"Match and Keep!","player_choice":"1 cards matched","floor":25,"damage_taken":0},{"event_name":"Vampires","player_choice":"Ignored","floor":27,"damage_taken":0}],"boss_relics":[{"not_picked":["Black Star","Snecko Eye"],"picked":"Astrolabe"}],"items_purged_floors":[5],"potions_floor_spawned":[1,4,8,11,16,18,24],"seed_played":"5982385652797705941","killed_by":"Centurion and Healer","ascension_level":0,"potions_obtained":[{"floor":1,"key":"Swift Potion"},{"floor":4,"key":"Explosive Potion"},{"floor":8,"key":"FearPotion"},{"floor":11,"key":"Strength Potion"},{"floor":16,"key":"GamblersBrew"},{"floor":18,"key":"Regen Potion"},{"floor":24,"key":"FocusPotion"}],"is_trial":false}