{"gold_per_floor":[111,111,61,82,82,82,100,131,211,245,266,307,307,307,307,435,435,453,32,32,46,67,102,102,140,140,165,165,185,185,209,209,333,333,356,58,0,24,47,47,82,101,182,182,182,197,322,322,322,322,322,322,23,58,58],"floor_reached":56,"playtime":3174,"items_purged":["Strike_R"],"score":1332,"play_id":"98850660-97da-42a3-a639-7f78f678fc73","local_time":"20190504145323","is_ascension_mode":true,"campfire_choices":[{"data":"Wild Strike","floor":6,"key":"SMITH"},{"data":"Combust","floor":13,"key":"SMITH"},{"floor":15,"key":"REST"},{"data":"1","floor":24,"key":"LIFT"},{"data":"2","floor":28,"key":"LIFT"},{"data":"3","floor":30,"key":"LIFT"},{"floor":32,"key":"REST"},{"data":"True Grit","floor":40,"key":"SMITH"},{"floor":45,"key":"RECALL"},{"data":"Feel No Pain","floor":49,"key":"SMITH"},{"data":"Fiend Fire","floor":52,"key":"SMITH"}],"neow_cost":"NONE","seed_source_timestamp":37308945653522,"circlet_count":0,"master_deck":["Strike_R+1","Strike_R+1","Defend_R+1","Defend_R+1","Defend_R","Defend_R","Bash+1","Combust+1","Wild Strike+1","Clothesline","Feed","Inflame","Battle Trance","Second Wind+1","Feel No Pain+1","Shrug It Off","Bloodletting","Body Slam+1","True Grit+1","Reaper","Shrug It Off","Parasite","Shrug It Off+1","Havoc+1","True Grit+1","Fiend Fire+1","Inflame","Dual Wield"],"relics":["Burning Blood","Golden Idol","Letter Opener","Whetstone","Sundial","Calipers","Smiling Mask","Runic Pyramid","Girya","Ginger","Charon\u0027s Ashes","Mark of Pain","Sling","Red Mask","Centennial Puzzle","Pantograph","Champion Belt","Dead Branch","Thread and Needle"],"potions_floor_usage":[8,12,23,25,31,55,55,55],"damage_taken":[{"damage":0,"enemies":"Small Slimes","floor":1,"turns":3},{"damage":6,"enemies":"Jaw Worm","floor":4,"turns":6},{"damage":0,"enemies":"Cultist","floor":7,"turns":3},{"damage":21,"enemies":"Lagavulin","floor":8,"turns":5},{"damage":30,"enemies":"3 Sentries","floor":10,"turns":6},{"damage":8,"enemies":"3 Louse","floor":11,"turns":4},{"damage":14,"enemies":"Gremlin Nob","floor":12,"turns":3},{"damage":21,"enemies":"Hexaghost","floor":16,"turns":8},{"damage":13,"enemies":"Shell Parasite","floor":18,"turns":6},{"damage":17,"enemies":"3 Byrds","floor":21,"turns":5},{"damage":35,"enemies":"Shelled Parasite and Fungi","floor":22,"turns":6},{"damage":19,"enemies":"Gremlin Leader","floor":23,"turns":6},{"damage":14,"enemies":"Book of Stabbing","floor":25,"turns":6},{"damage":8,"enemies":"3 Cultists","floor":27,"turns":5},{"damage":11,"enemies":"Snecko","floor":29,"turns":3},{"damage":12,"enemies":"Centurion and Healer","floor":31,"turns":4},{"damage":62,"enemies":"Automaton","floor":33,"turns":10},{"damage":19,"enemies":"3 Shapes","floor":35,"turns":5},{"damage":2,"enemies":"Orb Walker","floor":38,"turns":5},{"damage":33,"enemies":"Writhing Mass","floor":39,"turns":5},{"damage":41,"enemies":"Nemesis","floor":41,"turns":7},{"damage":11,"enemies":"Jaw Worm Horde","floor":42,"turns":4},{"damage":29,"enemies":"3 Darklings","floor":46,"turns":4},{"damage":0,"enemies":"Mind Bloom Boss Battle","floor":47,"turns":2},{"damage":51,"enemies":"Donu and Deca","floor":50,"turns":10},{"damage":80,"enemies":"Shield and Spear","floor":54,"turns":6},{"damage":47,"enemies":"The Heart","floor":55,"turns":6}],"seed_played":"5747021069534795603","potions_obtained":[{"floor":1,"key":"Poison Potion"},{"floor":7,"key":"Energy Potion"},{"floor":12,"key":"EssenceOfSteel"},{"floor":16,"key":"Ancient Potion"},{"floor":21,"key":"SkillPotion"},{"floor":23,"key":"EssenceOfSteel"},{"floor":27,"key":"Fire Potion"},{"floor":29,"key":"BloodPotion"},{"floor":31,"key":"Fire Potion"},{"floor":35,"key":"LiquidBronze"}],"is_trial":false,"path_per_floor":["M","?","?","M","T","R","M","E","T","E","M","E","R","?","R","B",null,"M","$","?","M","M","E","R","E","T","M","R","M","R","M","R","B",null,"M","$","?","M","M","R","E","M","T","?","R","M","?","?","R","B",null,"R","$","E","B",null],"character_chosen":"IRONCLAD","items_purchased":["Feel No Pain","SteroidPotion","Girya","Sling","Shrug It Off","Dead Branch"],"campfire_rested":2,"item_purchase_floors":[19,19,19,36,36,53],"current_hp_per_floor":[80,60,60,60,60,60,66,51,51,30,31,26,26,8,34,19,89,85,85,102,94,68,58,58,53,53,54,54,49,49,57,93,40,123,113,113,113,129,114,114,98,105,105,105,105,113,131,131,131,89,134,134,134,108,113],"gold":58,"neow_bonus":"UPGRADE_CARD","is_prod":false,"is_daily":false,"chose_seed":false,"campfire_upgraded":5,"win_rate":0,"timestamp":1556996003,"path_taken":["M","?","?","M","?","R","M","E","T","E","M","E","R","?","R","BOSS","M","$","?","M","M","E","R","E","T","M","R","M","R","M","R","BOSS","M","$","?","M","M","R","E","M","T","?","R","M","?","?","R","BOSS","R","$","E","BOSS"],"build_version":"2019-04-23","purchased_purges":1,"victory":true,"max_hp_per_floor":[80,80,80,80,80,80,80,80,80,83,86,89,89,89,89,89,89,92,92,102,105,108,111,111,114,114,117,117,117,117,120,120,123,123,126,126,126,129,132,132,135,138,138,131,131,131,131,131,131,134,134,134,134,137,137],"card_choices":[{"not_picked":["Entrench","Armaments"],"picked":"Combust","floor":1},{"not_picked":["Flex","Thunderclap"],"picked":"Wild Strike","floor":4},{"not_picked":["Sever Soul","Body Slam"],"picked":"Clothesline","floor":7},{"not_picked":["Flex","Whirlwind"],"picked":"Feed","floor":8},{"not_picked":["Sentinel","True Grit"],"picked":"Inflame","floor":10},{"not_picked":["Power Through","Perfected Strike","Entrench"],"picked":"SKIP","floor":11},{"not_picked":["Evolve","Whirlwind"],"picked":"Battle Trance","floor":12},{"not_picked":["Exhume","Bludgeon"],"picked":"Brutality","floor":16},{"not_picked":["Heavy Blade","Sentinel"],"picked":"Second Wind+1","floor":18},{"not_picked":["Rampage","Twin Strike","Warcry"],"picked":"SKIP","floor":21},{"not_picked":["Cleave+1","Twin Strike"],"picked":"Shrug It Off","floor":22},{"not_picked":["Double Tap","Iron Wave"],"picked":"Bloodletting","floor":23},{"not_picked":["Heavy Blade","Cleave","Clash"],"picked":"SKIP","floor":25},{"not_picked":["Corruption","Pommel Strike"],"picked":"Body Slam+1","floor":27},{"not_picked":["Blood for Blood","Burning Pact","Infernal Blade"],"picked":"SKIP","floor":29},{"not_picked":["Armaments","Spot Weakness"],"picked":"True Grit","floor":31},{"not_picked":["Brutality","Juggernaut"],"picked":"Reaper","floor":33},{"not_picked":["Thunderclap+1","Pommel Strike","Carnage+1"],"picked":"SKIP","floor":35},{"not_picked":["True Grit","Clash","Metallicize+1"],"picked":"SKIP","floor":38},{"not_picked":["Bludgeon","Iron Wave"],"picked":"Shrug It Off+1","floor":39},{"not_picked":["Clothesline","Twin Strike"],"picked":"Havoc+1","floor":41},{"not_picked":["Flex+1","Pommel Strike"],"picked":"True Grit+1","floor":42},{"not_picked":["Iron Wave","Anger+1"],"picked":"Fiend Fire","floor":46},{"not_picked":["Headbutt+1","Body Slam"],"picked":"Inflame","floor":47},{"not_picked":["Iron Wave","Dropkick","Havoc"],"picked":"SKIP","floor":54}],"player_experience":1384319,"relics_obtained":[{"floor":5,"key":"Letter Opener"},{"floor":8,"key":"Whetstone"},{"floor":9,"key":"Sundial"},{"floor":10,"key":"Calipers"},{"floor":12,"key":"Smiling Mask"},{"floor":23,"key":"Ginger"},{"floor":25,"key":"Charon\u0027s Ashes"},{"floor":41,"key":"Centennial Puzzle"},{"floor":43,"key":"Pantograph"},{"floor":47,"key":"Champion Belt"},{"floor":54,"key":"Thread and Needle"}],"event_choices":[{"damage_healed":0,"gold_gain":0,"player_choice":"Take Damage","damage_taken":20,"relics_obtained":["Golden Idol"],"max_hp_gain":0,"max_hp_loss":0,"event_name":"Golden Idol","floor":2,"gold_loss":0},{"cards_removed":["Strike_R"],"damage_healed":0,"gold_gain":0,"player_choice":"Card Removal","damage_taken":0,"max_hp_gain":0,"max_hp_loss":0,"event_name":"The Cleric","floor":3,"gold_loss":50},{"damage_healed":0,"gold_gain":0,"player_choice":"Entered Light","damage_taken":18,"max_hp_gain":0,"max_hp_loss":0,"event_name":"Shining Light","floor":14,"gold_loss":0,"cards_upgraded":["Defend_R","Defend_R"]},{"cards_removed":["Brutality"],"damage_healed":7,"gold_gain":0,"player_choice":"Offered Rare","damage_taken":0,"max_hp_gain":10,"max_hp_loss":0,"event_name":"Bonfire Elementals","floor":20,"gold_loss":0},{"damage_healed":0,"gold_gain":0,"player_choice":"Paid","damage_taken":0,"relics_obtained":["Red Mask"],"max_hp_gain":0,"max_hp_loss":0,"event_name":"Tomb of Lord Red Mask","floor":37,"gold_loss":58},{"damage_healed":0,"gold_gain":0,"player_choice":"Max HP","damage_taken":0,"max_hp_gain":0,"max_hp_loss":7,"event_name":"Winding Halls","floor":44,"gold_loss":0},{"damage_healed":0,"gold_gain":0,"player_choice":"Fight","damage_taken":0,"max_hp_gain":0,"max_hp_loss":0,"event_name":"MindBloom","floor":47,"gold_loss":0},{"damage_healed":0,"gold_gain":0,"cards_transformed":["Strike_R"],"player_choice":"Transformed","damage_taken":0,"max_hp_gain":0,"max_hp_loss":0,"event_name":"Transmorgrifier","floor":48,"gold_loss":0,"cards_obtained":["Dual Wield"]}],"is_beta":true,"boss_relics":[{"not_picked":["Runic Dome","Black Star"],"picked":"Runic Pyramid"},{"not_picked":["Calling Bell","Busted Crown"],"picked":"Mark of Pain"}],"items_purged_floors":[36],"is_endless":false,"potions_floor_spawned":[1,7,12,16,21,23,27,29,31,35,39,42,54],"ascension_level":1}