{"gold_per_floor":[16,16,291,308,42,42,42,76,76,76,89,122,122,139,139,139],"floor_reached":16,"playtime":765,"items_purged":["Regret"],"score":178,"play_id":"307fea79-fc85-49ba-9bb3-6a788cea57d0","local_time":"20190423114347","is_ascension_mode":true,"campfire_choices":[{"data":"Armaments","floor":6.0,"key":"SMITH"},{"data":"Regret","floor":10.0,"key":"PURGE"},{"data":"Strike_R","floor":13.0,"key":"PURGE"},{"data":"Shockwave","floor":15.0,"key":"SMITH"}],"neow_cost":"NO_GOLD","seed_source_timestamp":514675368702400,"circlet_count":0,"master_deck":["AscendersBane","Strike_R","Strike_R","Strike_R","Strike_R","Defend_R","Defend_R","Defend_R","Defend_R","Bash","Armaments+1","Whirlwind+1","Headbutt","Pummel","Second Wind","Shockwave+1"],"special_seed":0,"relics":["Burning Blood","Mango","Magic Flower","Strange Spoon","Anchor","Peace Pipe","The Courier"],"potions_floor_usage":[16,16],"damage_taken":[{"damage":7.0,"enemies":"2 Louse","floor":1.0,"turns":3.0},{"damage":12.0,"enemies":"Small Slimes","floor":4.0,"turns":4.0},{"damage":29.0,"enemies":"3 Sentries","floor":8.0,"turns":4.0},{"damage":1.0,"enemies":"Cultist","floor":11.0,"turns":3.0},{"damage":32.0,"enemies":"Gremlin Nob","floor":12.0,"turns":4.0},{"damage":0.0,"enemies":"3 Louse","floor":14.0,"turns":1.0},{"damage":56,"enemies":"Hexaghost","floor":16,"turns":12}],"seed_played":"8041026745852455674","potions_obtained":[{"floor":1.0,"key":"SpeedPotion"},{"floor":4.0,"key":"GamblersBrew"}],"is_trial":false,"path_per_floor":["M","?","?","M","$","R","?","E","T","R","M","E","R","M","R","B"],"character_chosen":"IRONCLAD","items_purchased":["Strange Spoon"],"campfire_rested":0,"item_purchase_floors":[5],"current_hp_per_floor":[85,85,85,82,82,82,82,62,62,62,70,47,47,56,56,0],"gold":139,"neow_bonus":"ONE_RARE_RELIC","is_prod":false,"is_daily":false,"chose_seed":false,"campfire_upgraded":2,"win_rate":0,"timestamp":1556041427,"path_taken":["M","?","?","?","$","R","?","E","T","R","M","E","R","M","R","BOSS"],"build_version":"2019-01-23","purchased_purges":1,"victory":false,"max_hp_per_floor":[94,94,94,94,94,94,94,94,94,94,94,94,94,94,94,94],"card_choices":[{"not_picked":["Heavy Blade","Thunderclap"],"picked":"Armaments","floor":1.0},{"not_picked":["Burning Pact","Cleave"],"picked":"Whirlwind","floor":4.0},{"not_picked":["Cleave","Twin Strike"],"picked":"Headbutt","floor":8.0},{"not_picked":["Iron Wave","Rampage"],"picked":"Pummel","floor":11.0},{"not_picked":["Clothesline","Body Slam"],"picked":"Second Wind","floor":12.0},{"not_picked":["Pommel Strike","Sentinel"],"picked":"Shockwave","floor":14.0}],"player_experience":648714,"relics_obtained":[{"floor":8.0,"key":"Anchor"},{"floor":9.0,"key":"Peace Pipe"},{"floor":12.0,"key":"The Courier"}],"event_choices":[{"damage_healed":0.0,"max_hp_gain":0.0,"max_hp_loss":0.0,"gold_gain":0.0,"event_name":"Big Fish","player_choice":"Box","floor":2.0,"gold_loss":0.0,"damage_taken":0.0,"relics_obtained":["Magic Flower"],"cards_obtained":["Regret"]},{"damage_healed":0.0,"max_hp_gain":0.0,"max_hp_loss":0.0,"gold_gain":275.0,"event_name":"Golden Shrine","player_choice":"Desecrate","floor":3.0,"gold_loss":0.0,"damage_taken":0.0,"cards_obtained":["Regret"]},{"damage_healed":0.0,"max_hp_gain":0.0,"max_hp_loss":0.0,"gold_gain":0.0,"event_name":"Upgrade Shrine","player_choice":"Upgraded","floor":7.0,"gold_loss":0.0,"damage_taken":0.0,"cards_upgraded":["Whirlwind"]}],"is_beta":false,"boss_relics":[],"items_purged_floors":[5],"is_endless":false,"potions_floor_spawned":[1,4,12,14],"killed_by":"Hexaghost","ascension_level":13}