{"gold_per_floor":[119,134,134,134,284,314,314,314,314,333,71,88,88,114,114,114],"floor_reached":16,"playtime":356,"items_purged":["Doubt"],"score":266,"play_id":"209f8bda-83e9-4182-bf10-b4e56ad9079e","local_time":"20190430111055","is_ascension_mode":true,"campfire_choices":[{"data":"Recycle","floor":7.0,"key":"SMITH"},{"floor":13.0,"key":"REST"},{"data":"Sunder","floor":15,"key":"SMITH"}],"neow_cost":"NONE","seed_source_timestamp":733191096742702,"circlet_count":0,"master_deck":["AscendersBane","Strike_B","Strike_B","Strike_B","Strike_B","Defend_B","Defend_B","Defend_B+1","Defend_B","Zap+1","Dualcast","Hologram+1","Recycle+1","Ball Lightning","Coolheaded","Sunder+1"],"special_seed":0,"relics":["Cracked Core","NeowsBlessing","Pear","Ancient Tea Set","Incense Burner","Membership Card","Matryoshka"],"potions_floor_usage":[16],"damage_taken":[{"damage":0.0,"enemies":"2 Louse","floor":1.0,"turns":1.0},{"damage":0.0,"enemies":"Jaw Worm","floor":2.0,"turns":1.0},{"damage":0.0,"enemies":"3 Sentries","floor":6.0,"turns":1.0},{"damage":12.0,"enemies":"Small Slimes","floor":10.0,"turns":2.0},{"damage":0.0,"enemies":"3 Louse","floor":12.0,"turns":1.0},{"damage":12.0,"enemies":"Gremlin Nob","floor":14.0,"turns":4.0},{"damage":36,"enemies":"Hexaghost","floor":16,"turns":9}],"seed_played":"3263060239411216124","potions_obtained":[{"floor":2.0,"key":"Explosive Potion"},{"floor":6.0,"key":"Regen Potion"},{"floor":14,"key":"Weak Potion"}],"is_trial":false,"path_per_floor":["M","M","?","?","?","E","R","?","T","M","$","M","R","E","R","B"],"character_chosen":"DEFECT","items_purchased":["Membership Card"],"campfire_rested":1,"item_purchase_floors":[11],"current_hp_per_floor":[64,64,43,27,27,27,27,27,27,20,20,20,44,32,32,0],"gold":114,"neow_bonus":"THREE_ENEMY_KILL","is_prod":false,"is_daily":false,"chose_seed":false,"campfire_upgraded":2,"win_rate":0,"timestamp":1556590255,"path_taken":["M","M","?","?","?","E","R","?","T","?","$","M","R","E","R","BOSS"],"build_version":"2019-01-23","purchased_purges":1,"victory":false,"max_hp_per_floor":[71,71,71,81,81,81,81,81,81,81,81,81,81,81,81,81],"card_choices":[{"not_picked":["Sweeping Beam","Stack"],"picked":"Hologram","floor":1.0},{"not_picked":["Cold Snap","Force Field"],"picked":"Recycle","floor":2.0},{"not_picked":["Go for the Eyes","Stack"],"picked":"Ball Lightning","floor":6.0},{"not_picked":["Tempest","Gash","Ball Lightning"],"picked":"SKIP","floor":10.0},{"not_picked":["Thunder Strike","Turbo"],"picked":"Coolheaded","floor":12.0},{"not_picked":["Skim","Undo"],"picked":"Sunder","floor":14}],"player_experience":317628,"relics_obtained":[{"floor":6.0,"key":"Ancient Tea Set"},{"floor":9.0,"key":"Incense Burner"},{"floor":14,"key":"Matryoshka"}],"event_choices":[{"damage_healed":0.0,"max_hp_gain":0.0,"max_hp_loss":0.0,"gold_gain":0.0,"event_name":"Shining Light","player_choice":"Entered Light","floor":3.0,"gold_loss":0.0,"damage_taken":21.0,"cards_upgraded":["Hologram","Defend_B"]},{"damage_healed":0.0,"max_hp_gain":0.0,"max_hp_loss":0.0,"gold_gain":0.0,"event_name":"Scrap Ooze","player_choice":"Success","floor":4.0,"gold_loss":0.0,"damage_taken":26.0,"relics_obtained":["Pear"]},{"damage_healed":0.0,"max_hp_gain":0.0,"max_hp_loss":0.0,"gold_gain":150.0,"event_name":"Liars Game","player_choice":"AGREE","floor":5.0,"gold_loss":0.0,"damage_taken":0.0,"cards_obtained":["Doubt"]},{"damage_healed":0.0,"max_hp_gain":0.0,"max_hp_loss":0.0,"gold_gain":0.0,"event_name":"Upgrade Shrine","player_choice":"Upgraded","floor":8.0,"gold_loss":0.0,"damage_taken":0.0,"cards_upgraded":["Zap"]}],"is_beta":false,"boss_relics":[],"items_purged_floors":[11],"is_endless":false,"potions_floor_spawned":[2,6,14],"killed_by":"Hexaghost","ascension_level":20}