{"gold_per_floor":[219,219,219,91,109,109,9,19,19,19,32,32,62,81,81,180,180,194,194,194,204,79,79,97,111,111,111,130,130,130,147,147,251,251,263,276,126,141,141,141,141,159,185,198,198,198,210,35,35,35],"floor_reached":51,"playtime":1160,"items_purged":["Defend_R","Strike_R","Defend_R","Defend_R+1","Strike_R+1"],"score":799,"play_id":"2997b744-a042-4949-a38e-6f7af4df44fe","local_time":"20190522114341","is_ascension_mode":false,"campfire_choices":[{"data":"Bash","floor":6.0,"key":"SMITH"},{"data":"Clash","floor":12.0,"key":"SMITH"},{"data":"Dropkick","floor":15.0,"key":"SMITH"},{"data":"Shrug It Off","floor":23.0,"key":"SMITH"},{"floor":27.0,"key":"REST"},{"data":"Defend_R","floor":29.0,"key":"SMITH"},{"floor":32.0,"key":"RECALL"},{"floor":40.0,"key":"REST"},{"floor":45.0,"key":"REST"},{"floor":49.0,"key":"REST"}],"neow_cost":"NONE","seed_source_timestamp":513933732310599,"circlet_count":0,"master_deck":["Strike_R+1","Bash+1","Shrug It Off+1","Clash+1","Dropkick+1","Dropkick+1"],"special_seed":0,"relics":["Burning Blood","Matryoshka","Mummified Hand","Whetstone","Empty Cage","MutagenicStrength","Bag of Marbles","Pantograph","White Beast Statue","PreservedInsect","Oddly Smooth Stone"],"potions_floor_usage":[50,50,50],"damage_taken":[{"damage":1.0,"enemies":"Jaw Worm","floor":1.0,"turns":3.0},{"damage":0.0,"enemies":"Small Slimes","floor":5.0,"turns":4.0},{"damage":0.0,"enemies":"2 Louse","floor":8.0,"turns":3.0},{"damage":16.0,"enemies":"Blue Slaver","floor":11.0,"turns":4.0},{"damage":11.0,"enemies":"Gremlin Nob","floor":13.0,"turns":3.0},{"damage":4.0,"enemies":"Exordium Thugs","floor":14.0,"turns":4.0},{"damage":26.0,"enemies":"The Guardian","floor":16.0,"turns":9.0},{"damage":5.0,"enemies":"Shell Parasite","floor":18.0,"turns":3.0},{"damage":20.0,"enemies":"2 Thieves","floor":21.0,"turns":4.0},{"damage":0.0,"enemies":"Snake Plant","floor":24.0,"turns":2.0},{"damage":2.0,"enemies":"3 Cultists","floor":25.0,"turns":5.0},{"damage":0.0,"enemies":"Centurion and Healer","floor":28.0,"turns":4.0},{"damage":0.0,"enemies":"Snake Plant","floor":31.0,"turns":2.0},{"damage":71.0,"enemies":"Champ","floor":33.0,"turns":8.0},{"damage":11.0,"enemies":"Orb Walker","floor":35.0,"turns":3.0},{"damage":10.0,"enemies":"3 Shapes","floor":36.0,"turns":4.0},{"damage":0.0,"enemies":"3 Darklings","floor":38.0,"turns":2.0},{"damage":0.0,"enemies":"Jaw Worm Horde","floor":42.0,"turns":2.0},{"damage":0.0,"enemies":"Transient","floor":44.0,"turns":5.0},{"damage":9.0,"enemies":"3 Darklings","floor":47.0,"turns":2.0},{"damage":0,"enemies":"Awakened One","floor":50,"turns":2}],"seed_played":"-7598334123405042338","potions_obtained":[{"floor":1.0,"key":"GamblersBrew"},{"floor":11.0,"key":"Dexterity Potion"},{"floor":13.0,"key":"LiquidBronze"},{"floor":24.0,"key":"Explosive Potion"},{"floor":25.0,"key":"Regen Potion"},{"floor":28.0,"key":"BloodPotion"},{"floor":35.0,"key":"Energy Potion"},{"floor":36.0,"key":"Strength Potion"},{"floor":42.0,"key":"Strength Potion"},{"floor":44.0,"key":"PowerPotion"}],"is_trial":false,"path_per_floor":["M","?","?","$","M","R","$","M","T","?","M","R","E","M","R","B",null,"M","?","?","M","$","R","M","M","T","R","M","R","?","M","R","B",null,"M","M","$","M","?","R","$","M","T","M","R","?","M","$","R","B",null],"character_chosen":"IRONCLAD","items_purchased":["Shrug It Off"],"campfire_rested":4,"item_purchase_floors":[4],"current_hp_per_floor":[80,85,85,85,85,85,85,85,85,78,68,68,63,65,65,45,85,85,69,69,55,55,55,61,65,65,90,90,90,90,90,90,25,90,85,81,81,87,87,90,90,90,90,90,90,90,87,87,90,90],"gold":35,"neow_bonus":"HUNDRED_GOLD","is_prod":false,"is_daily":false,"chose_seed":false,"campfire_upgraded":5,"win_rate":0,"timestamp":1558496621,"path_taken":["M","?","?","$","M","R","?","M","T","?","?","R","E","M","R","BOSS","M","?","?","M","?","R","M","?","T","R","M","R","?","M","R","BOSS","M","M","$","M","?","R","?","?","T","M","R","?","?","$","R","BOSS"],"build_version":"2019-01-23","purchased_purges":5,"victory":true,"max_hp_per_floor":[80,85,85,85,85,85,85,85,85,85,85,85,85,85,85,85,85,85,90,90,90,90,90,90,90,90,90,90,90,90,90,90,90,90,90,90,90,90,90,90,90,90,90,90,90,90,90,90,90,90],"card_choices":[{"not_picked":["Pummel","Armaments","True Grit"],"picked":"SKIP","floor":1.0},{"not_picked":["Dual Wield","Body Slam","Havoc"],"picked":"SKIP","floor":5.0},{"not_picked":["Double Tap","Armaments"],"picked":"Clash","floor":8.0},{"not_picked":["Shrug It Off","Infernal Blade","Clash"],"picked":"SKIP","floor":11.0},{"not_picked":["Rupture","Bloodletting","Seeing Red"],"picked":"SKIP","floor":13.0},{"not_picked":["Body Slam","Shrug It Off"],"picked":"Dropkick","floor":14.0},{"not_picked":["Rampage","Disarm","Body Slam+1"],"picked":"SKIP","floor":18.0},{"not_picked":["True Grit+1","Perfected Strike","Headbutt+1"],"picked":"SKIP","floor":21.0},{"not_picked":["Shrug It Off+1","Iron Wave+1","Feel No Pain"],"picked":"SKIP","floor":24.0},{"not_picked":["Heavy Blade+1","Sword Boomerang"],"picked":"Dropkick+1","floor":25.0},{"not_picked":["Body Slam","Twin Strike","Perfected Strike"],"picked":"SKIP","floor":28.0},{"not_picked":["Flame Barrier+1","Sword Boomerang+1","True Grit"],"picked":"SKIP","floor":31.0},{"not_picked":["Pommel Strike+1","Armaments+1","Anger"],"picked":"SKIP","floor":35.0},{"not_picked":["Wild Strike","Warcry","Anger"],"picked":"SKIP","floor":36.0},{"not_picked":["Sword Boomerang","Iron Wave","Rampage"],"picked":"SKIP","floor":38.0},{"not_picked":["Shrug It Off","Wild Strike","Perfected Strike"],"picked":"SKIP","floor":42.0},{"not_picked":["Flame Barrier+1","Sword Boomerang","Dark Embrace"],"picked":"SKIP","floor":44.0},{"not_picked":["Iron Wave+1","Body Slam","Pommel Strike+1"],"picked":"SKIP","floor":47.0}],"player_experience":565196,"relics_obtained":[{"floor":9.0,"key":"Matryoshka"},{"floor":13.0,"key":"Whetstone"},{"floor":26.0,"key":"Bag of Marbles"},{"floor":26.0,"key":"Pantograph"},{"floor":43.0,"key":"PreservedInsect"},{"floor":43.0,"key":"Oddly Smooth Stone"}],"event_choices":[{"damage_healed":0.0,"max_hp_gain":5.0,"max_hp_loss":0.0,"gold_gain":0.0,"event_name":"Big Fish","player_choice":"Donut","floor":2.0,"gold_loss":0.0,"damage_taken":0.0},{"cards_removed":["Strike_R"],"damage_healed":0.0,"max_hp_gain":0.0,"max_hp_loss":0.0,"gold_gain":0.0,"event_name":"Living Wall","player_choice":"Forget","floor":3.0,"gold_loss":0.0,"damage_taken":0.0},{"damage_healed":0.0,"max_hp_gain":0.0,"max_hp_loss":0.0,"gold_gain":0.0,"event_name":"Scrap Ooze","player_choice":"Success","floor":10.0,"gold_loss":0.0,"damage_taken":7.0,"relics_obtained":["Mummified Hand"]},{"damage_healed":0.0,"max_hp_gain":5.0,"max_hp_loss":0.0,"gold_gain":0.0,"event_name":"Forgotten Altar","player_choice":"Shed Blood","floor":19.0,"gold_loss":0.0,"damage_taken":21.0},{"damage_healed":0.0,"max_hp_gain":0.0,"max_hp_loss":0.0,"gold_gain":0.0,"event_name":"Drug Dealer","player_choice":"Inject Mutagens","floor":20.0,"gold_loss":0.0,"damage_taken":0.0,"relics_obtained":["MutagenicStrength"]},{"damage_healed":0.0,"max_hp_gain":0.0,"max_hp_loss":0.0,"gold_gain":0.0,"event_name":"Cursed Tome","player_choice":"Ignored","floor":30.0,"gold_loss":0.0,"damage_taken":0.0},{"damage_healed":0.0,"max_hp_gain":0.0,"max_hp_loss":0.0,"gold_gain":0.0,"event_name":"Tomb of Lord Red Mask","player_choice":"Ignored","floor":39.0,"gold_loss":0.0,"damage_taken":0.0},{"damage_healed":0.0,"max_hp_gain":0.0,"max_hp_loss":0.0,"gold_gain":0.0,"event_name":"Upgrade Shrine","player_choice":"Ignored","floor":46.0,"gold_loss":0.0,"damage_taken":0.0}],"is_beta":false,"boss_relics":[{"not_picked":["Runic Pyramid","Philosopher\u0027s Stone"],"picked":"Empty Cage"},{"not_picked":["Runic Cube","Snecko Eye"],"picked":"White Beast Statue"}],"items_purged_floors":[4,7,22,37,48],"is_endless":false,"potions_floor_spawned":[1,11,13,24,25,28,35,36,38,42,44,47],"ascension_level":0}