{"gold_per_floor":[10,20,40,40,58,58,89,52,101,118,180,198,198,215,215,317,317,329,329,428,482,499,499,524,142,142,142,175,187,187,204,204,307,307,323,341,6,19,241,241,241,256,329,329,329,329,8,24,24,24,24,24,24,52,52],"floor_reached":55,"playtime":2635,"items_purged":["Strike_B","Strike_B"],"score":762,"play_id":"6f8b45e5-3b86-4ecf-bb5e-c5e2daf12db8","local_time":"20190508100128","is_ascension_mode":false,"campfire_choices":[{"data":"Static Discharge","floor":6.0,"key":"SMITH"},{"floor":13.0,"key":"REST"},{"data":"Defragment","floor":15.0,"key":"SMITH"},{"floor":23.0,"key":"REST"},{"floor":27.0,"key":"REST"},{"data":"Static Discharge","floor":32.0,"key":"SMITH"},{"floor":40.0,"key":"RECALL"},{"data":"Thunder Strike","floor":44.0,"key":"SMITH"},{"floor":46.0,"key":"REST"},{"data":"Storm","floor":49,"key":"SMITH"},{"data":"Lockon","floor":52,"key":"SMITH"}],"neow_cost":"NO_GOLD","seed_source_timestamp":0,"circlet_count":0,"master_deck":["Strike_B","Strike_B","Defend_B","Defend_B","Defend_B","Defend_B","Zap","Dualcast","Conserve Battery","Rip and Tear","Static Discharge+1","Gash","Leap","Defragment+1","Auto Shields","Gash","Static Discharge+1","Go for the Eyes","Thunder Strike+1","Hello World+1","Necronomicurse","Gash","Leap","Storm+1","Coolheaded+1","Gash","White Noise+1","Fission+1","Lockon","Coolheaded+1","Leap+1","Conserve Battery+1","Lockon+1","Force Field+1","Leap+1","Self Repair","Writhe","Parasite","Turbo+1","Turbo+1","Conserve Battery+1","Leap+1"],"special_seed":0,"relics":["Cracked Core","FossilizedHelix","Pantograph","Strawberry","Potion Belt","Inserter","Necronomicon","Centennial Puzzle","Red Mask","Bottled Tornado","Thread and Needle","Toxic Egg 2","Orrery","DataDisk","Bottled Lightning","FaceOfCleric","Calipers","Nunchaku"],"potions_floor_usage":[50,55,55],"damage_taken":[{"damage":0.0,"enemies":"Cultist","floor":1.0,"turns":4.0},{"damage":0.0,"enemies":"Jaw Worm","floor":2.0,"turns":3.0},{"damage":0.0,"enemies":"Small Slimes","floor":3.0,"turns":2.0},{"damage":0.0,"enemies":"Blue Slaver","floor":5.0,"turns":3.0},{"damage":28.0,"enemies":"3 Sentries","floor":7.0,"turns":5.0},{"damage":4.0,"enemies":"3 Louse","floor":10.0,"turns":4.0},{"damage":17.0,"enemies":"3 Sentries","floor":11.0,"turns":7.0},{"damage":5.0,"enemies":"Exordium Wildlife","floor":12.0,"turns":4.0},{"damage":2.0,"enemies":"Blue Slaver","floor":14.0,"turns":4.0},{"damage":6.0,"enemies":"Slime Boss","floor":16.0,"turns":8.0},{"damage":16.0,"enemies":"3 Byrds","floor":18.0,"turns":4.0},{"damage":2.0,"enemies":"Shell Parasite","floor":22.0,"turns":5.0},{"damage":32.0,"enemies":"Masked Bandits","floor":24.0,"turns":3.0},{"damage":26.0,"enemies":"Slavers","floor":28.0,"turns":4.0},{"damage":0.0,"enemies":"Snecko","floor":29.0,"turns":5.0},{"damage":13.0,"enemies":"Sentry and Sphere","floor":31.0,"turns":6.0},{"damage":55.0,"enemies":"Collector","floor":33.0,"turns":9.0},{"damage":7.0,"enemies":"Orb Walker","floor":35.0,"turns":4.0},{"damage":24.0,"enemies":"3 Darklings","floor":36.0,"turns":4.0},{"damage":2.0,"enemies":"Spire Growth","floor":38.0,"turns":6.0},{"damage":17.0,"enemies":"Writhing Mass","floor":42.0,"turns":5.0},{"damage":22.0,"enemies":"Sphere and 2 Shapes","floor":48.0,"turns":3.0},{"damage":42,"enemies":"Time Eater","floor":50,"turns":6},{"damage":10,"enemies":"Shield and Spear","floor":54,"turns":2},{"damage":85,"enemies":"The Heart","floor":55,"turns":5}],"seed_played":"1149318028146179195","potions_obtained":[{"floor":1.0,"key":"LiquidBronze"},{"floor":2.0,"key":"SteroidPotion"},{"floor":5.0,"key":"GamblersBrew"},{"floor":10.0,"key":"LiquidBronze"},{"floor":11.0,"key":"FairyPotion"},{"floor":12.0,"key":"Weak Potion"},{"floor":18.0,"key":"SpeedPotion"},{"floor":24.0,"key":"Regen Potion"},{"floor":29.0,"key":"SteroidPotion"},{"floor":35.0,"key":"LiquidBronze"},{"floor":38.0,"key":"FearPotion"},{"floor":48.0,"key":"GamblersBrew"},{"floor":54,"key":"PowerPotion"}],"is_trial":false,"path_per_floor":["M","M","M","?","M","R","E","$","T","M","?","M","R","M","R","B",null,"M","?","?","T","M","R","?","$","T","R","E","M","?","M","R","B",null,"M","M","$","M","?","R","?","M","T","R","?","R","$","M","R","B",null,"R","$","E","B"],"character_chosen":"DEFECT","items_purchased":["Defragment","Leap","Bottled Tornado","DataDisk","Self Repair","Calipers","Turbo+1"],"campfire_rested":4,"item_purchase_floors":[8,25,25,37,37,47,47],"current_hp_per_floor":[75,75,75,68,68,68,47,47,47,43,26,21,45,43,43,62,82,66,50,50,50,48,72,40,40,40,64,38,38,38,25,25,8,82,75,51,51,70,70,70,82,65,65,65,65,82,82,61,61,49,84,84,84,75,0],"gold":52,"neow_bonus":"ONE_RARE_RELIC","is_prod":false,"is_daily":false,"chose_seed":false,"campfire_upgraded":6,"win_rate":0,"timestamp":1557324088,"path_taken":["M","M","?","?","M","R","E","?","T","?","?","M","R","M","R","BOSS","M","?","?","?","M","R","?","$","T","R","E","?","?","M","R","BOSS","M","M","$","?","?","R","?","M","T","R","?","R","$","M","R","BOSS","R","$","E","BOSS"],"build_version":"2019-01-23","purchased_purges":2,"victory":false,"max_hp_per_floor":[75,75,75,75,75,75,82,82,82,82,82,82,82,82,82,82,82,82,82,82,82,82,82,82,82,82,82,82,82,82,82,82,82,82,82,82,82,82,82,82,82,82,82,82,82,82,82,83,83,84,84,84,84,85,85],"card_choices":[{"not_picked":["Rebound","Streamline"],"picked":"Conserve Battery","floor":1.0},{"not_picked":["Conserve Battery","BootSequence"],"picked":"Rip and Tear","floor":2.0},{"not_picked":["Barrage","Creative AI"],"picked":"Static Discharge","floor":3.0},{"not_picked":["Leap","Stack"],"picked":"Gash","floor":5.0},{"not_picked":["Sweeping Beam","Doom and Gloom"],"picked":"Leap","floor":7.0},{"not_picked":["Doom and Gloom","Barrage"],"picked":"Auto Shields","floor":10.0},{"not_picked":["Barrage","Conserve Battery"],"picked":"Gash","floor":11.0},{"not_picked":["Turbo","Sweeping Beam"],"picked":"Static Discharge","floor":12.0},{"not_picked":["Echo Form","Recycle"],"picked":"Go for the Eyes","floor":14.0},{"not_picked":["Core Surge","Seek"],"picked":"Thunder Strike","floor":16.0},{"not_picked":["Steam Power","Ball Lightning"],"picked":"Hello World+1","floor":18.0},{"not_picked":["Fusion","Tempest"],"picked":"Gash","floor":22.0},{"not_picked":["Double Energy","Darkness"],"picked":"Storm","floor":28.0},{"not_picked":["Leap+1","Gash"],"picked":"Coolheaded+1","floor":29.0},{"not_picked":["Meteor Strike","Turbo+1"],"picked":"White Noise+1","floor":31.0},{"not_picked":["Echo Form","Thunder Strike"],"picked":"Fission+1","floor":33.0},{"not_picked":["Skim+1","Hologram+1"],"picked":"Lockon","floor":34.0},{"not_picked":["Hello World+1","Force Field+1"],"picked":"Coolheaded+1","floor":34.0},{"not_picked":["Ball Lightning","Hello World+1"],"picked":"Leap+1","floor":34.0},{"not_picked":["Loop","Rebound+1"],"picked":"Conserve Battery+1","floor":34.0},{"not_picked":["Leap+1","Go for the Eyes"],"picked":"Lockon","floor":34.0},{"not_picked":["Streamline+1","Coolheaded+1"],"picked":"Force Field+1","floor":35.0},{"not_picked":["Echo Form","Rebound+1"],"picked":"Leap+1","floor":36.0},{"not_picked":["Ball Lightning+1","Redo+1","Biased Cognition"],"picked":"SKIP","floor":38.0},{"not_picked":["Hello World+1","Skim+1"],"picked":"Turbo+1","floor":42.0},{"not_picked":["Cold Snap","Sweeping Beam+1"],"picked":"Conserve Battery+1","floor":48.0},{"not_picked":["Ball Lightning","Static Discharge+1"],"picked":"Leap+1","floor":54}],"player_experience":276283,"relics_obtained":[{"floor":7.0,"key":"Strawberry"},{"floor":11.0,"key":"Potion Belt"},{"floor":19.0,"key":"Necronomicon"},{"floor":21.0,"key":"Centennial Puzzle"},{"floor":24.0,"key":"Red Mask"},{"floor":26.0,"key":"Thread and Needle"},{"floor":28.0,"key":"Toxic Egg 2"},{"floor":43.0,"key":"Bottled Lightning"},{"floor":54,"key":"Nunchaku"}],"event_choices":[{"damage_healed":0.0,"max_hp_gain":0.0,"max_hp_loss":0.0,"gold_gain":0.0,"event_name":"Scrap Ooze","player_choice":"Success","floor":4.0,"gold_loss":0.0,"damage_taken":7.0,"relics_obtained":["Pantograph"]},{"damage_healed":0.0,"max_hp_gain":0.0,"max_hp_loss":0.0,"gold_gain":0.0,"event_name":"Dead Adventurer","player_choice":"Searched \u00271\u0027 times","floor":11.0,"gold_loss":0.0,"damage_taken":0.0},{"damage_healed":0.0,"max_hp_gain":0.0,"max_hp_loss":0.0,"gold_gain":0.0,"event_name":"Cursed Tome","player_choice":"Obtained Book","floor":19.0,"gold_loss":0.0,"damage_taken":16.0},{"damage_healed":0.0,"max_hp_gain":0.0,"max_hp_loss":0.0,"gold_gain":99.0,"event_name":"Nest","player_choice":"Stole From Cult","floor":20.0,"gold_loss":0.0,"damage_taken":0.0},{"damage_healed":0.0,"max_hp_gain":0.0,"max_hp_loss":0.0,"gold_gain":0.0,"event_name":"Masked Bandits","player_choice":"Fought Bandits","floor":24.0,"gold_loss":0.0,"damage_taken":0.0},{"damage_healed":0.0,"max_hp_gain":0.0,"max_hp_loss":0.0,"gold_gain":0.0,"event_name":"Duplicator","player_choice":"Copied","floor":30.0,"gold_loss":0.0,"damage_taken":0.0,"cards_obtained":["Gash"]},{"damage_healed":0.0,"max_hp_gain":0.0,"max_hp_loss":0.0,"gold_gain":222.0,"event_name":"Tomb of Lord Red Mask","player_choice":"Wore Mask","floor":39.0,"gold_loss":0.0,"damage_taken":0.0},{"damage_healed":21.0,"max_hp_gain":0.0,"max_hp_loss":0.0,"gold_gain":0.0,"event_name":"Winding Halls","player_choice":"Writhe","floor":41.0,"gold_loss":0.0,"damage_taken":0.0,"cards_obtained":["Writhe"]},{"damage_healed":0.0,"max_hp_gain":0.0,"max_hp_loss":0.0,"gold_gain":0.0,"event_name":"FaceTrader","player_choice":"Trade","floor":45.0,"gold_loss":0.0,"damage_taken":0.0,"relics_obtained":["FaceOfCleric"]}],"is_beta":false,"boss_relics":[{"not_picked":["Calling Bell","Velvet Choker"],"picked":"Inserter"},{"not_picked":["Fusion Hammer","Snecko Eye"],"picked":"Orrery"}],"items_purged_floors":[25,37],"is_endless":false,"potions_floor_spawned":[1,2,5,10,11,12,18,24,29,35,38,48,54],"killed_by":"The Heart","ascension_level":0}