{"gold_per_floor":[113,65,65,84,84,113,113,38,62,94,94,107,118,65,65,160,160,179,254,23,39,49,49,62,79,79,93,7,7,20,20],"floor_reached":31,"playtime":1245,"items_purged":["Strike_R"],"score":313,"play_id":"8e13e82c-c735-4347-a144-e788a949b1a8","local_time":"20181119213850","is_ascension_mode":true,"campfire_choices":[{"data":"Pommel Strike","floor":7.0,"key":"SMITH"},{"data":"Flex","floor":11.0,"key":"SMITH"},{"data":"Spot Weakness","floor":15.0,"key":"SMITH"},{"floor":23.0,"key":"REST"},{"floor":29,"key":"REST"}],"neow_cost":"NONE","seed_source_timestamp":363376275028551,"circlet_count":0,"master_deck":["Strike_R+1","Strike_R","Strike_R","Strike_R+1","Defend_R","Defend_R","Defend_R","Defend_R","Bash","Ghostly Armor","Flex+1","Spot Weakness+1","Pommel Strike+1","Twin Strike","Shrug It Off","Brutality","Metallicize","Inflame","Heavy Blade","True Grit+1","Exhume","Panacea"],"special_seed":0,"relics":["Burning Blood","NeowsBlessing","Bag of Marbles","Bronze Scales","Boot","Black Star","OrangePellets"],"potions_floor_usage":[25],"damage_taken":[{"damage":0.0,"enemies":"Small Slimes","floor":1.0,"turns":1.0},{"damage":0.0,"enemies":"Jaw Worm","floor":4.0,"turns":1.0},{"damage":0.0,"enemies":"Lagavulin","floor":6.0,"turns":1.0},{"damage":18.0,"enemies":"Gremlin Nob","floor":10.0,"turns":3.0},{"damage":0.0,"enemies":"Cultist","floor":12.0,"turns":2.0},{"damage":11.0,"enemies":"Exordium Thugs","floor":13.0,"turns":4.0},{"damage":42.0,"enemies":"The Guardian","floor":16.0,"turns":13.0},{"damage":4.0,"enemies":"Chosen","floor":18.0,"turns":3.0},{"damage":34.0,"enemies":"2 Thieves","floor":21.0,"turns":4.0},{"damage":39.0,"enemies":"Sentry and Sphere","floor":22.0,"turns":5.0},{"damage":0.0,"enemies":"Snecko","floor":24.0,"turns":4.0},{"damage":22,"enemies":"Centurion and Healer","floor":25,"turns":6},{"damage":26,"enemies":"Snake Plant","floor":27,"turns":4},{"damage":33,"enemies":"Cultist and Chosen","floor":30,"turns":6},{"damage":11,"enemies":"Book of Stabbing","floor":31,"turns":2}],"seed_played":"-1513394623255734132","potions_obtained":[{"floor":1.0,"key":"EntropicBrew"},{"floor":4.0,"key":"Strength Potion"},{"floor":12.0,"key":"SteroidPotion"},{"floor":21.0,"key":"Dexterity Potion"},{"floor":24.0,"key":"SkillPotion"},{"floor":30,"key":"EssenceOfSteel"}],"is_trial":false,"path_per_floor":["M","$","?","M","?","E","R","$","T","E","R","M","M","$","R","B",null,"M","?","$","M","M","R","M","M","T","M","$","R","M","E"],"character_chosen":"IRONCLAD","items_purchased":["Flex","Shrug It Off","Metallicize","OrangePellets","Panacea"],"campfire_rested":2,"item_purchase_floors":[2,14,20,20,28],"current_hp_per_floor":[80,80,85,85,68,74,74,74,74,62,62,68,63,63,63,27,85,85,77,77,49,16,41,47,31,31,11,11,36,9,0],"gold":20,"neow_bonus":"THREE_ENEMY_KILL","is_prod":false,"is_daily":false,"chose_seed":false,"campfire_upgraded":3,"win_rate":0,"timestamp":1542659930,"path_taken":["M","$","?","M","?","E","R","$","T","E","R","M","M","?","R","BOSS","M","?","?","?","M","R","M","M","T","?","$","R","M","E"],"build_version":"2018-11-15","purchased_purges":1,"victory":false,"max_hp_per_floor":[80,80,85,85,85,85,85,85,85,85,85,85,85,85,85,85,85,85,85,85,85,85,85,85,85,85,85,85,85,85,85],"card_choices":[{"not_picked":["Hemokinesis","Evolve"],"picked":"Ghostly Armor","floor":1.0},{"not_picked":["Twin Strike","Thunderclap"],"picked":"Spot Weakness","floor":4.0},{"not_picked":["Clothesline","Thunderclap"],"picked":"Pommel Strike","floor":6.0},{"not_picked":["Flex","Evolve"],"picked":"Twin Strike","floor":10.0},{"not_picked":["Evolve","Havoc","Thunderclap"],"picked":"SKIP","floor":12.0},{"not_picked":["Rupture","Combust","Hemokinesis"],"picked":"SKIP","floor":13.0},{"not_picked":["Fiend Fire","Dark Embrace"],"picked":"Brutality","floor":16.0},{"not_picked":["Seeing Red","Pommel Strike","Thunderclap+1"],"picked":"SKIP","floor":18.0},{"not_picked":["Body Slam","Pommel Strike+1"],"picked":"Inflame","floor":21.0},{"not_picked":["Warcry","Twin Strike+1","Fire Breathing+1"],"picked":"SKIP","floor":22.0},{"not_picked":["Perfected Strike+1","Twin Strike"],"picked":"Heavy Blade","floor":24.0},{"not_picked":["Bloodletting","Iron Wave+1"],"picked":"True Grit+1","floor":25},{"not_picked":["Sword Boomerang","Sentinel+1"],"picked":"Exhume","floor":27},{"not_picked":["True Grit","Sword Boomerang","Clothesline"],"picked":"SKIP","floor":30}],"player_experience":239539,"relics_obtained":[{"floor":6.0,"key":"Bag of Marbles"},{"floor":9.0,"key":"Bronze Scales"},{"floor":10.0,"key":"Boot"}],"event_choices":[{"damage_healed":0.0,"max_hp_gain":5.0,"max_hp_loss":0.0,"gold_gain":0.0,"event_name":"Big Fish","player_choice":"Donut","floor":3.0,"gold_loss":0.0,"damage_taken":0.0},{"damage_healed":0.0,"max_hp_gain":0.0,"max_hp_loss":0.0,"gold_gain":0.0,"event_name":"Shining Light","player_choice":"Entered Light","floor":5.0,"gold_loss":0.0,"damage_taken":17.0,"cards_upgraded":["Strike_R","Strike_R"]},{"damage_healed":0.0,"max_hp_gain":0.0,"max_hp_loss":0.0,"gold_gain":75.0,"event_name":"FaceTrader","player_choice":"Touch","floor":19.0,"gold_loss":0.0,"damage_taken":8.0}],"is_beta":true,"boss_relics":[{"not_picked":["Astrolabe","Runic Pyramid"],"picked":"Black Star"}],"items_purged_floors":[8],"is_endless":false,"potions_floor_spawned":[1,4,12,21,24,30],"killed_by":"Book of Stabbing","ascension_level":3}