{"gold_per_floor":[117,137,137,137,148,178,178,196,196,43,58,9,9,9,9,107,157,174,174,174,190,203,238,250,262],"floor_reached":25,"playtime":986,"items_purged":[],"score":221,"play_id":"61da0a7b-88be-4296-8fb6-247b65a3efe8","local_time":"20181129095743","is_ascension_mode":false,"campfire_choices":[{"data":"Machine Learning","floor":7,"key":"SMITH"},{"floor":15,"key":"REST"},{"floor":24,"key":"REST"}],"neow_cost":"NONE","seed_source_timestamp":258613846190907,"circlet_count":0,"master_deck":["Strike_B","Strike_B","Strike_B","Strike_B","Defend_B","Defend_B+1","Defend_B","Defend_B","Zap+1","Dualcast","Core Surge","Capacitor","Skim","Barrage","Machine Learning+1","Redo","Cold Snap","Ball Lightning","Core Surge","Redo","White Noise","Writhe","Auto Shields","Ball Lightning","Consume+1"],"relics":["Cracked Core","Bird Faced Urn","Bottled Tornado","Pen Nib","Question Card","Tiny House","Blood Vial","MawBank"],"potions_floor_usage":[6,6,6,23,23,23,25],"damage_taken":[{"damage":1,"enemies":"Jaw Worm","floor":1,"turns":4},{"damage":1,"enemies":"Cultist","floor":2,"turns":4},{"damage":0,"enemies":"2 Louse","floor":5,"turns":1},{"damage":14,"enemies":"Gremlin Nob","floor":6,"turns":4},{"damage":10,"enemies":"Looter","floor":8,"turns":2},{"damage":6,"enemies":"Exordium Thugs","floor":11,"turns":4},{"damage":4,"enemies":"Slime Boss","floor":16,"turns":8},{"damage":8,"enemies":"Chosen","floor":18,"turns":4},{"damage":25,"enemies":"Spheric Guardian","floor":21,"turns":5},{"damage":27,"enemies":"Snecko","floor":22,"turns":7},{"damage":38,"enemies":"Book of Stabbing","floor":23,"turns":5},{"damage":37,"enemies":"Snake Plant","floor":25,"turns":2}],"seed_played":"3962823450411259955","potions_obtained":[{"floor":1,"key":"Weak Potion"},{"floor":4,"key":"LiquidBronze"},{"floor":4,"key":"FearPotion"},{"floor":11,"key":"Fire Potion"},{"floor":17,"key":"Explosive Potion"},{"floor":21,"key":"Poison Potion"},{"floor":23,"key":"SkillPotion"}],"is_trial":false,"path_per_floor":["M","M","?","?","M","E","R","M","T","$","M","$","?","?","R","B",null,"M","?","?","M","M","E","R","M"],"character_chosen":"DEFECT","items_purchased":["Pen Nib","Ball Lightning"],"campfire_rested":2,"item_purchase_floors":[10,12],"current_hp_per_floor":[74,73,73,73,73,59,59,51,51,51,47,47,40,40,62,62,80,72,72,72,55,36,4,28,0],"gold":262,"neow_bonus":"ONE_RANDOM_RARE_CARD","is_prod":false,"is_daily":false,"chose_seed":false,"campfire_upgraded":1,"win_rate":0,"timestamp":1543503463,"path_taken":["M","M","?","?","?","E","R","M","T","?","M","$","?","?","R","BOSS","M","?","?","M","M","E","R","M"],"build_version":"2018-11-15","purchased_purges":0,"victory":false,"max_hp_per_floor":[75,75,75,75,75,75,75,75,75,75,75,75,75,75,75,75,80,80,80,80,80,80,80,80,80],"card_choices":[{"not_picked":["Tempest","Go for the Eyes"],"picked":"Capacitor","floor":1},{"not_picked":["Streamline","Leap"],"picked":"Skim","floor":2},{"not_picked":["Scrape","Skim"],"picked":"Barrage","floor":5},{"not_picked":["Aggregate","Hyperbeam"],"picked":"Machine Learning","floor":6},{"not_picked":["Steam","Turbo"],"picked":"Redo","floor":8},{"not_picked":["Tempest","Stack"],"picked":"Cold Snap","floor":11},{"not_picked":["Rainbow","Seek","All For One"],"picked":"Core Surge","floor":16},{"not_picked":["Rebound","Steam","Turbo"],"picked":"Redo","floor":17},{"not_picked":["Leap","Genetic Algorithm+1","Beam Cell"],"picked":"White Noise","floor":18},{"not_picked":["Steam","Sweeping Beam+1","Rebound+1"],"picked":"Auto Shields","floor":21},{"not_picked":["Reinforced Body","Echo Form","Stack"],"picked":"Ball Lightning","floor":22},{"not_picked":["Glacier","Beam Cell","Gash"],"picked":"Consume+1","floor":23}],"player_experience":208222,"relics_obtained":[{"floor":6,"key":"Bird Faced Urn"},{"floor":9,"key":"Bottled Tornado"},{"floor":23,"key":"MawBank"}],"event_choices":[{"damage_healed":0,"gold_gain":0,"player_choice":"Grow","damage_taken":0,"max_hp_gain":0,"max_hp_loss":0,"event_name":"Living Wall","floor":3,"gold_loss":0,"cards_upgraded":["Zap"]},{"damage_healed":0,"gold_gain":0,"player_choice":"Got Potions","damage_taken":0,"max_hp_gain":0,"max_hp_loss":0,"event_name":"Lab","floor":4,"gold_loss":0},{"damage_healed":0,"gold_gain":0,"player_choice":"Success","damage_taken":7,"relics_obtained":["Question Card"],"max_hp_gain":0,"max_hp_loss":0,"event_name":"Scrap Ooze","floor":13,"gold_loss":0},{"damage_healed":0,"gold_gain":0,"player_choice":"Ignored","damage_taken":0,"max_hp_gain":0,"max_hp_loss":0,"event_name":"Liars Game","floor":14,"gold_loss":0},{"damage_healed":0,"gold_gain":0,"player_choice":"Ignored","damage_taken":0,"max_hp_gain":0,"max_hp_loss":0,"event_name":"Beggar","floor":19,"gold_loss":0},{"damage_healed":0,"gold_gain":0,"player_choice":"Opened","damage_taken":0,"relics_obtained":["Blood Vial"],"max_hp_gain":0,"max_hp_loss":0,"event_name":"The Mausoleum","floor":20,"gold_loss":0,"cards_obtained":["Writhe"]}],"is_beta":false,"boss_relics":[{"not_picked":["Calling Bell","Pandora\u0027s Box"],"picked":"Tiny House"}],"items_purged_floors":[],"is_endless":false,"potions_floor_spawned":[1,5,11,21,23],"killed_by":"Snake Plant","ascension_level":0}