{"gold_per_floor":[217,217,11,86,51,51,82,82,151,151,161,161,174,187,187,292,292,308,53,53,323,311,311,326,338,338,338,54,74,91,190,190,190],"floor_reached":33,"playtime":1391,"items_purged":[],"score":295,"play_id":"58f5e6cd-cdab-44dd-b7d3-ec819e34f86e","local_time":"20181122134720","is_ascension_mode":false,"campfire_choices":[{"data":"Zap","floor":6.0,"key":"SMITH"},{"floor":10.0,"key":"REST"},{"data":"Storm","floor":12.0,"key":"SMITH"},{"data":"White Noise","floor":15.0,"key":"SMITH"},{"floor":23.0,"key":"REST"},{"floor":27.0,"key":"REST"},{"floor":32,"key":"REST"}],"neow_cost":"NONE","seed_source_timestamp":0,"circlet_count":0,"master_deck":["Strike_B","Strike_B","Strike_B","Strike_B","Defend_B","Defend_B","Defend_B","Defend_B","Zap+1","Dualcast","Conserve Battery","Machine Learning","Storm+1","Go for the Eyes","White Noise+1","Thunder Strike","Glacier","Genetic Algorithm+1","Static Discharge","Chaos","Darkness","Coolheaded"],"special_seed":0,"relics":["Cracked Core","Blood Vial","Ornamental Fan","Symbiotic Virus","Nuclear Battery","Bottled Tornado","Question Card","Strange Spoon"],"potions_floor_usage":[33,33],"damage_taken":[{"damage":1.0,"enemies":"Small Slimes","floor":1.0,"turns":3.0},{"damage":16.0,"enemies":"Lagavulin","floor":7.0,"turns":8.0},{"damage":6.0,"enemies":"2 Louse","floor":11.0,"turns":2.0},{"damage":0.0,"enemies":"Cultist","floor":13.0,"turns":2.0},{"damage":11.0,"enemies":"Large Slime","floor":14.0,"turns":4.0},{"damage":0.0,"enemies":"Slime Boss","floor":16.0,"turns":5.0},{"damage":11.0,"enemies":"Chosen","floor":18.0,"turns":5.0},{"damage":7.0,"enemies":"2 Thieves","floor":22.0,"turns":4.0},{"damage":13.0,"enemies":"Snake Plant","floor":24.0,"turns":4.0},{"damage":7.0,"enemies":"Snecko","floor":25.0,"turns":5.0},{"damage":13,"enemies":"Chosen and Byrds","floor":29,"turns":5},{"damage":20,"enemies":"Snake Plant","floor":30,"turns":4},{"damage":63,"enemies":"Collector","floor":33,"turns":6}],"seed_played":"1437757948624739247","potions_obtained":[{"floor":11.0,"key":"FocusPotion"},{"floor":14.0,"key":"AttackPotion"},{"floor":16.0,"key":"EssenceOfSteel"},{"floor":29,"key":"Dexterity Potion"},{"floor":30,"key":"Ancient Potion"}],"is_trial":false,"path_per_floor":["M","?","$","?","?","R","E","?","T","R","M","R","M","M","R","B",null,"M","$","?","?","M","R","M","M","T","R","$","M","M","?","R","B"],"character_chosen":"DEFECT","items_purchased":["Blood Vial","PowerPotion","Bottled Tornado","Strange Spoon","Chaos"],"campfire_rested":4,"item_purchase_floors":[3,3,19,28,28],"current_hp_per_floor":[74,74,74,63,75,75,59,52,52,74,69,69,71,62,62,64,75,64,64,64,29,24,46,35,30,30,52,52,41,23,23,45,0],"gold":190,"neow_bonus":"HUNDRED_GOLD","is_prod":false,"is_daily":false,"chose_seed":false,"campfire_upgraded":3,"win_rate":0,"timestamp":1542912440,"path_taken":["M","?","$","?","?","R","E","?","T","R","M","R","M","M","R","BOSS","M","?","?","?","M","R","M","M","T","R","$","M","?","?","R","BOSS"],"build_version":"2018-11-15","purchased_purges":0,"victory":false,"max_hp_per_floor":[75,75,75,75,75,75,75,75,75,75,75,75,75,75,75,75,75,75,75,75,75,75,75,75,75,75,75,75,75,75,75,75,75],"card_choices":[{"not_picked":["Sweeping Beam","Beam Cell"],"picked":"Conserve Battery","floor":1.0},{"not_picked":["Sunder","Force Field"],"picked":"Machine Learning","floor":7.0},{"not_picked":["Aggregate","Conserve Battery"],"picked":"Storm","floor":11.0},{"not_picked":["Rebound","Scrape"],"picked":"Go for the Eyes","floor":13.0},{"not_picked":["Barrage","Glacier"],"picked":"White Noise","floor":14.0},{"not_picked":["Meteor Strike","Rainbow"],"picked":"Thunder Strike","floor":16.0},{"not_picked":["Gash+1","Beam Cell+1","Compile Driver"],"picked":"SKIP","floor":18.0},{"not_picked":["Stack","Streamline","Scrape"],"picked":"SKIP","floor":22.0},{"not_picked":["Leap","Conserve Battery"],"picked":"Genetic Algorithm+1","floor":24.0},{"not_picked":["Double Energy","Ball Lightning"],"picked":"Static Discharge","floor":25.0},{"not_picked":["Reprogram","Aggregate","Steam"],"picked":"Darkness","floor":29},{"not_picked":["Lockon","Blizzard","Stack+1"],"picked":"Coolheaded","floor":30}],"player_experience":193605,"relics_obtained":[{"floor":7.0,"key":"Ornamental Fan"},{"floor":9.0,"key":"Symbiotic Virus"},{"floor":26.0,"key":"Question Card"}],"event_choices":[{"damage_healed":0.0,"max_hp_gain":0.0,"max_hp_loss":0.0,"gold_gain":0.0,"event_name":"Golden Wing","player_choice":"Ignored","floor":2.0,"gold_loss":0.0,"damage_taken":0.0},{"damage_healed":0.0,"max_hp_gain":0.0,"max_hp_loss":0.0,"gold_gain":75.0,"event_name":"World of Goop","player_choice":"Gather Gold","floor":4.0,"gold_loss":0.0,"damage_taken":11.0},{"damage_healed":18.0,"max_hp_gain":0.0,"max_hp_loss":0.0,"gold_gain":0.0,"event_name":"The Cleric","player_choice":"Healed","floor":5.0,"gold_loss":35.0,"damage_taken":0.0},{"damage_healed":0.0,"max_hp_gain":0.0,"max_hp_loss":0.0,"gold_gain":0.0,"event_name":"Wheel of Change","player_choice":"Damaged","floor":8.0,"gold_loss":0.0,"damage_taken":7.0},{"damage_healed":0.0,"max_hp_gain":0.0,"max_hp_loss":0.0,"gold_gain":0.0,"event_name":"The Library","player_choice":"Read","floor":20.0,"gold_loss":0.0,"damage_taken":0.0,"cards_obtained":["Glacier"]},{"damage_healed":0.0,"max_hp_gain":0.0,"max_hp_loss":0.0,"gold_gain":270.0,"event_name":"Knowing Skull","player_choice":"POTION GOLD GOLD GOLD ","floor":21.0,"potions_obtained":["SkillPotion"],"gold_loss":0.0,"damage_taken":35.0,"cards_obtained":[]},{"damage_healed":0,"gold_gain":99,"player_choice":"Stole From Cult","damage_taken":0,"max_hp_gain":0,"max_hp_loss":0,"event_name":"Nest","floor":31,"gold_loss":0}],"is_beta":false,"boss_relics":[{"not_picked":["Orrery","FrozenCore"],"picked":"Nuclear Battery"}],"items_purged_floors":[],"is_endless":false,"potions_floor_spawned":[11,14,16,29,30],"killed_by":"Collector","ascension_level":0}