{"gold_per_floor":[115,115,115,125,50,78,88,88,88,103,123,123,154,174,174,278,278,289,307,307,207,225,225,253,253,253,253,181,181,254,21,21,122,172,186,186,205,220,18,18,43,43,68,68,68,99,99,115,115,115],"floor_reached":51,"playtime":2654,"items_purged":["Regret","Shame"],"score":806,"play_id":"4481d7d9-ed75-446e-8bd6-00d8fd442bbd","local_time":"20190512124627","is_ascension_mode":false,"campfire_choices":[{"data":"Leg Sweep","floor":12,"key":"SMITH"},{"data":"Noxious Fumes","floor":15,"key":"SMITH"},{"data":"After Image","floor":23,"key":"SMITH"},{"data":"Defend_G","floor":25,"key":"PURGE"},{"data":"Tools of the Trade","floor":27,"key":"SMITH"},{"data":"Defend_G","floor":32,"key":"PURGE"},{"data":"Bouncing Flask","floor":40,"key":"SMITH"},{"floor":42,"key":"REST"},{"floor":44,"key":"REST"},{"data":"Night Terror","floor":49,"key":"PURGE"}],"neow_cost":"NONE","seed_source_timestamp":415480568435200,"circlet_count":0,"master_deck":["Defend_G","Strike_G+1","Strike_G","Strike_G","Strike_G","Survivor","Neutralize","Poisoned Stab+1","Deadly Poison","Escape Plan","Leg Sweep+1","Bouncing Flask+1","Tools of the Trade+1","Noxious Fumes+1","Backflip","Backflip","Backflip+1","After Image+1","PiercingWail+1","PiercingWail","Well Laid Plans","Corpse Explosion","Backstab","Iron Wave","Backflip+1","Crippling Poison","Heel Hook","Escape Plan+1"],"relics":["Ring of the Snake","NeowsBlessing","Pear","Omamori","Mercury Hourglass","Darkstone Periapt","Calling Bell","Strawberry","Shuriken","Peace Pipe","Blood Vial","Pantograph","Enchiridion","Bottled Tornado","Snake Skull","Tiny House","Medical Kit","Toxic Egg 2","Whetstone","Oddly Smooth Stone"],"potions_floor_usage":[24,24,33,33,41,50,50,50],"damage_taken":[{"damage":0,"enemies":"2 Louse","floor":1,"turns":1},{"damage":0,"enemies":"Small Slimes","floor":4,"turns":1},{"damage":0,"enemies":"Gremlin Nob","floor":6,"turns":1},{"damage":5,"enemies":"Jaw Worm","floor":7,"turns":4},{"damage":1,"enemies":"Blue Slaver","floor":10,"turns":3},{"damage":0,"enemies":"Looter","floor":11,"turns":3},{"damage":3,"enemies":"Lagavulin","floor":13,"turns":5},{"damage":6,"enemies":"Gremlin Gang","floor":14,"turns":4},{"damage":16,"enemies":"Slime Boss","floor":16,"turns":11},{"damage":7,"enemies":"Spheric Guardian","floor":18,"turns":4},{"damage":4,"enemies":"Shell Parasite","floor":19,"turns":6},{"damage":10,"enemies":"Centurion and Healer","floor":22,"turns":6},{"damage":23,"enemies":"Book of Stabbing","floor":24,"turns":9},{"damage":42,"enemies":"Collector","floor":33,"turns":10},{"damage":0,"enemies":"3 Shapes","floor":35,"turns":4},{"damage":8,"enemies":"Orb Walker","floor":37,"turns":5},{"damage":26,"enemies":"Sphere and 2 Shapes","floor":38,"turns":4},{"damage":57,"enemies":"Reptomancer","floor":41,"turns":6},{"damage":33,"enemies":"Nemesis","floor":46,"turns":9},{"damage":9,"enemies":"Writhing Mass","floor":48,"turns":6},{"damage":56,"enemies":"Awakened One","floor":50,"turns":15}],"seed_played":"4265806578179824162","potions_obtained":[{"floor":6,"key":"Energy Potion"},{"floor":11,"key":"GhostInAJar"},{"floor":13,"key":"Regen Potion"},{"floor":24,"key":"LiquidBronze"},{"floor":33,"key":"Energy Potion"},{"floor":34,"key":"SneckoOil"},{"floor":38,"key":"Energy Potion"},{"floor":41,"key":"Weak Potion"},{"floor":48,"key":"Block Potion"}],"is_trial":false,"path_per_floor":["M","?","?","M","$","E","M","?","T","M","M","R","E","M","R","B",null,"M","M","?","$","M","R","E","R","T","R","$","?","T","$","R","B",null,"M","?","M","M","$","R","E","R","T","R","?","E","?","M","R","B",null],"character_chosen":"THE_SILENT","items_purchased":["GhostInAJar","Snake Skull","Well Laid Plans","Medical Kit"],"campfire_rested":2,"item_purchase_floors":[28,31,31,39],"current_hp_per_floor":[70,63,73,73,73,73,68,68,68,67,67,67,64,58,58,42,93,86,82,82,82,72,72,64,64,64,64,64,48,48,48,48,33,98,98,98,90,66,66,66,11,40,40,69,69,38,38,31,31,2],"gold":115,"neow_bonus":"THREE_ENEMY_KILL","is_prod":false,"is_daily":false,"chose_seed":false,"campfire_upgraded":5,"win_rate":0.0,"timestamp":1557683187,"path_taken":["M","?","?","M","$","E","M","?","T","M","M","R","E","M","R","BOSS","M","M","?","$","M","R","E","R","T","R","?","?","?","$","R","BOSS","M","?","M","?","$","R","E","R","T","R","?","E","?","M","R","BOSS"],"build_version":"2019-01-23","purchased_purges":2,"victory":true,"max_hp_per_floor":[70,70,80,80,80,80,80,80,80,80,80,80,80,80,80,80,93,93,93,93,93,93,93,93,93,93,93,93,93,93,93,93,93,98,98,98,98,98,98,98,98,98,98,98,98,98,98,98,98,98],"card_choices":[{"not_picked":["All Out Attack","Blade Dance"],"picked":"Poisoned Stab","floor":1},{"not_picked":["Quick Slash","Dagger Spray"],"picked":"Deadly Poison","floor":4},{"not_picked":["Distraction","Outmaneuver"],"picked":"Escape Plan","floor":6},{"not_picked":["Dagger Spray","Acrobatics"],"picked":"Leg Sweep","floor":7},{"not_picked":["Slice","Heel Hook"],"picked":"Bouncing Flask","floor":10},{"not_picked":["Sucker Punch","Underhanded Strike"],"picked":"Tools of the Trade","floor":11},{"not_picked":["Distraction","Deflect"],"picked":"Noxious Fumes","floor":13},{"not_picked":["Infinite Blades","Dagger Spray"],"picked":"Backflip","floor":14},{"not_picked":["A Thousand Cuts","Unload"],"picked":"Night Terror","floor":16},{"not_picked":["Flying Knee","Prepared"],"picked":"Backflip","floor":18},{"not_picked":["Prepared","Endless Agony"],"picked":"Backflip","floor":19},{"not_picked":["Phantasmal Killer","Sucker Punch"],"picked":"PiercingWail+1","floor":22},{"not_picked":["Doppelganger","Acrobatics"],"picked":"PiercingWail","floor":24},{"not_picked":["Adrenaline","Glass Knife"],"picked":"Corpse Explosion","floor":33},{"not_picked":["Deflect","Slice"],"picked":"Backstab","floor":34},{"not_picked":["Caltrops","Backflip","Acrobatics+1"],"picked":"SKIP","floor":35},{"not_picked":["Dagger Throw+1","Dagger Spray+1"],"picked":"Backflip+1","floor":37},{"not_picked":["Dagger Throw","Caltrops+1"],"picked":"Crippling Poison","floor":38},{"not_picked":["Distraction","Poisoned Stab+1","Slice"],"picked":"SKIP","floor":41},{"not_picked":["Acrobatics+1","Prepared+1"],"picked":"Heel Hook","floor":46},{"not_picked":["Flying Knee+1","Heel Hook"],"picked":"Escape Plan+1","floor":48}],"player_experience":24537,"relics_obtained":[{"floor":6,"key":"Omamori"},{"floor":9,"key":"Mercury Hourglass"},{"floor":13,"key":"Darkstone Periapt"},{"floor":17,"key":"Strawberry"},{"floor":17,"key":"Shuriken"},{"floor":17,"key":"Peace Pipe"},{"floor":24,"key":"Blood Vial"},{"floor":26,"key":"Pantograph"},{"floor":29,"key":"Enchiridion"},{"floor":30,"key":"Bottled Tornado"},{"floor":41,"key":"Toxic Egg 2"},{"floor":43,"key":"Whetstone"},{"floor":46,"key":"Oddly Smooth Stone"}],"event_choices":[{"cards_removed":["Defend_G"],"damage_healed":0,"gold_gain":0,"player_choice":"Card Removal","damage_taken":7,"max_hp_gain":0,"max_hp_loss":0,"event_name":"Golden Wing","floor":2,"gold_loss":0},{"damage_healed":0,"gold_gain":0,"player_choice":"Box","damage_taken":0,"relics_obtained":["Pear"],"max_hp_gain":0,"max_hp_loss":0,"event_name":"Big Fish","floor":3,"gold_loss":0,"cards_obtained":["Regret"]},{"damage_healed":0,"gold_gain":0,"player_choice":"Ignored","damage_taken":0,"max_hp_gain":0,"max_hp_loss":0,"event_name":"Liars Game","floor":8,"gold_loss":0},{"damage_healed":0,"gold_gain":0,"player_choice":"Read","damage_taken":0,"max_hp_gain":0,"max_hp_loss":0,"event_name":"The Library","floor":20,"gold_loss":0,"cards_obtained":["After Image"]},{"damage_healed":0,"gold_gain":0,"player_choice":"Obtained Book","damage_taken":16,"max_hp_gain":0,"max_hp_loss":0,"event_name":"Cursed Tome","floor":29,"gold_loss":0},{"cards_removed":["Defend_G"],"damage_healed":0,"gold_gain":0,"player_choice":"Took Card","damage_taken":0,"max_hp_gain":0,"max_hp_loss":0,"event_name":"NoteForYourself","floor":36,"gold_loss":0,"cards_obtained":["Iron Wave"]},{"cards_removed":["Strike_G"],"damage_healed":0,"gold_gain":0,"player_choice":"Removed Attack","damage_taken":0,"max_hp_gain":0,"max_hp_loss":0,"event_name":"Falling","floor":45,"gold_loss":0},{"damage_healed":0,"gold_gain":0,"player_choice":"Ignored","damage_taken":0,"max_hp_gain":0,"max_hp_loss":0,"event_name":"The Moai Head","floor":47,"gold_loss":0}],"is_beta":false,"boss_relics":[{"not_picked":["Eternal Feather","Runic Dome"],"picked":"Calling Bell"},{"not_picked":["White Beast Statue","Lizard Tail"],"picked":"Tiny House"}],"items_purged_floors":[5,21],"is_endless":false,"potions_floor_spawned":[6,11,13,18,24,33,38,41,48],"ascension_level":0}