{"gold_per_floor":[10,185,196,215,64,64,98,98,98,133,147,178,188,188,188,283,283,300,93,8,25,25,60,60,77,77,108,108,139,139,150,150,251,251,268,319,332,332,332,332,364,364,414,98,114,147,147,158,158,158,158,158,27,62,62],"floor_reached":56,"playtime":3116,"items_purged":["Doubt","Cleave"],"score":1331,"play_id":"3612eed5-854c-4558-873e-49e91e5de159","local_time":"20190507221026","is_ascension_mode":true,"campfire_choices":[{"data":"Uppercut","floor":6,"key":"SMITH"},{"data":"Bash","floor":8,"key":"SMITH"},{"data":"Rampage","floor":15,"key":"SMITH"},{"data":"Whirlwind","floor":24,"key":"SMITH"},{"data":"Disarm","floor":28,"key":"SMITH"},{"data":"Brutality","floor":30,"key":"SMITH"},{"data":"True Grit","floor":32,"key":"SMITH"},{"data":"Apotheosis","floor":40,"key":"SMITH"},{"floor":42,"key":"RECALL"},{"data":"Offering","floor":49,"key":"SMITH"},{"data":"Feel No Pain","floor":52,"key":"SMITH"}],"neow_cost":"NO_GOLD","seed_source_timestamp":105090846657385,"circlet_count":0,"master_deck":["Bash+1","Sword Boomerang","Uppercut+1","Shrug It Off","Offering+1","Shrug It Off+1","Rampage+1","Reaper","Iron Wave","Burning Pact+1","Heavy Blade","Ghostly Armor","Combust","Whirlwind+1","Sword Boomerang","True Grit+1","Flame Barrier","Offering+1","Disarm+1","Brutality+1","Juggernaut","Feel No Pain+1","Apotheosis+1","Rupture","Parasite","Disarm","Hemokinesis+1"],"relics":["Burning Blood","Magic Flower","Bird Faced Urn","Centennial Puzzle","Oddly Smooth Stone","Pandora\u0027s Box","OrangePellets","PreservedInsect","War Paint","Bronze Scales","Strawberry","Velvet Choker","Torii","Juzu Bracelet","Anchor","Vajra","Art of War","Happy Flower"],"potions_floor_usage":[7,12,16,25,27,35,54,55,55,55],"damage_taken":[{"damage":1,"enemies":"Cultist","floor":1,"turns":3},{"damage":4,"enemies":"2 Louse","floor":3,"turns":3},{"damage":6,"enemies":"Jaw Worm","floor":4,"turns":3},{"damage":15,"enemies":"3 Sentries","floor":7,"turns":7},{"damage":36,"enemies":"Lagavulin","floor":10,"turns":7},{"damage":6,"enemies":"2 Fungi Beasts","floor":11,"turns":4},{"damage":10,"enemies":"3 Sentries","floor":12,"turns":10},{"damage":8,"enemies":"Lots of Slimes","floor":13,"turns":5},{"damage":34,"enemies":"The Guardian","floor":16,"turns":12},{"damage":1,"enemies":"3 Byrds","floor":18,"turns":5},{"damage":14,"enemies":"Spheric Guardian","floor":21,"turns":4},{"damage":37,"enemies":"Gremlin Leader","floor":23,"turns":5},{"damage":29,"enemies":"Cultist and Chosen","floor":25,"turns":6},{"damage":17,"enemies":"Slavers","floor":27,"turns":6},{"damage":6,"enemies":"Book of Stabbing","floor":29,"turns":5},{"damage":23,"enemies":"Shelled Parasite and Fungi","floor":31,"turns":7},{"damage":38,"enemies":"Champ","floor":33,"turns":14},{"damage":6,"enemies":"3 Shapes","floor":35,"turns":5},{"damage":93,"enemies":"2 Orb Walkers","floor":36,"turns":6},{"damage":23,"enemies":"3 Darklings","floor":37,"turns":4},{"damage":45,"enemies":"Giant Head","floor":41,"turns":10},{"damage":20,"enemies":"Writhing Mass","floor":45,"turns":6},{"damage":36,"enemies":"Nemesis","floor":46,"turns":5},{"damage":14,"enemies":"Jaw Worm Horde","floor":48,"turns":3},{"damage":37,"enemies":"Time Eater","floor":50,"turns":9},{"damage":33,"enemies":"Shield and Spear","floor":54,"turns":6},{"damage":75,"enemies":"The Heart","floor":55,"turns":8}],"seed_played":"5696306314983138364","potions_obtained":[{"floor":1,"key":"Fire Potion"},{"floor":7,"key":"Dexterity Potion"},{"floor":12,"key":"AttackPotion"},{"floor":13,"key":"Dexterity Potion"},{"floor":16,"key":"SmokeBomb"},{"floor":21,"key":"Ancient Potion"},{"floor":27,"key":"EntropicBrew"},{"floor":31,"key":"Block Potion"},{"floor":45,"key":"SteroidPotion"},{"floor":48,"key":"SteroidPotion"},{"floor":54,"key":"Explosive Potion"}],"is_trial":false,"path_per_floor":["M","?","M","M","$","R","E","R","T","E","M","E","M","?","R","B",null,"M","$","?","M","?","E","R","M","T","E","R","E","R","M","R","B",null,"M","?","M","?","?","R","E","R","T","$","M","E","?","M","R","B",null,"R","$","E","B",null],"character_chosen":"IRONCLAD","items_purchased":["Shrug It Off","Strength Potion","OrangePellets","Rupture","Vajra","SteroidPotion","Disarm"],"campfire_rested":0,"item_purchase_floors":[5,5,19,44,44,53,53],"current_hp_per_floor":[96,96,96,96,96,96,87,87,87,60,63,62,63,44,44,19,96,96,96,96,91,91,82,82,71,71,84,84,103,103,89,89,71,103,103,28,38,28,90,90,66,66,66,66,90,90,90,85,85,90,90,90,90,90,67],"gold":62,"neow_bonus":"TWENTY_PERCENT_HP_BONUS","is_prod":false,"is_daily":false,"chose_seed":false,"campfire_upgraded":10,"win_rate":0,"timestamp":1557281426,"path_taken":["M","?","M","M","$","R","E","R","T","E","M","E","M","?","R","BOSS","M","$","?","M","?","E","R","M","T","E","R","E","R","?","R","BOSS","M","?","M","?","?","R","E","R","T","$","M","E","?","M","R","BOSS","R","$","E","BOSS"],"build_version":"2019-04-23","purchased_purges":2,"victory":true,"max_hp_per_floor":[96,96,96,96,96,96,96,96,96,96,96,96,96,96,96,96,96,96,96,96,96,96,96,96,96,96,96,96,103,103,103,103,103,103,103,103,103,103,90,90,90,90,90,90,90,90,90,90,90,90,90,90,90,90,90],"card_choices":[{"not_picked":["Hemokinesis","Clash"],"picked":"Sword Boomerang","floor":1},{"not_picked":["Clothesline","Thunderclap"],"picked":"Uppercut","floor":3},{"not_picked":["Reckless Charge","Metallicize"],"picked":"Pommel Strike","floor":4},{"not_picked":["Thunderclap","Heavy Blade","Headbutt"],"picked":"SKIP","floor":7},{"not_picked":["Clash","Anger"],"picked":"Offering","floor":10},{"not_picked":["Sentinel","Cleave"],"picked":"Shrug It Off","floor":11},{"not_picked":["Iron Wave","Heavy Blade","Thunderclap"],"picked":"SKIP","floor":12},{"not_picked":["Iron Wave","Pommel Strike"],"picked":"Rampage","floor":13},{"not_picked":["Limit Break","Feed"],"picked":"Reaper","floor":16},{"not_picked":["Headbutt","Perfected Strike","Iron Wave"],"picked":"SKIP","floor":18},{"not_picked":["Bloodletting","Shrug It Off"],"picked":"Flame Barrier","floor":21},{"not_picked":["Thunderclap","Flex","Sword Boomerang"],"picked":"SKIP","floor":23},{"not_picked":["Heavy Blade+1","Rage"],"picked":"Disarm","floor":25},{"not_picked":["Pommel Strike+1","Flex","Warcry"],"picked":"SKIP","floor":27},{"not_picked":["Evolve","Clothesline"],"picked":"Brutality","floor":29},{"not_picked":["Iron Wave","Uppercut","Pommel Strike"],"picked":"SKIP","floor":31},{"not_picked":["Bludgeon","Fiend Fire"],"picked":"Juggernaut","floor":33},{"not_picked":["Heavy Blade+1","Whirlwind","Cleave+1"],"picked":"SKIP","floor":35},{"not_picked":["Pommel Strike","Shrug It Off+1"],"picked":"Feel No Pain","floor":37},{"not_picked":["Dramatic Entrance","Discovery"],"picked":"Apotheosis","floor":38},{"not_picked":["Heavy Blade","Entrench","Warcry"],"picked":"SKIP","floor":41},{"not_picked":["Searing Blow+1","Dropkick","Clothesline"],"picked":"SKIP","floor":45},{"not_picked":["Heavy Blade+1","Power Through+1","Rage+1"],"picked":"SKIP","floor":46},{"not_picked":["Whirlwind+1","Anger","Searing Blow+1"],"picked":"SKIP","floor":48},{"not_picked":["Combust+1","Anger"],"picked":"Hemokinesis+1","floor":54}],"player_experience":1394417,"relics_obtained":[{"floor":7,"key":"Magic Flower"},{"floor":9,"key":"Bird Faced Urn"},{"floor":10,"key":"Centennial Puzzle"},{"floor":12,"key":"Oddly Smooth Stone"},{"floor":23,"key":"War Paint"},{"floor":27,"key":"Bronze Scales"},{"floor":29,"key":"Strawberry"},{"floor":36,"key":"Torii"},{"floor":41,"key":"Juzu Bracelet"},{"floor":43,"key":"Anchor"},{"floor":46,"key":"Art of War"},{"floor":54,"key":"Happy Flower"}],"event_choices":[{"damage_healed":0,"gold_gain":175,"player_choice":"AGREE","damage_taken":0,"max_hp_gain":0,"max_hp_loss":0,"event_name":"Liars Game","floor":2,"gold_loss":0,"cards_obtained":["Doubt"]},{"damage_healed":0,"gold_gain":0,"player_choice":"Entered Light","damage_taken":19,"max_hp_gain":0,"max_hp_loss":0,"event_name":"Shining Light","floor":14,"gold_loss":0,"cards_upgraded":["Shrug It Off","Strike_R"]},{"damage_healed":0,"gold_gain":0,"player_choice":"Obtained Relic","damage_taken":0,"relics_obtained":["PreservedInsect"],"max_hp_gain":0,"max_hp_loss":0,"event_name":"Addict","floor":20,"gold_loss":85},{"damage_healed":0,"gold_gain":0,"player_choice":"Copied","damage_taken":0,"max_hp_gain":0,"max_hp_loss":0,"event_name":"Duplicator","floor":22,"gold_loss":0,"cards_obtained":["Offering"]},{"damage_healed":0,"gold_gain":0,"player_choice":"Fight","damage_taken":0,"max_hp_gain":0,"max_hp_loss":0,"event_name":"Mysterious Sphere","floor":36,"gold_loss":0},{"damage_healed":0,"gold_gain":0,"player_choice":"Memory 3","damage_taken":10,"max_hp_gain":0,"max_hp_loss":0,"event_name":"SensoryStone","floor":38,"gold_loss":0},{"damage_healed":90,"gold_gain":0,"player_choice":"Heal","damage_taken":0,"max_hp_gain":0,"max_hp_loss":13,"event_name":"The Moai Head","floor":39,"gold_loss":0},{"cards_removed":["Pommel Strike"],"damage_healed":0,"gold_gain":0,"player_choice":"Removed Attack","damage_taken":0,"max_hp_gain":0,"max_hp_loss":0,"event_name":"Falling","floor":47,"gold_loss":0}],"is_beta":true,"boss_relics":[{"not_picked":["Cursed Key","Lizard Tail"],"picked":"Pandora\u0027s Box"},{"not_picked":["Astrolabe","Calling Bell"],"picked":"Velvet Choker"}],"items_purged_floors":[5,44],"is_endless":false,"potions_floor_spawned":[1,7,12,13,16,21,23,27,31,45,48,54],"ascension_level":1}