{"path_per_floor":["M","?","?","?","M","E","M","R","T","R","?","M","M","M","R","B",null,"M","M","?","?","?","E","?","R","T","R","M","$","M","M","R","B",null,"M","$","?","M","?","R","M","?","T","M","E","?","R","?","R","B"],"character_chosen":"DEFECT","items_purchased":["Bird Faced Urn"],"gold_per_floor":[114,289,364,364,383,421,440,440,440,440,440,459,478,497,497,622,622,592,592,517,517,517,517,517,517,517,517,517,142,142,142,142,142,142,142,142,142,142,142,142,142,142,142,142,142,142,142,142,142,142],"floor_reached":51,"campfire_rested":1,"playtime":5252,"item_purchase_floors":[29],"current_hp_per_floor":[73,72,61,61,61,46,46,66,65,64,68,67,66,64,64,45,62,47,54,54,54,54,47,47,47,47,47,51,50,45,47,47,46,45,44,43,42,41,40,39,38,37,36,35,34,33,32,31,30,14],"items_purged":["Fusion"],"gold":142,"score":745,"play_id":"703dd60d-c647-400d-a8aa-694b3e65e67b","local_time":"20180531034921","daily_mods":["Insanity","Time Dilation","Terminal"],"is_prod":false,"is_daily":true,"chose_seed":false,"is_ascension_mode":false,"campfire_upgraded":8,"win_rate":0,"timestamp":1527731361,"campfire_choices":[{"floor":8,"key":"REST"},{"data":"Echo Form","floor":10,"key":"SMITH"},{"data":"Electrodynamics","floor":15,"key":"SMITH"},{"data":"Aggregate","floor":25,"key":"SMITH"},{"data":"Aggregate","floor":27,"key":"SMITH"},{"data":"Aggregate","floor":32,"key":"SMITH"},{"data":"Thunder Strike","floor":40,"key":"SMITH"},{"data":"Multi-Cast","floor":47,"key":"SMITH"},{"data":"Capacitor","floor":49,"key":"SMITH"}],"path_taken":["M","?","?","?","?","E","M","R","T","R","?","?","M","M","R","BOSS","M","M","?","?","?","E","?","R","T","R","?","?","?","M","R","BOSS","M","$","?","M","?","R","M","?","T","?","E","?","R","?","R","BOSS"],"build_version":"2018-05-30","seed_source_timestamp":0,"purchased_purges":1,"victory":true,"master_deck":["Self Repair","Undo","Aggregate+1","Electrodynamics+1","Core Surge","Auto Shields","Blizzard","Skim","Recycle","Echo Form+1","Seek","Ball Lightning","Biased Cognition","Rainbow","Biased Cognition","Chill","Sweeping Beam","Coolheaded","Fusion","Cold Snap","Aggregate+1","White Noise","Aggregate+1","Steam Power","Scrape","Compile Driver","Cold Snap","Heatsinks","Sweeping Beam","Glacier","Barrage","Rebound","Skim","Steam Power","Go for the Eyes","Static Discharge","Cold Snap","Heatsinks","Conserve Battery","Hyperbeam","Hyperbeam","Compile Driver","Chill","Skim","Creative AI","Multi-Cast+1","Echo Form","Loop","Thunder Strike+1","Capacitor+1","Go for the Eyes+1","Storm+1","Storm+1"],"max_hp_per_floor":[73,72,71,70,69,68,67,66,65,64,68,67,66,65,64,63,62,61,60,59,58,57,56,55,54,53,52,51,50,49,48,47,46,45,44,43,42,41,40,39,38,37,36,35,34,33,32,31,30,29],"relics":["Cracked Core","Golden Idol","Centennial Puzzle","Kunai","Ectoplasm","Red Mask","Anchor","Emotion Chip","Bird Faced Urn","Nuclear Battery","The Courier","Girya"],"card_choices":[{"not_picked":["Loop","Steam","Beam Cell"],"picked":"SKIP","floor":1},{"not_picked":["Compile Driver","Turbo","Heatsinks"],"picked":"SKIP","floor":5},{"not_picked":["BootSequence","Static Discharge","Glacier"],"picked":"SKIP","floor":6},{"not_picked":["Rebound","Reinforced Body","Stack"],"picked":"SKIP","floor":7},{"not_picked":["Chaos","Core Surge","Beam Cell"],"picked":"SKIP","floor":12},{"not_picked":["Ball Lightning","Compile Driver","Redo"],"picked":"SKIP","floor":13},{"not_picked":["Gash","Leap","Go for the Eyes"],"picked":"SKIP","floor":14},{"not_picked":["Machine Learning","Core Surge"],"picked":"Echo Form","floor":16},{"not_picked":["Rebound+1","Heatsinks+1","Beam Cell"],"picked":"SKIP","floor":18},{"not_picked":["Tempest","Conserve Battery","Reinforced Body"],"picked":"SKIP","floor":19},{"not_picked":["Hyperbeam","Melter","Auto Shields+1"],"picked":"SKIP","floor":23},{"not_picked":["Hologram+1","Compile Driver+1","Turbo"],"picked":"SKIP","floor":28},{"not_picked":["Coolheaded","Rebound","Stack+1"],"picked":"SKIP","floor":30},{"not_picked":["Barrage","Recycle","Stack"],"picked":"SKIP","floor":31},{"not_picked":["Hyperbeam","Buffer"],"picked":"Thunder Strike","floor":33},{"not_picked":["Hello World","Hologram+1","Doom and Gloom"],"picked":"SKIP","floor":35},{"not_picked":["Leap+1","Steam"],"picked":"Capacitor","floor":38},{"not_picked":["Gash+1","Sweeping Beam+1","Streamline+1"],"picked":"SKIP","floor":41},{"not_picked":["Glacier","Sunder"],"picked":"Go for the Eyes+1","floor":44},{"not_picked":["Undo","Buffer"],"picked":"Storm+1","floor":45}],"player_experience":301643,"potions_floor_usage":[16,50,50,50],"damage_taken":[{"damage":0,"enemies":"2 Louse","floor":1,"turns":2},{"damage":0,"enemies":"Small Slimes","floor":5,"turns":2},{"damage":22,"enemies":"Lagavulin","floor":6,"turns":6},{"damage":0,"enemies":"Jaw Worm","floor":7,"turns":2},{"damage":0,"enemies":"2 Fungi Beasts","floor":12,"turns":2},{"damage":0,"enemies":"Large Slime","floor":13,"turns":2},{"damage":2,"enemies":"Blue Slaver","floor":14,"turns":2},{"damage":26,"enemies":"Hexaghost","floor":16,"turns":7},{"damage":15,"enemies":"2 Thieves","floor":18,"turns":2},{"damage":0,"enemies":"Spheric Guardian","floor":19,"turns":2},{"damage":0,"enemies":"Masked Bandits","floor":22,"turns":1},{"damage":7,"enemies":"Gremlin Leader","floor":23,"turns":2},{"damage":0,"enemies":"Centurion and Healer","floor":28,"turns":1},{"damage":5,"enemies":"Snake Plant","floor":30,"turns":3},{"damage":2,"enemies":"Sentry and Sphere","floor":31,"turns":3},{"damage":18,"enemies":"Collector","floor":33,"turns":6},{"damage":0,"enemies":"Orb Walker","floor":35,"turns":2},{"damage":0,"enemies":"3 Shapes","floor":38,"turns":3},{"damage":0,"enemies":"Spire Growth","floor":41,"turns":3},{"damage":0,"enemies":"Sphere and 2 Shapes","floor":44,"turns":2},{"damage":21,"enemies":"Nemesis","floor":45,"turns":7},{"damage":20,"enemies":"Time Eater","floor":50,"turns":4}],"relics_obtained":[{"floor":6,"key":"Centennial Puzzle"},{"floor":9,"key":"Kunai"},{"floor":22,"key":"Red Mask"},{"floor":23,"key":"Anchor"},{"floor":26,"key":"Emotion Chip"},{"floor":43,"key":"The Courier"},{"floor":45,"key":"Girya"}],"event_choices":[{"event_name":"Liars Game","player_choice":"agreed","floor":2,"damage_taken":0},{"event_name":"World of Goop","player_choice":"Gather Gold","floor":3,"damage_taken":0},{"event_name":"Golden Idol","player_choice":"Take Wound","floor":4,"damage_taken":0},{"event_name":"Big Fish","player_choice":"Donut","floor":11,"damage_taken":0},{"event_name":"Beggar","player_choice":"Gave Gold","floor":20,"damage_taken":0},{"event_name":"Back to Basics","player_choice":"Elegance","floor":21,"damage_taken":0},{"event_name":"Masked Bandits","player_choice":"Fought over 517 gold","floor":22,"damage_taken":0},{"event_name":"Transmorgrifier","player_choice":"Transform","floor":24,"damage_taken":0},{"event_name":"Tomb of Lord Red Mask","player_choice":"Ignored","floor":39,"damage_taken":0},{"event_name":"The Moai Head","player_choice":"Ignored","floor":42,"damage_taken":0},{"event_name":"Wheel of Change","player_choice":"Card Removal","floor":46,"damage_taken":0},{"event_name":"Duplicator","player_choice":"One dupe","floor":48,"damage_taken":0}],"boss_relics":[{"not_picked":["Runic Dome","Calling Bell"],"picked":"Ectoplasm"},{"not_picked":["Lizard Tail","Orrery"],"picked":"Nuclear Battery"}],"items_purged_floors":[29],"potions_floor_spawned":[1,12,13,19,22,30,41,44,45],"seed_played":"-8525478308114596577","ascension_level":0,"potions_obtained":[{"floor":1,"key":"EssenceOfSteel"},{"floor":12,"key":"PowerPotion"},{"floor":13,"key":"Strength Potion"},{"floor":19,"key":"FocusPotion"},{"floor":44,"key":"PowerPotion"}],"is_trial":false}