{"gold_per_floor":[118,78,78,96,110,140,140,150,150,179,179],"floor_reached":11,"playtime":413,"items_purged":[],"score":83,"play_id":"c6ff46db-5677-49b2-b6d2-b7ba8f12ad99","local_time":"20181203220704","is_ascension_mode":false,"campfire_choices":[{"data":"Perfected Strike","floor":7,"key":"SMITH"}],"neow_cost":"NONE","seed_source_timestamp":533283722150615,"circlet_count":0,"master_deck":["Strike_R","Strike_R","Strike_R","Strike_R","Strike_R","Defend_R","Defend_R","Defend_R","Defend_R","Bash+1","Perfected Strike","Shockwave+1","Perfected Strike+1","Thunderclap","Armaments","Bash","Impatience"],"relics":["Burning Blood","NeowsBlessing","Dream Catcher","Darkstone Periapt"],"potions_floor_usage":[],"damage_taken":[{"damage":0,"enemies":"2 Louse","floor":1,"turns":1},{"damage":0,"enemies":"Cultist","floor":4,"turns":1},{"damage":5,"enemies":"Small Slimes","floor":5,"turns":2},{"damage":25,"enemies":"Lagavulin","floor":6,"turns":5},{"damage":30,"enemies":"Gremlin Gang","floor":8,"turns":6},{"damage":20,"enemies":"3 Sentries","floor":10,"turns":5}],"seed_played":"-3873823442888794501","potions_obtained":[{"floor":6,"key":"Energy Potion"},{"floor":8,"key":"Explosive Potion"},{"floor":10,"key":"Weak Potion"}],"is_trial":false,"path_per_floor":["M","$","?","M","M","E","R","M","T","E","?"],"character_chosen":"IRONCLAD","items_purchased":["Shockwave"],"campfire_rested":0,"item_purchase_floors":[2],"current_hp_per_floor":[80,80,64,70,71,52,52,28,28,14,14],"gold":179,"neow_bonus":"THREE_ENEMY_KILL","is_prod":false,"is_daily":false,"chose_seed":false,"campfire_upgraded":1,"win_rate":0,"timestamp":1543871224,"path_taken":["M","$","?","M","M","E","R","M","T","E","?"],"build_version":"2018-11-15","purchased_purges":0,"victory":false,"max_hp_per_floor":[80,80,80,80,80,80,80,80,80,80,80],"card_choices":[{"not_picked":["Clash","Warcry"],"picked":"Perfected Strike","floor":1},{"not_picked":["Searing Blow","Thunderclap"],"picked":"Perfected Strike","floor":4},{"not_picked":["Clash","Clothesline","Burning Pact"],"picked":"SKIP","floor":5},{"not_picked":["Searing Blow","Flame Barrier","Pummel"],"picked":"SKIP","floor":6},{"not_picked":["Body Slam","Power Through"],"picked":"Thunderclap","floor":8},{"not_picked":["Flame Barrier","Spot Weakness"],"picked":"Armaments","floor":10}],"player_experience":266219,"relics_obtained":[{"floor":6,"key":"Dream Catcher"},{"floor":10,"key":"Darkstone Periapt"}],"event_choices":[{"damage_healed":0,"gold_gain":0,"player_choice":"Entered Light","damage_taken":16,"max_hp_gain":0,"max_hp_loss":0,"event_name":"Shining Light","floor":3,"gold_loss":0,"cards_upgraded":["Shockwave","Bash"]}],"is_beta":true,"boss_relics":[],"items_purged_floors":[],"is_endless":false,"potions_floor_spawned":[6,8,10],"ascension_level":0}