{"gold_per_floor":[116,134,145,420,430,443,468,468,468,483,494,370,386,405,405,507,507,524,121,131,230,230],"floor_reached":22,"playtime":2055,"items_purged":["Defend_R"],"score":221,"play_id":"cdf86c97-f165-4623-9a84-9cba4a9133bf","local_time":"20190516184033","is_ascension_mode":true,"campfire_choices":[{"data":"Armaments","floor":8.0,"key":"SMITH"},{"data":"Armaments","floor":15.0,"key":"SMITH"}],"neow_cost":"NONE","seed_source_timestamp":2474526311043,"circlet_count":0,"master_deck":["Strike_R","Strike_R","Strike_R","Strike_R","Strike_R","Defend_R","Defend_R","Defend_R","Bash","Armaments+1","Carnage","Headbutt","Ghostly Armor","Disarm","Cleave","Ghostly Armor","Discovery","Armaments+1","Sword Boomerang","Feed","Seeing Red+1","Flame Barrier","Pommel Strike","Transmutation","Burning Pact"],"special_seed":0,"relics":["Burning Blood","Omamori","Turnip","Philosopher\u0027s Stone","Membership Card"],"potions_floor_usage":[],"damage_taken":[{"damage":4.0,"enemies":"2 Louse","floor":1.0,"turns":3.0},{"damage":15.0,"enemies":"Cultist","floor":2.0,"turns":5.0},{"damage":2.0,"enemies":"Jaw Worm","floor":3.0,"turns":4.0},{"damage":20.0,"enemies":"Large Slime","floor":5.0,"turns":3.0},{"damage":4.0,"enemies":"2 Fungi Beasts","floor":6.0,"turns":3.0},{"damage":20.0,"enemies":"3 Sentries","floor":7.0,"turns":11.0},{"damage":4.0,"enemies":"Blue Slaver","floor":10.0,"turns":4.0},{"damage":7.0,"enemies":"Gremlin Gang","floor":11.0,"turns":5.0},{"damage":0.0,"enemies":"Large Slime","floor":13.0,"turns":4.0},{"damage":8.0,"enemies":"Blue Slaver","floor":14.0,"turns":3.0},{"damage":45.0,"enemies":"Slime Boss","floor":16.0,"turns":12.0},{"damage":50.0,"enemies":"3 Byrds","floor":18.0,"turns":6.0},{"damage":0,"enemies":"Shell Parasite","floor":20,"turns":4},{"damage":44,"enemies":"3 Cultists","floor":22,"turns":3}],"seed_played":"4898762695603782267","potions_obtained":[{"floor":1.0,"key":"Block Potion"},{"floor":5.0,"key":"SteroidPotion"},{"floor":7.0,"key":"Strength Potion"},{"floor":10.0,"key":"Block Potion"},{"floor":13.0,"key":"BloodPotion"},{"floor":14.0,"key":"Poison Potion"},{"floor":18.0,"key":"LiquidBronze"}],"is_trial":false,"path_per_floor":["M","M","M","?","M","M","E","R","T","M","M","$","M","M","R","B",null,"M","$","M","?","M"],"character_chosen":"IRONCLAD","items_purchased":["Ghostly Armor","Discovery","Membership Card","Flame Barrier","Pommel Strike","Transmutation"],"campfire_rested":0,"item_purchase_floors":[12,12,19,19,19,19],"current_hp_per_floor":[80,71,75,75,61,63,49,49,49,51,50,50,56,54,54,23,80,36,36,42,42,0],"gold":230,"neow_bonus":"RANDOM_COMMON_RELIC","is_prod":false,"is_daily":false,"chose_seed":false,"campfire_upgraded":2,"win_rate":0,"timestamp":1558024833,"path_taken":["M","M","M","?","?","M","E","R","T","M","M","$","M","M","R","BOSS","M","$","M","?","M"],"build_version":"2019-01-23","purchased_purges":1,"victory":false,"max_hp_per_floor":[80,80,80,80,80,80,80,80,80,80,80,80,80,80,80,80,80,80,80,80,80,80],"card_choices":[{"not_picked":["Uppercut","Perfected Strike"],"picked":"Armaments","floor":1.0},{"not_picked":["Twin Strike","Uppercut"],"picked":"Carnage","floor":2.0},{"not_picked":["Body Slam","Twin Strike"],"picked":"Headbutt","floor":3.0},{"not_picked":["Intimidate","Uppercut"],"picked":"Ghostly Armor","floor":5.0},{"not_picked":["Armaments","Reckless Charge"],"picked":"Disarm","floor":6.0},{"not_picked":["Flex","Corruption"],"picked":"Cleave","floor":7.0},{"not_picked":["Carnage","Wild Strike","Flex"],"picked":"SKIP","floor":10.0},{"not_picked":["Flex","Intimidate","Rupture"],"picked":"SKIP","floor":11.0},{"not_picked":["Heavy Blade","Burning Pact"],"picked":"Armaments","floor":13.0},{"not_picked":["Bloodletting","Wild Strike"],"picked":"Sword Boomerang","floor":14.0},{"not_picked":["Dark Embrace","Barricade"],"picked":"Feed","floor":16.0},{"not_picked":["Wild Strike","Clothesline"],"picked":"Seeing Red+1","floor":18.0},{"not_picked":["Havoc","Clash"],"picked":"Burning Pact","floor":20}],"player_experience":106481,"relics_obtained":[{"floor":7.0,"key":"Turnip"}],"event_choices":[{"damage_healed":0.0,"max_hp_gain":0.0,"max_hp_loss":0.0,"gold_gain":275.0,"event_name":"Golden Shrine","player_choice":"Desecrate","floor":4.0,"gold_loss":0.0,"damage_taken":0.0,"cards_obtained":["Regret"]},{"damage_healed":0,"gold_gain":99,"player_choice":"Stole From Cult","damage_taken":0,"max_hp_gain":0,"max_hp_loss":0,"event_name":"Nest","floor":21,"gold_loss":0}],"is_beta":false,"boss_relics":[{"not_picked":["Ectoplasm","Tiny House"],"picked":"Philosopher\u0027s Stone"}],"items_purged_floors":[19],"is_endless":false,"potions_floor_spawned":[1,5,7,10,13,14,18],"killed_by":"3 Cultists","ascension_level":3}