{"gold_per_floor":[112,125,51,51,1,1,33,33,81,101,101,41,41,61,61,158,158,177,177,177,189,203,203],"floor_reached":23,"playtime":865,"items_purged":["Strike_G"],"score":189,"play_id":"a442619a-9d8f-40a4-8258-d85040a7085a","local_time":"20190515023032","is_ascension_mode":false,"campfire_choices":[{"data":"Crippling Poison","floor":6,"key":"SMITH"},{"data":"Terror","floor":8,"key":"SMITH"},{"data":"Deadly Poison","floor":13,"key":"SMITH"},{"floor":15,"key":"REST"}],"neow_cost":"NONE","seed_source_timestamp":661600131112551,"circlet_count":0,"master_deck":["Defend_G+1","Defend_G+1","Defend_G+1","Defend_G+1","Strike_G+1","Strike_G+1","Strike_G+1","Survivor","Neutralize","All Out Attack","Crippling Poison+1","Deadly Poison+1","Terror+1","Dodge and Roll","Bane","Dagger Spray","A Thousand Cuts","Flying Knee+1","Necronomicurse","PiercingWail+1","Backstab"],"relics":["Ring of the Serpent","The Courier","Shuriken","Snake Skull","Necronomicon"],"potions_floor_usage":[16,22,23,23,23],"damage_taken":[{"damage":0,"enemies":"Cultist","floor":1,"turns":4},{"damage":2,"enemies":"Small Slimes","floor":2,"turns":4},{"damage":22,"enemies":"3 Sentries","floor":7,"turns":8},{"damage":3,"enemies":"Jaw Worm","floor":10,"turns":2},{"damage":0,"enemies":"Blue Slaver","floor":14,"turns":3},{"damage":3,"enemies":"Hexaghost","floor":16,"turns":8},{"damage":0,"enemies":"3 Byrds","floor":18,"turns":3},{"damage":2,"enemies":"Chosen","floor":21,"turns":4},{"damage":22,"enemies":"Sentry and Sphere","floor":22,"turns":7},{"damage":34,"enemies":"Gremlin Leader","floor":23,"turns":5}],"seed_played":"-5740320489622279327","potions_obtained":[{"floor":1,"key":"Energy Potion"},{"floor":14,"key":"SpeedPotion"},{"floor":16,"key":"EssenceOfSteel"},{"floor":18,"key":"GamblersBrew"},{"floor":22,"key":"AttackPotion"}],"is_trial":false,"path_per_floor":["M","M","$","T","?","R","E","R","T","M","?","$","R","M","R","B",null,"M","?","?","M","M","E"],"character_chosen":"THE_SILENT","items_purchased":["Terror"],"campfire_rested":1,"item_purchase_floors":[3],"current_hp_per_floor":[70,68,68,68,68,68,46,46,46,43,36,36,36,36,57,54,70,70,70,54,52,30,0],"gold":203,"neow_bonus":"THREE_CARDS","is_prod":false,"is_daily":false,"chose_seed":false,"campfire_upgraded":3,"win_rate":0,"timestamp":1557880232,"path_taken":["M","?","$","?","?","R","E","R","T","M","?","?","R","M","R","BOSS","M","?","?","M","?","E"],"build_version":"2019-05-07","purchased_purges":1,"victory":false,"max_hp_per_floor":[70,70,70,70,70,70,70,70,70,70,70,70,70,70,70,70,70,70,70,70,70,70,70],"card_choices":[{"not_picked":["Sucker Punch","Eviscerate"],"picked":"All Out Attack","floor":0},{"not_picked":["Sucker Punch","Cloak And Dagger"],"picked":"Crippling Poison","floor":1},{"not_picked":["Slice","Outmaneuver"],"picked":"Deadly Poison","floor":2},{"not_picked":["Acrobatics","Deflect"],"picked":"Dodge and Roll","floor":7},{"not_picked":["Dagger Throw","Riddle With Holes"],"picked":"Bane","floor":10},{"not_picked":["Skewer","Dodge and Roll"],"picked":"Dagger Spray","floor":14},{"not_picked":["Glass Knife","Storm of Steel"],"picked":"A Thousand Cuts","floor":16},{"not_picked":["Dash+1","Quick Slash"],"picked":"Flying Knee+1","floor":18},{"not_picked":["Sucker Punch+1","Dagger Throw"],"picked":"PiercingWail+1","floor":21},{"not_picked":["Dagger Throw","Dagger Spray"],"picked":"Backstab","floor":22}],"player_experience":375414,"relics_obtained":[{"floor":4,"key":"The Courier"},{"floor":7,"key":"Shuriken"},{"floor":9,"key":"Snake Skull"},{"floor":20,"key":"Necronomicon"}],"event_choices":[{"cards_removed":["Strike_G"],"damage_healed":0,"gold_gain":0,"player_choice":"Card Removal","damage_taken":0,"max_hp_gain":0,"max_hp_loss":0,"event_name":"The Cleric","floor":5,"gold_loss":50},{"cards_removed":["Defend_G"],"damage_healed":0,"gold_gain":0,"player_choice":"Card Removal","damage_taken":7,"max_hp_gain":0,"max_hp_loss":0,"event_name":"Golden Wing","floor":11,"gold_loss":0},{"damage_healed":0,"gold_gain":0,"player_choice":"Simplicity","damage_taken":0,"max_hp_gain":0,"max_hp_loss":0,"event_name":"Back to Basics","floor":19,"gold_loss":0,"cards_upgraded":["Defend_G","Defend_G","Defend_G","Defend_G","Strike_G","Strike_G","Strike_G"]},{"damage_healed":0,"gold_gain":0,"player_choice":"Obtained Book","damage_taken":16,"max_hp_gain":0,"max_hp_loss":0,"event_name":"Cursed Tome","floor":20,"gold_loss":0}],"is_beta":true,"boss_relics":[{"not_picked":["HoveringKite","Runic Dome"],"picked":"Ring of the Serpent"}],"items_purged_floors":[12],"is_endless":false,"potions_floor_spawned":[1,14,16,18,22],"killed_by":"Gremlin Leader","ascension_level":0}