{"gold_per_floor":[110,130,130,146,146,174,174,138,217,235,113,130,130,150,150,252,252,270,287,81,81,107,107,138,155,181,81,81,114,114,128,128,230,230,245,245,265,140,150,150,150,150,200,200,211,229,239,250,250,250],"floor_reached":51,"playtime":2721,"items_purged":["Strike_B","Strike_B","Strike_B"],"score":753,"play_id":"aa2941f9-01f1-4f9a-b940-ba49de56033e","local_time":"20190413020900","is_ascension_mode":true,"campfire_choices":[{"data":"Zap","floor":7,"key":"SMITH"},{"data":"Streamline","floor":13,"key":"SMITH"},{"floor":15,"key":"REST"},{"floor":23,"key":"REST"},{"data":"Hologram","floor":30,"key":"SMITH"},{"floor":32,"key":"REST"},{"floor":40,"key":"DIG"},{"floor":44,"key":"DIG"},{"floor":49,"key":"REST"}],"neow_cost":"NONE","seed_source_timestamp":1231079679771030,"circlet_count":0,"master_deck":["Defend_B","Defend_B+1","Defend_B","Defend_B","Zap+1","Dualcast+1","Gash+1","Chill+1","Melter","Cold Snap","Streamline+1","Go for the Eyes","All For One","Beam Cell","Hologram+1","Gash","Leap","All For One","Go for the Eyes","Gash","Steam","Gash+1","Chill","Steam+1","Self Repair+1","Turbo+1","Panache","Flash of Steel","Beam Cell+1","Gash+1","Reboot"],"relics":["Cracked Core","NeowsBlessing","Lantern","Matryoshka","Orrery","Juzu Bracelet","Red Mask","Pear","Vajra","Blood Vial","Prayer Wheel","Calling Bell","War Paint","Darkstone Periapt","Shovel","Centennial Puzzle","Anchor","Bronze Scales","Dream Catcher"],"potions_floor_usage":[50,50,50],"damage_taken":[{"damage":0,"enemies":"Cultist","floor":1,"turns":1},{"damage":0,"enemies":"Jaw Worm","floor":2,"turns":1},{"damage":0,"enemies":"2 Louse","floor":4,"turns":1},{"damage":24,"enemies":"Gremlin Nob","floor":6,"turns":5},{"damage":4,"enemies":"Exordium Wildlife","floor":10,"turns":3},{"damage":0,"enemies":"Lots of Slimes","floor":12,"turns":5},{"damage":5,"enemies":"Large Slime","floor":14,"turns":4},{"damage":18,"enemies":"The Guardian","floor":16,"turns":12},{"damage":8,"enemies":"Shell Parasite","floor":18,"turns":4},{"damage":0,"enemies":"Spheric Guardian","floor":19,"turns":2},{"damage":24,"enemies":"Masked Bandits","floor":22,"turns":4},{"damage":29,"enemies":"Slavers","floor":24,"turns":7},{"damage":3,"enemies":"Centurion and Healer","floor":25,"turns":5},{"damage":1,"enemies":"Gremlin Leader","floor":29,"turns":7},{"damage":0,"enemies":"Shelled Parasite and Fungi","floor":31,"turns":2},{"damage":62,"enemies":"Collector","floor":33,"turns":9},{"damage":2,"enemies":"3 Shapes","floor":35,"turns":7},{"damage":5,"enemies":"Orb Walker","floor":37,"turns":3},{"damage":22,"enemies":"4 Shapes","floor":39,"turns":7},{"damage":3,"enemies":"Transient","floor":45,"turns":5},{"damage":3,"enemies":"3 Darklings","floor":46,"turns":3},{"damage":3,"enemies":"Jaw Worm Horde","floor":47,"turns":3},{"damage":20,"enemies":"Transient","floor":48,"turns":5},{"damage":16,"enemies":"Awakened One","floor":50,"turns":8}],"seed_played":"8338135353637496399","potions_obtained":[{"floor":6,"key":"Ancient Potion"},{"floor":10,"key":"Dexterity Potion"},{"floor":12,"key":"SmokeBomb"},{"floor":48,"key":"Fire Potion"}],"is_trial":false,"path_per_floor":["M","M","?","M","?","E","R","$","T","M","$","M","R","M","R","B",null,"M","M","$","?","?","R","E","M","T","$","?","E","R","M","R","B",null,"M","?","M","$","M","R","$","?","T","R","M","M","M","M","R","B",null],"character_chosen":"DEFECT","items_purchased":["Melter","Streamline","Gash","Juzu Bracelet"],"campfire_rested":4,"item_purchase_floors":[8,11,20,20],"current_hp_per_floor":[75,75,75,75,60,36,36,36,36,32,32,32,32,27,49,31,75,67,67,67,67,43,65,46,43,43,43,43,44,44,46,71,11,85,83,73,80,80,70,70,70,70,70,70,69,78,77,69,81,65],"gold":250,"neow_bonus":"THREE_ENEMY_KILL","is_prod":false,"is_daily":false,"chose_seed":false,"campfire_upgraded":3,"win_rate":0,"timestamp":1555088940,"path_taken":["M","?","?","M","?","E","R","?","T","M","$","M","R","M","R","BOSS","M","M","$","?","?","R","E","M","T","$","?","E","R","M","R","BOSS","M","?","M","$","M","R","$","?","T","R","M","M","M","M","R","BOSS"],"build_version":"2019-01-23","purchased_purges":3,"victory":true,"max_hp_per_floor":[75,75,75,75,75,75,75,75,75,75,75,75,75,75,75,75,75,75,75,75,75,75,75,85,85,85,85,85,85,85,85,85,85,85,85,85,85,85,85,85,85,81,81,81,81,81,81,81,81,81],"card_choices":[{"not_picked":["Leap","Sweeping Beam"],"picked":"Gash","floor":1},{"not_picked":["Lockon","Auto Shields","Darkness"],"picked":"SKIP","floor":2},{"not_picked":["Heatsinks","Turbo"],"picked":"Chill","floor":4},{"not_picked":["Stack","Steam Power","Machine Learning"],"picked":"SKIP","floor":6},{"not_picked":["Compile Driver","Blizzard"],"picked":"Cold Snap","floor":10},{"not_picked":["Streamline","Darkness"],"picked":"Go for the Eyes","floor":12},{"not_picked":["Recycle","Stack","Aggregate"],"picked":"SKIP","floor":14},{"not_picked":["Biased Cognition","Seek"],"picked":"All For One","floor":16},{"not_picked":["Rebound","Cold Snap"],"picked":"Beam Cell","floor":17},{"not_picked":["Sweeping Beam","Leap"],"picked":"Hologram","floor":17},{"not_picked":["Hyperbeam","Beam Cell"],"picked":"Gash","floor":17},{"not_picked":["Barrage","Coolheaded"],"picked":"Leap","floor":17},{"not_picked":["Stack","Conserve Battery"],"picked":"All For One","floor":18},{"not_picked":["Steam Power+1","Tempest"],"picked":"Go for the Eyes","floor":19},{"not_picked":["Cold Snap","Conserve Battery"],"picked":"Steam","floor":22},{"not_picked":["Consume+1","White Noise","Steam Power"],"picked":"SKIP","floor":24},{"not_picked":["Streamline","Stack","Ball Lightning"],"picked":"SKIP","floor":25},{"not_picked":["Echo Form","Barrage","Redo+1"],"picked":"SKIP","floor":29},{"not_picked":["Coolheaded+1","Steam Power"],"picked":"Chill","floor":31},{"not_picked":["Coolheaded","Ball Lightning"],"picked":"Steam+1","floor":31},{"not_picked":["Sweeping Beam","White Noise+1"],"picked":"Self Repair+1","floor":35},{"not_picked":["Barrage+1","Compile Driver"],"picked":"Turbo+1","floor":35},{"not_picked":["Enlightenment","Purity"],"picked":"Panache","floor":36},{"not_picked":["Panacea","Good Instincts"],"picked":"Flash of Steel","floor":36},{"not_picked":["Ball Lightning","Hello World","Beam Cell"],"picked":"SKIP","floor":37},{"not_picked":["Compile Driver+1","Redo+1","Loop"],"picked":"SKIP","floor":37},{"not_picked":["Streamline+1","Leap"],"picked":"Beam Cell+1","floor":39},{"not_picked":["Barrage","Compile Driver","Streamline"],"picked":"SKIP","floor":39},{"not_picked":["Cold Snap+1","Glacier","Compile Driver"],"picked":"SKIP","floor":45},{"not_picked":["Undo","Barrage+1","Go for the Eyes+1"],"picked":"SKIP","floor":45},{"not_picked":["Double Energy","Hyperbeam","Leap+1"],"picked":"SKIP","floor":46},{"not_picked":["Melter","Skim","Sweeping Beam"],"picked":"SKIP","floor":46},{"not_picked":["Reprogram","Coolheaded+1","Genetic Algorithm"],"picked":"SKIP","floor":47},{"not_picked":["Rebound+1","Barrage+1","Go for the Eyes+1"],"picked":"SKIP","floor":47},{"not_picked":["Hello World+1","Chill"],"picked":"Gash+1","floor":48},{"not_picked":["Rebound","Sweeping Beam","Compile Driver+1"],"picked":"SKIP","floor":48},{"not_picked":["Recycle+1","Ball Lightning"],"picked":"Reboot","floor":49}],"player_experience":211368,"relics_obtained":[{"floor":6,"key":"Lantern"},{"floor":9,"key":"Matryoshka"},{"floor":22,"key":"Red Mask"},{"floor":24,"key":"Pear"},{"floor":26,"key":"Vajra"},{"floor":26,"key":"Blood Vial"},{"floor":29,"key":"Prayer Wheel"},{"floor":34,"key":"War Paint"},{"floor":34,"key":"Darkstone Periapt"},{"floor":34,"key":"Shovel"},{"floor":40,"key":"Centennial Puzzle"},{"floor":43,"key":"Anchor"},{"floor":43,"key":"Bronze Scales"},{"floor":44,"key":"Dream Catcher"}],"event_choices":[{"cards_removed":["Strike_B"],"damage_healed":0,"gold_gain":0,"player_choice":"Forget","damage_taken":0,"max_hp_gain":0,"max_hp_loss":0,"event_name":"Living Wall","floor":3,"gold_loss":0},{"damage_healed":0,"gold_gain":0,"player_choice":"Entered Light","damage_taken":15,"max_hp_gain":0,"max_hp_loss":0,"event_name":"Shining Light","floor":5,"gold_loss":0,"cards_upgraded":["Gash","Chill"]},{"damage_healed":0,"gold_gain":0,"player_choice":"Ignored","damage_taken":0,"max_hp_gain":0,"max_hp_loss":0,"event_name":"Cursed Tome","floor":21,"gold_loss":0},{"damage_healed":0,"gold_gain":0,"player_choice":"Fought Bandits","damage_taken":0,"max_hp_gain":0,"max_hp_loss":0,"event_name":"Masked Bandits","floor":22,"gold_loss":0},{"damage_healed":0,"gold_gain":0,"player_choice":"Copied","damage_taken":0,"max_hp_gain":0,"max_hp_loss":0,"event_name":"Duplicator","floor":28,"gold_loss":0,"cards_obtained":["Gash"]},{"damage_healed":0,"gold_gain":0,"player_choice":"Memory 3","damage_taken":10,"max_hp_gain":0,"max_hp_loss":0,"event_name":"SensoryStone","floor":36,"gold_loss":0},{"damage_healed":0,"gold_gain":0,"player_choice":"Max HP","damage_taken":0,"max_hp_gain":0,"max_hp_loss":4,"event_name":"Winding Halls","floor":42,"gold_loss":0}],"is_beta":false,"boss_relics":[{"not_picked":["Ectoplasm","Eternal Feather"],"picked":"Orrery"},{"not_picked":["FrozenCore","Philosopher\u0027s Stone"],"picked":"Calling Bell"}],"items_purged_floors":[11,27,38],"is_endless":false,"potions_floor_spawned":[6,10,12,14,18,22,31,39,48],"ascension_level":2}