{"gold_per_floor":[116,135,310,39,4,4,19,36,36,36,46,57,68,143,143,241,241,223,8,20,20,20,51,51,321,347,347,347,347],"floor_reached":29,"playtime":1122,"items_purged":["Decay","Doubt"],"score":233,"play_id":"abf295fc-3b02-4d4b-b036-d39d9bffe063","local_time":"20180830210742","is_ascension_mode":false,"campfire_choices":[{"data":"Zap","floor":6,"key":"SMITH"},{"floor":15,"key":"REST"},{"floor":24,"key":"REST"},{"floor":27,"key":"REST"}],"neow_cost":"CURSE","seed_source_timestamp":1130489986082362,"circlet_count":0,"master_deck":["Strike_B","Strike_B","Strike_B+1","Strike_B","Defend_B","Defend_B","Defend_B","Defend_B","Zap+1","Dualcast","Thunder Strike","Leap","Turbo","Static Discharge+1","Glacier","FTL","Self Repair","Defragment","FTL","Rip and Tear","Capacitor","Seek","Go for the Eyes","Melter","Consume","Redo","J.A.X.","Consume"],"relics":["Cracked Core","Happy Flower","Inserter","Bottled Flame","Boot","Molten Egg 2"],"potions_floor_usage":[23],"damage_taken":[{"damage":10,"enemies":"Jaw Worm","floor":1,"turns":3},{"damage":4,"enemies":"2 Louse","floor":2,"turns":3},{"damage":0,"enemies":"Cultist","floor":7,"turns":3},{"damage":6,"enemies":"2 Fungi Beasts","floor":8,"turns":5},{"damage":6,"enemies":"Looter","floor":11,"turns":2},{"damage":7,"enemies":"Blue Slaver","floor":12,"turns":4},{"damage":6,"enemies":"Large Slime","floor":13,"turns":2},{"damage":49,"enemies":"Slime Boss","floor":16,"turns":10},{"damage":26,"enemies":"2 Thieves","floor":18,"turns":4},{"damage":0,"enemies":"Spheric Guardian","floor":20,"turns":2},{"damage":25,"enemies":"Book of Stabbing","floor":23,"turns":5},{"damage":33,"enemies":"Gremlin Leader","floor":29,"turns":2}],"seed_played":"-6537857538765495578","potions_obtained":[{"floor":1,"key":"EssenceOfSteel"},{"floor":11,"key":"GamblersBrew"},{"floor":13,"key":"FearPotion"},{"floor":18,"key":"Dexterity Potion"},{"floor":23,"key":"Dexterity Potion"}],"is_trial":false,"path_per_floor":["M","M","?","$","?","R","M","M","T","?","M","M","M","?","R","B",null,"M","$","M","?","?","E","R","?","T","R","T"],"character_chosen":"DEFECT","items_purchased":["Static Discharge","Glacier","FTL","Melter","Consume"],"campfire_rested":3,"item_purchase_floors":[4,4,4,19,19],"current_hp_per_floor":[65,61,61,61,75,75,75,75,75,60,54,47,48,37,59,10,75,49,49,49,35,35,17,41,9,9,33,33,0],"gold":347,"neow_bonus":"THREE_RARE_CARDS","is_prod":false,"is_daily":false,"chose_seed":false,"campfire_upgraded":1,"win_rate":0,"timestamp":1535677662,"path_taken":["M","M","?","$","?","R","M","M","T","?","M","?","M","?","R","BOSS","M","$","M","?","?","E","R","?","T","R","?","E"],"build_version":"2018-08-23v2","purchased_purges":2,"victory":false,"max_hp_per_floor":[75,75,75,75,75,75,75,75,75,75,75,75,75,75,75,75,75,75,75,75,80,80,80,80,80,80,80,80,80],"card_choices":[{"not_picked":["Biased Cognition","Meteor Strike"],"picked":"Thunder Strike","floor":0},{"not_picked":["Reinforced Body","Hologram"],"picked":"Leap","floor":1},{"not_picked":["Aggregate","Skim"],"picked":"Turbo","floor":2},{"not_picked":["Steam","Stack"],"picked":"Self Repair","floor":7},{"not_picked":["Beam Cell","Melter"],"picked":"Defragment","floor":8},{"not_picked":["Steam Power","Beam Cell"],"picked":"FTL","floor":11},{"not_picked":["Reprogram","Coolheaded"],"picked":"Rip and Tear","floor":12},{"not_picked":["Stack","Rebound"],"picked":"Capacitor","floor":13},{"not_picked":["Amplify","Hyperbeam"],"picked":"Seek","floor":16},{"not_picked":["Beam Cell","Compile Driver+1"],"picked":"Go for the Eyes","floor":18},{"not_picked":["Steam","Storm"],"picked":"Redo","floor":20},{"not_picked":["Heatsinks","Capacitor"],"picked":"Consume","floor":23}],"player_experience":87835,"relics_obtained":[{"floor":9,"key":"Happy Flower"},{"floor":23,"key":"Bottled Flame"},{"floor":26,"key":"Boot"},{"floor":28,"key":"Molten Egg 2"}],"event_choices":[{"event_name":"Liars Game","player_choice":"agreed","floor":3,"damage_taken":0},{"event_name":"The Cleric","player_choice":"Healed","floor":5,"damage_taken":0},{"event_name":"Shining Light","player_choice":"Entered Light","floor":10,"damage_taken":0},{"event_name":"World of Goop","player_choice":"Gather Gold","floor":14,"damage_taken":0},{"event_name":"Forgotten Altar","player_choice":"Shed Blood","floor":21,"damage_taken":0},{"event_name":"Drug Dealer","player_choice":"Got JAX","floor":22,"damage_taken":0},{"event_name":"Knowing Skull","player_choice":"GOLD GOLD GOLD ","floor":25,"damage_taken":0}],"is_beta":false,"boss_relics":[{"not_picked":["Calling Bell","Fusion Hammer"],"picked":"Inserter"}],"items_purged_floors":[4,19],"is_endless":false,"potions_floor_spawned":[1,11,13,18,23],"killed_by":"Gremlin Leader","ascension_level":0}