{"gold_per_floor":[117,133,208,11,29,29,29,304,304,304,324,11,21,36,36,132,132,150,150,161,161,161],"floor_reached":22,"playtime":1096,"items_purged":[],"score":176,"play_id":"e8236343-0927-4a4a-b4b9-541f73b82a88","local_time":"20180821174330","is_ascension_mode":false,"campfire_choices":[{"data":"Zap","floor":6,"key":"SMITH"},{"floor":10,"key":"REST"},{"floor":15,"key":"REST"}],"neow_cost":"","seed_source_timestamp":340550227995142,"circlet_count":0,"master_deck":["Strike_B","Strike_B","Strike_B","Strike_B","Defend_B","Defend_B","Defend_B","Defend_B","Zap+1","Dualcast","Redo","Rebound","Cold Snap","Aggregate","Redo","Zap+1","Capacitor","Undo","Redo","White Noise","Machine Learning","White Noise","Conserve Battery","Necronomicurse"],"relics":["FrozenCore","Happy Flower","Strawberry","Question Card","DollysMirror","Necronomicon"],"potions_floor_usage":[22,22],"damage_taken":[{"damage":3,"enemies":"2 Louse","floor":1,"turns":3},{"damage":6,"enemies":"Jaw Worm","floor":2,"turns":3},{"damage":1,"enemies":"Cultist","floor":5,"turns":3},{"damage":10,"enemies":"Blue Slaver","floor":11,"turns":3},{"damage":25,"enemies":"Lots of Slimes","floor":13,"turns":5},{"damage":2,"enemies":"3 Louse","floor":14,"turns":2},{"damage":57,"enemies":"The Guardian","floor":16,"turns":14},{"damage":25,"enemies":"Shell Parasite","floor":18,"turns":10},{"damage":12,"enemies":"3 Byrds","floor":20,"turns":4},{"damage":32,"enemies":"Centurion and Healer","floor":22,"turns":9}],"seed_played":"-4206215086882973715","potions_obtained":[{"floor":1,"key":"Dexterity Potion"},{"floor":11,"key":"SkillPotion"},{"floor":13,"key":"Weak Potion"},{"floor":16,"key":"Poison Potion"}],"is_trial":false,"path_per_floor":["M","M","?","$","M","R","?","?","T","R","M","$","M","M","R","B",null,"M","?","M","?"],"character_chosen":"DEFECT","items_purchased":["Happy Flower","Cold Snap","DollysMirror","Capacitor","Undo"],"campfire_rested":2,"item_purchase_floors":[4,4,12,12,12],"current_hp_per_floor":[72,66,55,55,54,54,61,61,61,82,72,72,47,45,69,19,82,57,57,45,29,0],"gold":161,"neow_bonus":"","is_prod":false,"is_daily":false,"chose_seed":false,"campfire_upgraded":1,"win_rate":0,"timestamp":1534887810,"path_taken":["M","M","?","$","M","R","?","?","T","R","M","$","M","M","R","BOSS","M","?","M","?","?"],"build_version":"2018-08-16","purchased_purges":0,"victory":false,"max_hp_per_floor":[75,75,75,75,75,75,82,82,82,82,82,82,82,82,82,82,82,82,82,82,82,82],"card_choices":[{"not_picked":["Conserve Battery","Reinforced Body"],"picked":"Redo","floor":1},{"not_picked":["Steam","Hello World"],"picked":"Rebound","floor":2},{"not_picked":["Recycle","Stack"],"picked":"Aggregate","floor":5},{"not_picked":["Go for the Eyes","Force Field","Compile Driver"],"picked":"Redo","floor":11},{"not_picked":["Turbo","Leap","Stack"],"picked":"Redo","floor":13},{"not_picked":["Stack","Loop","Go for the Eyes"],"picked":"White Noise","floor":14},{"not_picked":["Meteor Strike","Creative AI","Reboot"],"picked":"Machine Learning","floor":16},{"not_picked":["BootSequence","Go for the Eyes","Force Field"],"picked":"White Noise","floor":18},{"not_picked":["Loop","FTL","Stack"],"picked":"Conserve Battery","floor":20}],"player_experience":65823,"relics_obtained":[{"floor":9,"key":"Question Card"},{"floor":21,"key":"Necronomicon"}],"event_choices":[{"event_name":"World of Goop","player_choice":"Gather Gold","floor":3,"damage_taken":0},{"event_name":"WeMeetAgain","player_choice":"Potion","floor":7,"damage_taken":0},{"event_name":"Golden Shrine","player_choice":"Desecrate","floor":8,"damage_taken":0},{"event_name":"Fountain of Cleansing","player_choice":"Removed Curse","floor":19,"damage_taken":0},{"event_name":"Cursed Tome","player_choice":"Obtained Book","floor":21,"damage_taken":0}],"is_beta":false,"boss_relics":[{"not_picked":["Cursed Key","Calling Bell"],"picked":"FrozenCore"}],"items_purged_floors":[],"is_endless":false,"potions_floor_spawned":[1,11,13,16,18],"killed_by":"Centurion and Healer","ascension_level":0}