{"gold_per_floor":[119,119,194,194,208,251,251,287,340,340,40,59,59,84,84,183,183,199,199,124,148,148,148,0,125,195,195,209,209,209,227,227,317,317,331,664,351,365,382,382,401,401,401,401,401,413,413,433,433,433],"floor_reached":51,"playtime":2512,"items_purged":["Strike_R","Strike_R"],"score":1250,"play_id":"769dab12-0240-46ff-9165-2f6a8f868f18","local_time":"20190522142820","is_ascension_mode":true,"campfire_choices":[{"data":"Armaments","floor":7.0,"key":"SMITH"},{"data":"Searing Blow","floor":10.0,"key":"SMITH"},{"data":"Searing Blow+1","floor":13.0,"key":"SMITH"},{"data":"Searing Blow+2","floor":15.0,"key":"SMITH"},{"data":"Searing Blow+3","floor":23.0,"key":"SMITH"},{"data":"Searing Blow+4","floor":27.0,"key":"SMITH"},{"data":"Searing Blow+5","floor":32.0,"key":"SMITH"},{"data":"Searing Blow+6","floor":40.0,"key":"SMITH"},{"data":"Searing Blow+7","floor":44,"key":"SMITH"},{"data":"Searing Blow+8","floor":47,"key":"SMITH"},{"data":"Searing Blow+9","floor":49,"key":"SMITH"}],"neow_cost":"NONE","seed_source_timestamp":24610744012500,"circlet_count":0,"master_deck":["AscendersBane","Strike_R","Defend_R","Defend_R","Defend_R","Defend_R","Bash","Cleave","Searing Blow+10","Armaments+1","Pommel Strike","Feed","Shrug It Off","Flame Barrier","Brutality","Armaments","Armaments+1","Disarm+1","Burning Pact","Necronomicurse","Barricade","Rage","Seeing Red","Madness","Madness","Perfected Strike","True Grit"],"special_seed":0,"relics":["Burning Blood","NeowsBlessing","Pen Nib","Bag of Marbles","Lantern","Bottled Flame","Eternal Feather","Shovel","Bottled Lightning","Mercury Hourglass","Necronomicon","Mummified Hand","Busted Crown","ClockworkSouvenir","Self Forming Clay"],"potions_floor_usage":[50,50],"damage_taken":[{"damage":0.0,"enemies":"Small Slimes","floor":1.0,"turns":1.0},{"damage":0.0,"enemies":"2 Louse","floor":5.0,"turns":1.0},{"damage":0.0,"enemies":"3 Sentries","floor":6.0,"turns":2.0},{"damage":18.0,"enemies":"Gremlin Nob","floor":8.0,"turns":4.0},{"damage":0.0,"enemies":"Cultist","floor":12.0,"turns":1.0},{"damage":0.0,"enemies":"Blue Slaver","floor":14.0,"turns":1.0},{"damage":41.0,"enemies":"Hexaghost","floor":16.0,"turns":9.0},{"damage":10.0,"enemies":"2 Thieves","floor":18.0,"turns":4.0},{"damage":18.0,"enemies":"3 Byrds","floor":21.0,"turns":7.0},{"damage":0.0,"enemies":"Colosseum Slavers","floor":25.0,"turns":6.0},{"damage":4.0,"enemies":"Colosseum Nobs","floor":25.0,"turns":7.0},{"damage":3.0,"enemies":"3 Cultists","floor":28.0,"turns":4.0},{"damage":0.0,"enemies":"Centurion and Healer","floor":31.0,"turns":6.0},{"damage":40.0,"enemies":"Collector","floor":33.0,"turns":5.0},{"damage":0.0,"enemies":"Orb Walker","floor":35.0,"turns":1.0},{"damage":34.0,"enemies":"3 Darklings","floor":38.0,"turns":6.0},{"damage":0.0,"enemies":"Sphere and 2 Shapes","floor":39.0,"turns":3.0},{"damage":10,"enemies":"4 Shapes","floor":41,"turns":3},{"damage":0,"enemies":"Writhing Mass","floor":46,"turns":1},{"damage":0,"enemies":"Spire Growth","floor":48,"turns":1},{"damage":80,"enemies":"Awakened One","floor":50,"turns":8}],"seed_played":"-2741818722386650047","potions_obtained":[{"floor":6.0,"key":"SteroidPotion"},{"floor":8.0,"key":"Explosive Potion"},{"floor":12.0,"key":"Ancient Potion"},{"floor":18.0,"key":"Poison Potion"},{"floor":25.0,"key":"GamblersBrew"},{"floor":28.0,"key":"Fruit Juice"},{"floor":31.0,"key":"PowerPotion"}],"is_trial":false,"path_per_floor":["M","?","?","?","M","E","R","E","T","R","$","M","R","M","R","B",null,"M","?","$","M","?","R","?","?","T","R","M","?","T","M","R","B",null,"M","?","$","M","M","R","M","?","T","R","?","M","R","M","R","B",null],"character_chosen":"IRONCLAD","items_purchased":["Bottled Flame","Shrug It Off","ClockworkSouvenir"],"campfire_rested":0,"item_purchase_floors":[11,11,37],"current_hp_per_floor":[74,74,63,37,43,49,49,37,37,37,37,43,43,49,49,14,60,56,56,56,47,47,56,56,71,71,83,90,69,69,75,87,53,81,87,87,87,59,65,77,73,57,57,72,72,78,90,90,90,20],"gold":433,"neow_bonus":"THREE_ENEMY_KILL","is_prod":false,"is_daily":false,"chose_seed":false,"campfire_upgraded":11,"win_rate":0,"timestamp":1558556900,"path_taken":["M","?","?","?","M","E","R","E","T","R","$","M","R","M","R","BOSS","M","?","$","?","?","R","?","?","T","R","M","?","?","M","R","BOSS","M","?","$","M","M","R","M","?","T","R","?","?","R","M","R","BOSS"],"build_version":"2019-01-23","purchased_purges":2,"victory":true,"max_hp_per_floor":[75,75,75,75,75,75,75,75,75,75,75,75,75,75,75,75,75,75,75,75,78,78,78,78,85,85,85,90,90,90,90,90,90,90,90,90,90,90,90,90,90,90,90,90,90,90,90,90,90,94],"card_choices":[{"not_picked":["Iron Wave","Heavy Blade"],"picked":"Cleave","floor":1.0},{"not_picked":["True Grit","Body Slam"],"picked":"Armaments","floor":5.0},{"not_picked":["Blood for Blood","Heavy Blade"],"picked":"Pommel Strike","floor":6.0},{"not_picked":["Exhume","Twin Strike"],"picked":"Feed","floor":8.0},{"not_picked":["Rupture","Cleave","Iron Wave"],"picked":"SKIP","floor":12.0},{"not_picked":["Twin Strike","Clothesline"],"picked":"Flame Barrier","floor":14.0},{"not_picked":["Reaper","Demon Form"],"picked":"Brutality","floor":16.0},{"not_picked":["Burning Pact","Iron Wave"],"picked":"Armaments","floor":18.0},{"not_picked":["Evolve","Twin Strike","Flame Barrier"],"picked":"SKIP","floor":21.0},{"not_picked":["Armaments+1","Anger"],"picked":"Disarm+1","floor":25.0},{"not_picked":["Searing Blow+1","True Grit"],"picked":"Burning Pact","floor":28.0},{"not_picked":["Body Slam","Flex","Cleave"],"picked":"SKIP","floor":31.0},{"not_picked":["Feed","Demon Form"],"picked":"Barricade","floor":33.0},{"not_picked":["Shrug It Off"],"picked":"SKIP","floor":35.0},{"not_picked":[],"picked":"Rage","floor":38.0},{"not_picked":["Inflame+1"],"picked":"SKIP","floor":39.0},{"not_picked":[],"picked":"Seeing Red","floor":41},{"not_picked":[],"picked":"True Grit","floor":46},{"not_picked":["Thunderclap"],"picked":"SKIP","floor":48}],"player_experience":770698,"relics_obtained":[{"floor":6.0,"key":"Pen Nib"},{"floor":8.0,"key":"Bag of Marbles"},{"floor":9.0,"key":"Lantern"},{"floor":25.0,"key":"Shovel"},{"floor":25.0,"key":"Bottled Lightning"},{"floor":26.0,"key":"Mercury Hourglass"},{"floor":29.0,"key":"Necronomicon"},{"floor":30.0,"key":"Mummified Hand"},{"floor":43,"key":"Self Forming Clay"}],"event_choices":[{"damage_healed":0.0,"max_hp_gain":0.0,"max_hp_loss":0.0,"gold_gain":0.0,"cards_transformed":["Strike_R"],"event_name":"Living Wall","player_choice":"Change","floor":2.0,"gold_loss":0.0,"damage_taken":0.0,"cards_obtained":["Searing Blow"]},{"damage_healed":0.0,"max_hp_gain":0.0,"max_hp_loss":0.0,"gold_gain":75.0,"event_name":"World of Goop","player_choice":"Gather Gold","floor":3.0,"gold_loss":0.0,"damage_taken":11.0},{"damage_healed":0.0,"max_hp_gain":0.0,"max_hp_loss":0.0,"gold_gain":0.0,"event_name":"Golden Idol","player_choice":"Take Damage","floor":4.0,"gold_loss":0.0,"damage_taken":26.0,"relics_obtained":["Golden Idol"]},{"damage_healed":0.0,"max_hp_gain":0.0,"max_hp_loss":0.0,"gold_gain":0.0,"event_name":"Duplicator","player_choice":"Copied","floor":19.0,"gold_loss":0.0,"damage_taken":0.0,"cards_obtained":["Armaments"]},{"damage_healed":0.0,"max_hp_gain":0.0,"max_hp_loss":0.0,"gold_gain":0.0,"event_name":"The Mausoleum","player_choice":"Ignored","floor":22.0,"gold_loss":0.0,"damage_taken":0.0},{"damage_healed":0.0,"max_hp_gain":0.0,"max_hp_loss":0.0,"gold_gain":0.0,"event_name":"Masked Bandits","player_choice":"Paid Fearfully","floor":24.0,"gold_loss":148.0,"damage_taken":0.0},{"damage_healed":0.0,"max_hp_gain":0.0,"max_hp_loss":0.0,"gold_gain":0.0,"event_name":"Colosseum","player_choice":"Fight","floor":25.0,"gold_loss":0.0,"damage_taken":0.0},{"damage_healed":0.0,"max_hp_gain":0.0,"max_hp_loss":0.0,"gold_gain":0.0,"event_name":"Colosseum","player_choice":"Fought Nobs","floor":25.0,"gold_loss":0.0,"damage_taken":0.0},{"damage_healed":0.0,"max_hp_gain":0.0,"max_hp_loss":0.0,"gold_gain":0.0,"event_name":"Cursed Tome","player_choice":"Obtained Book","floor":29.0,"gold_loss":0.0,"damage_taken":21.0},{"damage_healed":0.0,"max_hp_gain":0.0,"max_hp_loss":0.0,"gold_gain":333.0,"event_name":"The Moai Head","player_choice":"Gave Idol","floor":36.0,"relics_lost":["Golden Idol"],"gold_loss":0.0,"damage_taken":0.0},{"damage_healed":0,"gold_gain":0,"player_choice":"Embrace Madness","damage_taken":16,"max_hp_gain":0,"max_hp_loss":0,"event_name":"Winding Halls","floor":42,"gold_loss":0,"cards_obtained":["Madness","Madness"]},{"damage_healed":0,"gold_gain":0,"cards_transformed":["Strike_R"],"player_choice":"Transformed","damage_taken":0,"max_hp_gain":0,"max_hp_loss":0,"event_name":"Transmorgrifier","floor":45,"gold_loss":0,"cards_obtained":["Perfected Strike"]}],"is_beta":false,"boss_relics":[{"not_picked":["Black Blood","Calling Bell"],"picked":"Eternal Feather"},{"not_picked":["Sozu","Lizard Tail"],"picked":"Busted Crown"}],"items_purged_floors":[20,37],"is_endless":false,"potions_floor_spawned":[6,8,12,18,25,28,31,39,41,48],"ascension_level":16}