{"gold_per_floor":[113,113,113,136,136,136,179,179,251,265,265,285,301,320,320,444,444,464,140,140,158,12,12,48,48,48,48,48],"floor_reached":28,"playtime":1081,"items_purged":["Strike_B"],"score":283,"play_id":"08be82f6-1c28-4f1e-ab70-1ea19934260a","local_time":"20190417162149","is_ascension_mode":true,"campfire_choices":[{"floor":6,"key":"REST"},{"floor":11,"key":"REST"},{"data":"Streamline","floor":15,"key":"SMITH"},{"floor":23,"key":"REST"},{"data":"Defragment","floor":27,"key":"SMITH"}],"neow_cost":"NONE","seed_source_timestamp":1629492881877439,"circlet_count":0,"master_deck":["Defend_B","Defend_B","Defend_B","Zap","Dualcast","Biased Cognition","Glacier","Consume","Ball Lightning","Cold Snap","Streamline+1","Defragment+1","Echo Form","Echo Form","Turbo+1","Rainbow","Rebound","BootSequence","Core Surge","Biased Cognition"],"relics":["Cracked Core","Golden Idol","Juzu Bracelet","Mercury Hourglass","Calling Bell","Boot","Letter Opener","Bird Faced Urn","Question Card","Bottled Flame","Dodecahedron"],"potions_floor_usage":[4,21,24,24],"damage_taken":[{"damage":2,"enemies":"Jaw Worm","floor":1,"turns":2},{"damage":2,"enemies":"Small Slimes","floor":4,"turns":2},{"damage":39,"enemies":"Lagavulin","floor":7,"turns":8},{"damage":0,"enemies":"2 Louse","floor":10,"turns":2},{"damage":0,"enemies":"2 Fungi Beasts","floor":12,"turns":2},{"damage":8,"enemies":"Exordium Thugs","floor":13,"turns":4},{"damage":1,"enemies":"Blue Slaver","floor":14,"turns":2},{"damage":21,"enemies":"The Guardian","floor":16,"turns":12},{"damage":14,"enemies":"Shell Parasite","floor":18,"turns":7},{"damage":17,"enemies":"2 Thieves","floor":21,"turns":3},{"damage":25,"enemies":"Gremlin Leader","floor":24,"turns":6},{"damage":64,"enemies":"Slavers","floor":28,"turns":3}],"seed_played":"-864485514989373165","potions_obtained":[{"floor":1,"key":"Explosive Potion"},{"floor":7,"key":"FearPotion"},{"floor":10,"key":"AttackPotion"},{"floor":12,"key":"SteroidPotion"},{"floor":21,"key":"SkillPotion"},{"floor":24,"key":"SteroidPotion"}],"is_trial":false,"path_per_floor":["M","?","?","M","?","R","E","?","T","M","R","M","M","M","R","B",null,"M","$","?","M","$","R","E","T","T","R","E"],"character_chosen":"DEFECT","items_purchased":["Question Card","Core Surge"],"campfire_rested":3,"item_purchase_floors":[19,22],"current_hp_per_floor":[73,55,55,53,46,68,29,29,29,29,51,51,43,42,42,21,75,65,65,65,48,48,70,52,52,52,52,0],"gold":48,"neow_bonus":"ONE_RANDOM_RARE_CARD","is_prod":false,"is_daily":false,"chose_seed":false,"campfire_upgraded":2,"win_rate":0,"timestamp":1555485709,"path_taken":["M","?","?","M","?","R","E","?","T","M","R","M","M","M","R","BOSS","M","$","?","M","$","R","E","?","T","R","E"],"build_version":"2019-01-23","purchased_purges":1,"victory":false,"max_hp_per_floor":[75,75,75,75,75,75,75,75,75,75,75,75,75,75,75,75,75,75,75,75,75,75,75,75,75,75,75,75],"card_choices":[{"not_picked":["Skim","Redo"],"picked":"Glacier","floor":1},{"not_picked":["Melter","Turbo"],"picked":"Consume","floor":4},{"not_picked":["Rebound","Redo"],"picked":"Ball Lightning","floor":7},{"not_picked":["Doom and Gloom","Compile Driver","Amplify"],"picked":"SKIP","floor":10},{"not_picked":["Rip and Tear","Leap"],"picked":"Streamline","floor":12},{"not_picked":["Steam","Barrage"],"picked":"Defragment","floor":13},{"not_picked":["Stack","Reprogram"],"picked":"Echo Form","floor":14},{"not_picked":["Hyperbeam","All For One"],"picked":"Echo Form","floor":16},{"not_picked":["Stack","Rebound+1"],"picked":"Turbo+1","floor":18},{"not_picked":["Reinforced Body","Gash","Heatsinks+1"],"picked":"BootSequence","floor":21},{"not_picked":["Conserve Battery+1","Stack+1","Sweeping Beam"],"picked":"Biased Cognition","floor":24}],"player_experience":221658,"relics_obtained":[{"floor":7,"key":"Juzu Bracelet"},{"floor":9,"key":"Mercury Hourglass"},{"floor":17,"key":"Boot"},{"floor":17,"key":"Letter Opener"},{"floor":17,"key":"Bird Faced Urn"},{"floor":24,"key":"Bottled Flame"},{"floor":26,"key":"Dodecahedron"}],"event_choices":[{"damage_healed":0,"gold_gain":0,"player_choice":"Take Damage","damage_taken":18,"relics_obtained":["Golden Idol"],"max_hp_gain":0,"max_hp_loss":0,"event_name":"Golden Idol","floor":2,"gold_loss":0},{"damage_healed":0,"gold_gain":0,"player_choice":"Ignored","damage_taken":0,"max_hp_gain":0,"max_hp_loss":0,"event_name":"Shining Light","floor":3,"gold_loss":0},{"cards_removed":["Strike_B"],"damage_healed":0,"gold_gain":0,"player_choice":"Card Removal","damage_taken":7,"max_hp_gain":0,"max_hp_loss":0,"event_name":"Golden Wing","floor":5,"gold_loss":0},{"damage_healed":0,"gold_gain":0,"cards_transformed":["Strike_B"],"player_choice":"Change","damage_taken":0,"max_hp_gain":0,"max_hp_loss":0,"event_name":"Living Wall","floor":8,"gold_loss":0,"cards_obtained":["Cold Snap"]},{"damage_healed":0,"gold_gain":0,"cards_transformed":["Strike_B","Defend_B"],"player_choice":"Became Test Subject","damage_taken":0,"max_hp_gain":0,"max_hp_loss":0,"event_name":"Drug Dealer","floor":20,"gold_loss":0,"cards_obtained":["Rainbow","Rebound"]}],"is_beta":false,"boss_relics":[{"not_picked":["Cursed Key","Ectoplasm"],"picked":"Calling Bell"}],"items_purged_floors":[19],"is_endless":false,"potions_floor_spawned":[1,7,10,12,21,24],"killed_by":"Slavers","ascension_level":4}