{"gold_per_floor":[109,109,129,37,47,47,77,77,77,107,119,131,156,180,192,305,317,348,106,119,119,153,182,182,196,196,196,146,146,166,183,183,288,288,298,314,314,536,339,339,35,35,35,35,64,64,64,77,77,77],"floor_reached":51,"playtime":2727,"items_purged":["Strike_B","Writhe","Darkness"],"score":1137,"play_id":"790f2bc6-a2f0-4f32-af5c-72471ff6b828","local_time":"20190420005322","is_ascension_mode":true,"campfire_choices":[{"data":"Zap","floor":6.0,"key":"SMITH"},{"floor":8.0,"key":"REST"},{"floor":15.0,"key":"REST"},{"floor":29,"key":"REST"},{"data":"Hologram","floor":32,"key":"SMITH"},{"data":"Beam Cell","floor":40,"key":"SMITH"},{"data":"Hologram","floor":42,"key":"SMITH"},{"data":"Reboot","floor":47,"key":"SMITH"},{"floor":49,"key":"REST"}],"neow_cost":"NONE","seed_source_timestamp":1831189343543878,"circlet_count":0,"master_deck":["AscendersBane","Strike_B","Strike_B","Defend_B","Defend_B","Defend_B","Defend_B","Zap+1","Dualcast","Conserve Battery","Cold Snap","Coolheaded","Gash","Gash","All For One","Hologram+1","Gash","Reboot+1","Gash","BootSequence","Hologram+1","Beam Cell+1","Steam","FTL+1","Hologram+1","Machine Learning+1","Go for the Eyes+1","Gash","Rebound"],"special_seed":0,"relics":["Cracked Core","Gambling Chip","Nunchaku","MawBank","White Beast Statue","Anchor","Red Mask","Frozen Egg 2","Bag of Preparation","Smiling Mask","Nuclear Battery","Centennial Puzzle","Shuriken","StoneCalendar","Incense Burner"],"potions_floor_usage":[22,23,33,33,33],"damage_taken":[{"damage":6.0,"enemies":"2 Louse","floor":1.0,"turns":3.0},{"damage":1.0,"enemies":"Cultist","floor":3.0,"turns":3.0},{"damage":0.0,"enemies":"Small Slimes","floor":5.0,"turns":3.0},{"damage":20.0,"enemies":"3 Sentries","floor":7.0,"turns":11.0},{"damage":44.0,"enemies":"Gremlin Nob","floor":10.0,"turns":6.0},{"damage":19.0,"enemies":"3 Louse","floor":13.0,"turns":3.0},{"damage":4.0,"enemies":"Red Slaver","floor":14.0,"turns":2.0},{"damage":25.0,"enemies":"Slime Boss","floor":16.0,"turns":7.0},{"damage":8,"enemies":"Spheric Guardian","floor":18,"turns":4},{"damage":0,"enemies":"Chosen","floor":20,"turns":3},{"damage":0,"enemies":"Masked Bandits","floor":22,"turns":2},{"damage":6,"enemies":"Slavers","floor":23,"turns":7},{"damage":9,"enemies":"Snake Plant","floor":25,"turns":3},{"damage":0,"enemies":"Chosen and Byrds","floor":30,"turns":3},{"damage":0,"enemies":"Cultist and Chosen","floor":31,"turns":2},{"damage":26,"enemies":"Collector","floor":33,"turns":7},{"damage":0,"enemies":"Orb Walker","floor":35,"turns":2},{"damage":2,"enemies":"3 Darklings","floor":36,"turns":6},{"damage":0,"enemies":"Giant Head","floor":45,"turns":5},{"damage":8,"enemies":"4 Shapes","floor":48,"turns":6},{"damage":4,"enemies":"Donu and Deca","floor":50,"turns":3}],"seed_played":"9081091294919759127","potions_obtained":[{"floor":1.0,"key":"SpeedPotion"},{"floor":5.0,"key":"Fire Potion"},{"floor":7.0,"key":"EssenceOfSteel"},{"floor":12.0,"key":"Fire Potion"},{"floor":12.0,"key":"Dexterity Potion"},{"floor":18,"key":"Swift Potion"},{"floor":22,"key":"Swift Potion"},{"floor":23,"key":"EssenceOfSteel"},{"floor":25,"key":"FocusPotion"},{"floor":31,"key":"EntropicBrew"},{"floor":33,"key":"Fire Potion"},{"floor":35,"key":"Ancient Potion"}],"is_trial":false,"path_per_floor":["M","$","M","$","M","R","E","R","T","E","?","?","M","M","R","B",null,"M","$","M","?","?","E","?","M","T","?","$","R","M","M","R","B",null,"M","M","?","?","$","R","$","R","T","$","E","?","R","M","R","B",null],"character_chosen":"DEFECT","items_purchased":["Cold Snap","Coolheaded","BootSequence","Anchor","Centennial Puzzle","Shuriken","Gash"],"campfire_rested":4,"item_purchase_floors":[4,4,19,19,39,41,41],"current_hp_per_floor":[62,62,61,61,61,61,41,63,63,19,44,44,25,21,43,18,61,53,53,53,53,53,47,47,38,38,38,38,60,60,60,60,34,65,65,63,63,63,63,63,63,63,63,63,63,63,63,55,71,67],"gold":77,"neow_bonus":"REMOVE_CARD","is_prod":false,"is_daily":false,"chose_seed":false,"campfire_upgraded":5,"win_rate":0,"timestamp":1555689202,"path_taken":["M","$","M","$","M","R","E","R","T","E","?","?","?","M","R","BOSS","M","$","M","?","?","E","?","?","T","?","$","R","M","M","R","BOSS","M","M","?","?","$","R","$","R","T","$","E","?","R","M","R","BOSS"],"build_version":"2019-01-23","purchased_purges":3,"victory":true,"max_hp_per_floor":[75,75,75,75,75,75,75,75,75,75,75,75,75,75,75,75,75,75,75,75,75,75,75,75,75,75,75,75,75,75,75,75,75,75,75,75,75,75,75,75,75,75,75,75,75,71,71,71,71,71],"card_choices":[{"not_picked":["Rip and Tear","Leap"],"picked":"Conserve Battery","floor":1.0},{"not_picked":["Static Discharge","Capacitor"],"picked":"Consume","floor":3.0},{"not_picked":["Rebound","Sweeping Beam"],"picked":"Gash","floor":5.0},{"not_picked":["FTL","Compile Driver"],"picked":"Gash","floor":7.0},{"not_picked":["Skim","Beam Cell"],"picked":"All For One","floor":10.0},{"not_picked":["Rebound","Barrage"],"picked":"Hologram","floor":13.0},{"not_picked":["Stack","Leap"],"picked":"Gash","floor":14.0},{"not_picked":["Meteor Strike","Buffer"],"picked":"Reboot","floor":16.0},{"not_picked":["Lockon","Melter"],"picked":"Gash","floor":18},{"not_picked":["Streamline","Creative AI"],"picked":"Hologram","floor":20},{"not_picked":["Beam Cell","Heatsinks"],"picked":"Steam","floor":22},{"not_picked":["Leap","Beam Cell","Static Discharge+1"],"picked":"SKIP","floor":23},{"not_picked":["Turbo","Beam Cell+1"],"picked":"FTL+1","floor":25},{"not_picked":["Capacitor+1","Chaos","Coolheaded"],"picked":"SKIP","floor":30},{"not_picked":["Steam Power","Barrage"],"picked":"Hologram+1","floor":31},{"not_picked":["Core Surge","Buffer+1"],"picked":"Machine Learning+1","floor":33},{"not_picked":["Conserve Battery","Auto Shields+1","Scrape"],"picked":"SKIP","floor":35},{"not_picked":["Steam Power","Stack"],"picked":"Go for the Eyes+1","floor":36},{"not_picked":["FTL","Hologram"],"picked":"Rebound","floor":45},{"not_picked":["Redo+1","Double Energy+1","Beam Cell+1"],"picked":"SKIP","floor":48}],"player_experience":256400,"relics_obtained":[{"floor":7.0,"key":"Gambling Chip"},{"floor":9.0,"key":"Nunchaku"},{"floor":10.0,"key":"MawBank"},{"floor":22,"key":"Red Mask"},{"floor":23,"key":"Frozen Egg 2"},{"floor":26,"key":"Bag of Preparation"},{"floor":43,"key":"StoneCalendar"},{"floor":45,"key":"Incense Burner"}],"event_choices":[{"damage_healed":25.0,"max_hp_gain":0.0,"max_hp_loss":0.0,"gold_gain":0.0,"event_name":"Big Fish","player_choice":"Banana","floor":11.0,"gold_loss":0.0,"damage_taken":0.0},{"damage_healed":0.0,"max_hp_gain":0.0,"max_hp_loss":0.0,"gold_gain":0.0,"event_name":"Lab","player_choice":"Got Potions","floor":12.0,"gold_loss":0.0,"damage_taken":0.0},{"damage_healed":0,"gold_gain":0,"player_choice":"Read","damage_taken":0,"max_hp_gain":0,"max_hp_loss":0,"event_name":"The Library","floor":21,"gold_loss":0,"cards_obtained":["Beam Cell"]},{"damage_healed":0,"gold_gain":0,"player_choice":"Fought Bandits","damage_taken":0,"max_hp_gain":0,"max_hp_loss":0,"event_name":"Masked Bandits","floor":22,"gold_loss":0},{"damage_healed":0,"gold_gain":0,"cards_transformed":["Consume"],"player_choice":"Transformed","damage_taken":0,"max_hp_gain":0,"max_hp_loss":0,"event_name":"Transmorgrifier","floor":24,"gold_loss":0,"cards_obtained":["Darkness"]},{"damage_healed":0,"gold_gain":0,"player_choice":"Opened","damage_taken":0,"relics_obtained":["Smiling Mask"],"max_hp_gain":0,"max_hp_loss":0,"event_name":"The Mausoleum","floor":27,"gold_loss":0,"cards_obtained":["Writhe"]},{"damage_healed":0,"gold_gain":0,"player_choice":"Ignored","damage_taken":0,"max_hp_gain":0,"max_hp_loss":0,"event_name":"Mysterious Sphere","floor":37,"gold_loss":0},{"damage_healed":0,"gold_gain":222,"player_choice":"Wore Mask","damage_taken":0,"max_hp_gain":0,"max_hp_loss":0,"event_name":"Tomb of Lord Red Mask","floor":38,"gold_loss":0},{"damage_healed":0,"gold_gain":0,"player_choice":"Max HP","damage_taken":0,"max_hp_gain":0,"max_hp_loss":4,"event_name":"Winding Halls","floor":46,"gold_loss":0}],"is_beta":false,"boss_relics":[{"not_picked":["Cursed Key","Ectoplasm"],"picked":"White Beast Statue"},{"not_picked":["Inserter","Busted Crown"],"picked":"Nuclear Battery"}],"items_purged_floors":[19,28,39],"is_endless":false,"potions_floor_spawned":[1,5,7,18,20,22,23,25,30,31,33,35,36,45,48],"ascension_level":11}