{"gold_per_floor":[118,137,87,87,103,103,136,154,154,154,7,7,24,24,24,122,122,132,143,0,26,1,1,26,26,75,100,131,143,185,217,229,345,357,383,395,421,433,461,505,617,655,693,705,767,794,806,214,214,214,214,214,32,59,59],"floor_reached":55,"playtime":3543,"items_purged":["Writhe"],"score":786,"play_id":"0b38c9e2-eef1-4605-905a-a99e133060ec","local_time":"20190513002729","is_ascension_mode":false,"campfire_choices":[{"floor":6,"key":"RECALL"},{"floor":10,"key":"REST"},{"floor":15,"key":"REST"},{"data":"Barricade","floor":23,"key":"SMITH"},{"data":"Metallicize","floor":29,"key":"SMITH"},{"data":"Ghostly Armor","floor":32,"key":"SMITH"},{"floor":47,"key":"DIG"},{"floor":49,"key":"REST"},{"floor":52,"key":"DIG"}],"neow_cost":"NONE","seed_source_timestamp":0,"circlet_count":0,"master_deck":["Bash","Reaper","Thunderclap","Flex","Ghostly Armor+1","Uppercut+1","Barricade+1","Body Slam+1","Iron Wave+1","Metallicize+1","Cleave+1","Headbutt+1","Iron Wave+1","Juggernaut","Armaments","Double Tap","Wild Strike+1","Thunderclap+1","Carnage+1","Wild Strike+1","Battle Trance","Mind Blast+1","Rage","Parasite","Flame Barrier","Shrug It Off"],"special_seed":0,"relics":["Burning Blood","CultistMask","Champion Belt","Juzu Bracelet","Molten Egg 2","Busted Crown","Whetstone","Paper Frog","Enchiridion","Boot","MawBank","Strawberry","Pandora\u0027s Box","Lantern","Sundial","Shovel","Orichalcum","Art of War","Du-Vu Doll","Regal Pillow","Bottled Lightning","PrismaticShard","Bottled Flame","Vajra","Centennial Puzzle"],"potions_floor_usage":[33,40,41,42,50],"damage_taken":[{"damage":4.0,"enemies":"2 Louse","floor":1.0,"turns":4.0},{"damage":0,"enemies":"Small Slimes","floor":2,"turns":3},{"damage":10,"enemies":"Cultist","floor":5,"turns":4},{"damage":76,"enemies":"Lagavulin","floor":7,"turns":11},{"damage":11,"enemies":"Red Slaver","floor":8,"turns":4},{"damage":17,"enemies":"Exordium Wildlife","floor":13,"turns":5},{"damage":64,"enemies":"The Guardian","floor":16,"turns":17},{"damage":18,"enemies":"Shell Parasite","floor":18,"turns":6},{"damage":11,"enemies":"Chosen","floor":19,"turns":9},{"damage":15,"enemies":"Gremlin Leader","floor":24,"turns":8},{"damage":13,"enemies":"Snake Plant","floor":28,"turns":4},{"damage":14,"enemies":"Book of Stabbing","floor":30,"turns":4},{"damage":6,"enemies":"Snecko","floor":31,"turns":3},{"damage":82,"enemies":"Collector","floor":33,"turns":13},{"damage":23,"enemies":"Orb Walker","floor":35,"turns":4},{"damage":0,"enemies":"3 Darklings","floor":37,"turns":5},{"damage":0,"enemies":"Transient","floor":39,"turns":5},{"damage":31,"enemies":"Giant Head","floor":40,"turns":8},{"damage":1,"enemies":"Mind Bloom Boss Battle","floor":41,"turns":7},{"damage":40,"enemies":"Nemesis","floor":42,"turns":7},{"damage":50,"enemies":"2 Orb Walkers","floor":45,"turns":5},{"damage":0,"enemies":"Writhing Mass","floor":46,"turns":4},{"damage":49,"enemies":"Time Eater","floor":50,"turns":8},{"damage":52,"enemies":"Shield and Spear","floor":54,"turns":6},{"damage":45,"enemies":"The Heart","floor":55,"turns":2}],"seed_played":"4641289467875825379","potions_obtained":[{"floor":7,"key":"SkillPotion"},{"floor":8,"key":"BloodPotion"},{"floor":16,"key":"Strength Potion"},{"floor":19,"key":"Energy Potion"},{"floor":30,"key":"EssenceOfSteel"},{"floor":33,"key":"Energy Potion"},{"floor":40,"key":"Regen Potion"},{"floor":54,"key":"FearPotion"}],"is_trial":false,"path_per_floor":["M","M","?","?","M","R","E","M","T","R","$","?","M","?","R","B",null,"M","M","$","T","$","R","E","?","T","T","M","R","E","M","R","B",null,"M","T","M","?","M","E","?","E","T","?","?","M","R","$","R","B",null,"R","$","E","B"],"character_chosen":"IRONCLAD","items_purchased":["Juzu Bracelet","Body Slam+1","Iron Wave+1","Metallicize","Cleave+1","Bottled Lightning","PrismaticShard","Flame Barrier","Shrug It Off","Vajra"],"campfire_rested":3,"item_purchase_floors":[11,20,20,20,22,48,48,48,53,53],"current_hp_per_floor":[80,80,80,80,76,76,13,14,14,38,38,38,39,39,63,11,80,77,75,75,75,75,75,80,64,64,64,57,57,70,70,70,19,87,80,80,87,87,87,62,77,52,52,74,41,47,47,47,87,66,87,87,87,41,0],"gold":59,"neow_bonus":"ONE_RANDOM_RARE_CARD","is_prod":false,"is_daily":false,"chose_seed":false,"campfire_upgraded":3,"win_rate":0,"timestamp":1557700049,"path_taken":["M","M","?","?","M","R","E","?","T","R","?","?","M","?","R","BOSS","M","M","$","?","$","R","E","?","T","?","M","R","E","M","R","BOSS","M","?","M","?","M","E","?","E","T","?","?","M","R","$","R","BOSS","R","$","E","BOSS"],"build_version":"2019-05-07","purchased_purges":1,"victory":false,"max_hp_per_floor":[80,80,80,80,80,80,80,80,80,80,80,80,80,80,80,80,80,80,80,80,80,80,80,80,80,80,80,80,80,87,87,87,87,87,87,87,87,87,87,87,87,87,87,87,87,87,87,87,87,87,87,87,87,87,87],"card_choices":[{"not_picked":["Warcry","Anger","Dual Wield"],"picked":"SKIP","floor":1},{"not_picked":["Pommel Strike","Sever Soul"],"picked":"Thunderclap","floor":2},{"not_picked":["Burning Pact","Rupture"],"picked":"Flex","floor":5},{"not_picked":["Havoc","Thunderclap","Feel No Pain"],"picked":"SKIP","floor":7},{"not_picked":["Second Wind","Sword Boomerang"],"picked":"Ghostly Armor","floor":8},{"not_picked":["Clothesline+1","Armaments"],"picked":"Uppercut+1","floor":13},{"not_picked":["Feed+1","Demon Form"],"picked":"Barricade","floor":16},{"not_picked":["Thunderclap+1"],"picked":"SKIP","floor":18},{"not_picked":["Corruption"],"picked":"SKIP","floor":19},{"not_picked":[],"picked":"Headbutt+1","floor":24},{"not_picked":["Thunderclap+1"],"picked":"SKIP","floor":28},{"not_picked":[],"picked":"Iron Wave+1","floor":30},{"not_picked":["Corruption"],"picked":"SKIP","floor":31},{"not_picked":[],"picked":"Juggernaut","floor":33},{"not_picked":["Warcry+1"],"picked":"SKIP","floor":35},{"not_picked":["Hemokinesis+1"],"picked":"SKIP","floor":37},{"not_picked":[],"picked":"Mind Blast+1","floor":38},{"not_picked":["Evolve+1"],"picked":"SKIP","floor":39},{"not_picked":["Clothesline+1"],"picked":"SKIP","floor":40},{"not_picked":[],"picked":"Rage","floor":42},{"not_picked":["Havoc+1"],"picked":"SKIP","floor":46},{"not_picked":["Corruption"],"picked":"SKIP","floor":54}],"player_experience":351819,"relics_obtained":[{"floor":7,"key":"Champion Belt"},{"floor":21,"key":"Whetstone"},{"floor":24,"key":"Paper Frog"},{"floor":25,"key":"Enchiridion"},{"floor":26,"key":"Boot"},{"floor":27,"key":"MawBank"},{"floor":30,"key":"Strawberry"},{"floor":36,"key":"Lantern"},{"floor":40,"key":"Sundial"},{"floor":41,"key":"Shovel"},{"floor":42,"key":"Orichalcum"},{"floor":43,"key":"Art of War"},{"floor":45,"key":"Du-Vu Doll"},{"floor":47,"key":"Regal Pillow"},{"floor":52,"key":"Bottled Flame"},{"floor":54,"key":"Centennial Puzzle"}],"event_choices":[{"cards_removed":["Strike_R"],"damage_healed":0,"gold_gain":0,"player_choice":"Card Removal","damage_taken":0,"max_hp_gain":0,"max_hp_loss":0,"event_name":"The Cleric","floor":3,"gold_loss":50},{"damage_healed":0,"gold_gain":0,"player_choice":"Trade","damage_taken":0,"relics_obtained":["CultistMask"],"max_hp_gain":0,"max_hp_loss":0,"event_name":"FaceTrader","floor":4,"gold_loss":0},{"damage_healed":0,"gold_gain":0,"player_choice":"Gave Potion","damage_taken":0,"relics_obtained":["Molten Egg 2"],"max_hp_gain":0,"max_hp_loss":0,"event_name":"WeMeetAgain","floor":12,"gold_loss":0},{"cards_removed":["Strike_R"],"damage_healed":0,"gold_gain":0,"player_choice":"Purged","damage_taken":0,"max_hp_gain":0,"max_hp_loss":0,"event_name":"Purifier","floor":14,"gold_loss":0},{"damage_healed":0,"gold_gain":0,"player_choice":"Obtained Book","damage_taken":16,"max_hp_gain":0,"max_hp_loss":0,"event_name":"Cursed Tome","floor":25,"gold_loss":0},{"damage_healed":0,"gold_gain":0,"player_choice":"Memory 1","damage_taken":0,"max_hp_gain":0,"max_hp_loss":0,"event_name":"SensoryStone","floor":38,"gold_loss":0},{"damage_healed":0,"gold_gain":0,"player_choice":"Fight","damage_taken":0,"max_hp_gain":0,"max_hp_loss":0,"event_name":"MindBloom","floor":41,"gold_loss":0},{"damage_healed":22,"gold_gain":0,"player_choice":"Writhe","damage_taken":0,"max_hp_gain":0,"max_hp_loss":0,"event_name":"Winding Halls","floor":44,"gold_loss":0,"cards_obtained":["Writhe"]},{"damage_healed":0,"gold_gain":0,"player_choice":"Fight","damage_taken":0,"max_hp_gain":0,"max_hp_loss":0,"event_name":"Mysterious Sphere","floor":45,"gold_loss":0}],"is_beta":true,"boss_relics":[{"not_picked":["Runic Pyramid","Calling Bell"],"picked":"Busted Crown"},{"not_picked":["Empty Cage","Philosopher\u0027s Stone"],"picked":"Pandora\u0027s Box"}],"items_purged_floors":[48],"is_endless":false,"potions_floor_spawned":[7,8,16,19,30,31,33,35,40,54],"killed_by":"The Heart","ascension_level":0}