{"gold_per_floor":[114,25,25,41,61,61,96,96,96,96,107,142,142,142,142,239,239,257,257,257,69,92,92,126,126,206,240,251,266,266,299,299,401,401,415,760,775,789,789,819,834,156,156,176,176,51,80,91,91,91,91,91,46,72,72],"floor_reached":56,"playtime":2811,"items_purged":["Strike_G+1","Strike_G+1","Strike_G+1"],"score":1346,"play_id":"b1602803-8021-4e5d-bea4-ae0f86931d29","local_time":"20190504163037","is_ascension_mode":true,"campfire_choices":[{"data":"Neutralize","floor":6,"key":"SMITH"},{"data":"Backstab","floor":8,"key":"SMITH"},{"data":"Cloak And Dagger","floor":10,"key":"SMITH"},{"data":"Bouncing Flask","floor":15,"key":"SMITH"},{"data":"Dagger Spray","floor":23,"key":"SMITH"},{"data":"Adrenaline","floor":25,"key":"SMITH"},{"data":"Crippling Poison","floor":32,"key":"SMITH"},{"floor":45,"key":"RECALL"},{"floor":49,"key":"REST"},{"data":"Night Terror","floor":52,"key":"SMITH"}],"neow_cost":"NONE","seed_source_timestamp":41043701437813,"circlet_count":0,"master_deck":["Defend_G+1","Defend_G+1","Defend_G+1","Defend_G+1","Defend_G+1","Strike_G+1","Survivor","Neutralize+1","Backstab+1","Footwork+1","Deadly Poison+1","Dagger Spray+1","Cloak And Dagger+1","Bouncing Flask+1","Adrenaline+1","Catalyst+1","Endless Agony","Noxious Fumes","Crippling Poison+1","Quick Slash+1","Well Laid Plans","Cloak And Dagger+1","Footwork+1","Escape Plan+1","Master of Strategy","PiercingWail","Night Terror+1","Caltrops+1","PiercingWail","Well Laid Plans"],"relics":["Ring of the Snake","Du-Vu Doll","Paper Crane","War Paint","Black Star","Tiny Chest","Ancient Tea Set","Torii","Gambling Chip","Shuriken","PreservedInsect","Whetstone","Pen Nib","Meat on the Bone","Sozu","Old Coin","Shovel","Centennial Puzzle","Kunai","Vajra","FossilizedHelix","Turnip","Pantograph","Orichalcum"],"potions_floor_usage":[4,7,24,27,33,55,55],"damage_taken":[{"damage":2,"enemies":"Small Slimes","floor":1,"turns":4},{"damage":0,"enemies":"Jaw Worm","floor":4,"turns":5},{"damage":0,"enemies":"2 Louse","floor":5,"turns":2},{"damage":6,"enemies":"Gremlin Nob","floor":7,"turns":4},{"damage":0,"enemies":"Exordium Wildlife","floor":11,"turns":3},{"damage":11,"enemies":"3 Sentries","floor":12,"turns":8},{"damage":11,"enemies":"Hexaghost","floor":16,"turns":7},{"damage":0,"enemies":"Chosen","floor":18,"turns":4},{"damage":11,"enemies":"Gremlin Leader","floor":24,"turns":7},{"damage":16,"enemies":"Book of Stabbing","floor":27,"turns":5},{"damage":0,"enemies":"3 Byrds","floor":28,"turns":4},{"damage":0,"enemies":"Centurion and Healer","floor":29,"turns":4},{"damage":7,"enemies":"Slavers","floor":31,"turns":4},{"damage":48,"enemies":"Champ","floor":33,"turns":10},{"damage":7,"enemies":"3 Darklings","floor":35,"turns":4},{"damage":7,"enemies":"2 Orb Walkers","floor":36,"turns":5},{"damage":1,"enemies":"3 Shapes","floor":37,"turns":2},{"damage":0,"enemies":"Sphere and 2 Shapes","floor":38,"turns":4},{"damage":9,"enemies":"Nemesis","floor":40,"turns":5},{"damage":0,"enemies":"Spire Growth","floor":41,"turns":5},{"damage":0,"enemies":"Writhing Mass","floor":44,"turns":6},{"damage":1,"enemies":"Reptomancer","floor":47,"turns":4},{"damage":0,"enemies":"4 Shapes","floor":48,"turns":5},{"damage":66,"enemies":"Donu and Deca","floor":50,"turns":7},{"damage":0,"enemies":"Shield and Spear","floor":54,"turns":6},{"damage":45,"enemies":"The Heart","floor":55,"turns":10}],"seed_played":"-823590893252323619","potions_obtained":[{"floor":0,"key":"Regen Potion"},{"floor":0,"key":"Regen Potion"},{"floor":0,"key":"PowerPotion"},{"floor":1,"key":"Block Potion"},{"floor":12,"key":"SkillPotion"},{"floor":16,"key":"Regen Potion"},{"floor":24,"key":"Poison Potion"},{"floor":28,"key":"PowerPotion"}],"is_trial":false,"path_per_floor":["M","$","?","M","M","R","E","R","T","R","M","E","?","?","R","B",null,"M","?","?","$","T","R","E","R","T","E","M","M","?","E","R","B",null,"M","?","M","M","?","E","M","$","T","M","R","$","E","M","R","B",null,"R","$","E","B",null],"character_chosen":"THE_SILENT","items_purchased":["Footwork","Deadly Poison","Tiny Chest","Kunai","Vajra","Master of Strategy","PiercingWail"],"campfire_rested":1,"item_purchase_floors":[2,2,21,42,42,42,53],"current_hp_per_floor":[68,68,54,68,68,68,62,62,62,62,62,51,56,56,56,45,75,75,75,75,75,75,75,64,64,64,62,62,62,62,55,55,19,75,68,61,60,60,60,51,51,51,51,51,51,51,50,50,72,18,75,75,75,75,42],"gold":72,"neow_bonus":"THREE_SMALL_POTIONS","is_prod":false,"is_daily":false,"chose_seed":false,"campfire_upgraded":8,"win_rate":0,"timestamp":1557001837,"path_taken":["M","$","?","M","M","R","E","R","T","R","M","E","?","?","R","BOSS","M","?","?","$","?","R","E","R","T","E","M","M","?","E","R","BOSS","M","?","M","M","?","E","?","$","T","M","R","?","E","?","R","BOSS","R","$","E","BOSS"],"build_version":"2019-04-23","purchased_purges":3,"victory":true,"max_hp_per_floor":[70,70,70,70,70,70,70,70,70,70,70,70,75,75,75,75,75,75,75,75,75,75,75,75,75,75,75,75,75,75,75,75,75,75,75,75,75,75,75,75,75,75,75,75,75,75,75,75,75,75,75,75,75,75,75],"card_choices":[{"not_picked":["Reflex","Dodge and Roll"],"picked":"Backstab","floor":1},{"not_picked":["Blur","Underhanded Strike","Acrobatics"],"picked":"SKIP","floor":4},{"not_picked":["Deadly Poison","Bouncing Flask"],"picked":"Dagger Spray","floor":5},{"not_picked":["Distraction","Quick Slash"],"picked":"Cloak And Dagger","floor":7},{"not_picked":["Cloak And Dagger","All Out Attack","Blade Dance"],"picked":"SKIP","floor":11},{"not_picked":["Dagger Throw","Choke"],"picked":"Bouncing Flask","floor":12},{"not_picked":["Tools of the Trade","Doppelganger"],"picked":"Adrenaline","floor":16},{"not_picked":["Blade Dance","Outmaneuver","Setup"],"picked":"SKIP","floor":18},{"not_picked":["Deadly Poison","Infinite Blades","Dash+1"],"picked":"SKIP","floor":24},{"not_picked":["Calculated Gamble","Infinite Blades"],"picked":"Catalyst+1","floor":27},{"not_picked":["Bullet Time","Poisoned Stab"],"picked":"Endless Agony","floor":28},{"not_picked":["Prepared","Deflect"],"picked":"Noxious Fumes","floor":29},{"not_picked":["Predator","Blade Dance"],"picked":"Quick Slash+1","floor":31},{"not_picked":["Quick Slash+1","Predator"],"picked":"Well Laid Plans","floor":35},{"not_picked":["Underhanded Strike","Endless Agony+1","Blade Dance+1"],"picked":"SKIP","floor":37},{"not_picked":["Setup","Finisher+1"],"picked":"Cloak And Dagger+1","floor":38},{"not_picked":["Flechettes","Masterful Stab","Quick Slash+1"],"picked":"SKIP","floor":40},{"not_picked":["Dagger Spray","Prepared+1"],"picked":"Escape Plan+1","floor":41},{"not_picked":["Expertise+1","Unload"],"picked":"PiercingWail","floor":44},{"not_picked":["Noxious Fumes","Flying Knee"],"picked":"Night Terror","floor":47},{"not_picked":["Finisher+1","Accuracy"],"picked":"Caltrops+1","floor":48},{"not_picked":["Infinite Blades+1","Accuracy"],"picked":"Well Laid Plans","floor":54}],"player_experience":1387493,"relics_obtained":[{"floor":7,"key":"Du-Vu Doll"},{"floor":9,"key":"Paper Crane"},{"floor":12,"key":"War Paint"},{"floor":22,"key":"Ancient Tea Set"},{"floor":24,"key":"Torii"},{"floor":24,"key":"Gambling Chip"},{"floor":26,"key":"Shuriken"},{"floor":27,"key":"PreservedInsect"},{"floor":27,"key":"Whetstone"},{"floor":31,"key":"Pen Nib"},{"floor":31,"key":"Meat on the Bone"},{"floor":36,"key":"Old Coin"},{"floor":40,"key":"Shovel"},{"floor":40,"key":"Centennial Puzzle"},{"floor":47,"key":"FossilizedHelix"},{"floor":47,"key":"Turnip"},{"floor":54,"key":"Pantograph"},{"floor":54,"key":"Orichalcum"}],"event_choices":[{"damage_healed":0,"gold_gain":0,"player_choice":"Entered Light","damage_taken":14,"max_hp_gain":0,"max_hp_loss":0,"event_name":"Shining Light","floor":3,"gold_loss":0,"cards_upgraded":["Deadly Poison","Footwork"]},{"damage_healed":0,"gold_gain":0,"player_choice":"Donut","damage_taken":0,"max_hp_gain":5,"max_hp_loss":0,"event_name":"Big Fish","floor":13,"gold_loss":0},{"cards_removed":["Strike_G"],"damage_healed":0,"gold_gain":0,"player_choice":"Forget","damage_taken":0,"max_hp_gain":0,"max_hp_loss":0,"event_name":"Living Wall","floor":14,"gold_loss":0},{"damage_healed":0,"gold_gain":0,"player_choice":"Simplicity","damage_taken":0,"max_hp_gain":0,"max_hp_loss":0,"event_name":"Back to Basics","floor":19,"gold_loss":0,"cards_upgraded":["Defend_G","Defend_G","Defend_G","Strike_G","Strike_G","Strike_G","Strike_G"]},{"damage_healed":0,"gold_gain":0,"player_choice":"Ignored","damage_taken":0,"max_hp_gain":0,"max_hp_loss":0,"event_name":"Ghosts","floor":20,"gold_loss":0},{"damage_healed":0,"gold_gain":0,"player_choice":"Read","damage_taken":0,"max_hp_gain":0,"max_hp_loss":0,"event_name":"The Library","floor":30,"gold_loss":0,"cards_obtained":["Crippling Poison"]},{"damage_healed":0,"gold_gain":0,"player_choice":"Fight","damage_taken":0,"max_hp_gain":0,"max_hp_loss":0,"event_name":"Mysterious Sphere","floor":36,"gold_loss":0},{"damage_healed":0,"gold_gain":0,"player_choice":"Copied","damage_taken":0,"max_hp_gain":0,"max_hp_loss":0,"event_name":"Duplicator","floor":39,"gold_loss":0,"cards_obtained":["Footwork"]}],"is_beta":true,"boss_relics":[{"not_picked":["Velvet Choker","Tiny House"],"picked":"Black Star"},{"not_picked":["Calling Bell","Philosopher\u0027s Stone"],"picked":"Sozu"}],"items_purged_floors":[21,42,46],"is_endless":false,"potions_floor_spawned":[1,12,16,24,28,29,35,36,48,54],"ascension_level":1}