{"gold_per_floor":[359,375,35,54,54,54,3,33,88,88,99,112,112,128,128,228,228,243,83,93,110,125,125,125],"floor_reached":24,"playtime":1492,"items_purged":[],"score":200,"play_id":"eef07ca2-1a61-43fb-b439-7ab1c0e4f8f9","local_time":"20180818203028","is_ascension_mode":false,"campfire_choices":[{"data":"Zap","floor":6.0,"key":"SMITH"},{"floor":13.0,"key":"REST"},{"data":"Cold Snap","floor":15.0,"key":"SMITH"},{"floor":23,"key":"REST"}],"neow_cost":"CURSE","seed_source_timestamp":0,"circlet_count":0,"master_deck":["Strike_B","Strike_B","Strike_B","Strike_B","Defend_B","Defend_B","Defend_B+1","Defend_B+1","Zap+1","Dualcast","Parasite","Ball Lightning","Tempest","Cold Snap+1","Coolheaded","Conserve Battery","Static Discharge","Ball Lightning","Coolheaded","Melter","Thunder Strike","Compile Driver+1","Glacier","Ball Lightning","Loop","Cold Snap+1","Leap","Leap"],"special_seed":0,"relics":["Cracked Core","Mummified Hand","Bag of Marbles","Anchor","Runic Pyramid"],"potions_floor_usage":[22,22],"damage_taken":[{"damage":0.0,"enemies":"Small Slimes","floor":1.0,"turns":3.0},{"damage":3.0,"enemies":"Jaw Worm","floor":2.0,"turns":3.0},{"damage":1.0,"enemies":"Cultist","floor":4.0,"turns":3.0},{"damage":16.0,"enemies":"Gremlin Nob","floor":8.0,"turns":4.0},{"damage":0.0,"enemies":"2 Fungi Beasts","floor":11.0,"turns":3.0},{"damage":0.0,"enemies":"Looter","floor":12.0,"turns":2.0},{"damage":0.0,"enemies":"Exordium Thugs","floor":14.0,"turns":4.0},{"damage":33.0,"enemies":"Hexaghost","floor":16.0,"turns":9.0},{"damage":2.0,"enemies":"Spheric Guardian","floor":18.0,"turns":4.0},{"damage":12.0,"enemies":"Shell Parasite","floor":20.0,"turns":5.0},{"damage":18.0,"enemies":"Snecko","floor":21.0,"turns":4.0},{"damage":33,"enemies":"3 Cultists","floor":22,"turns":5},{"damage":46,"enemies":"Gremlin Leader","floor":24,"turns":4}],"seed_played":"-7673441797474172616","potions_obtained":[{"floor":8.0,"key":"Ancient Potion"},{"floor":11.0,"key":"SpeedPotion"},{"floor":12.0,"key":"SmokeBomb"},{"floor":18.0,"key":"Regen Potion"},{"floor":22,"key":"SmokeBomb"}],"is_trial":false,"path_per_floor":["M","M","$","M","?","R","$","E","T","?","M","M","R","M","R","B",null,"M","$","M","M","M","R"],"character_chosen":"DEFECT","items_purchased":["Mummified Hand","Cold Snap","Coolheaded","Block Potion","Glacier","Ball Lightning","Loop"],"campfire_rested":2,"item_purchase_floors":[3,3,3,7,19,19,19],"current_hp_per_floor":[75,72,72,71,56,56,56,40,40,40,40,40,62,62,62,29,75,73,73,61,43,19,41,0],"gold":125,"neow_bonus":"TWO_FIFTY_GOLD","is_prod":false,"is_daily":false,"chose_seed":false,"campfire_upgraded":2,"win_rate":0.0,"timestamp":1534638628,"path_taken":["M","M","$","M","?","R","?","E","T","?","M","?","R","M","R","BOSS","M","$","?","M","M","R","E"],"build_version":"2018-08-16","purchased_purges":0,"victory":false,"max_hp_per_floor":[75,75,75,75,75,75,75,75,75,75,75,75,75,75,75,75,75,75,75,75,75,75,75,75],"card_choices":[{"not_picked":["Streamline","Barrage"],"picked":"Ball Lightning","floor":1.0},{"not_picked":["Go for the Eyes","Cold Snap"],"picked":"Tempest","floor":2.0},{"not_picked":["Auto Shields","Leap"],"picked":"Conserve Battery","floor":4.0},{"not_picked":["Sweeping Beam","Stack"],"picked":"Static Discharge","floor":8.0},{"not_picked":["Blizzard","Barrage"],"picked":"Ball Lightning","floor":11.0},{"not_picked":["Compile Driver","Blizzard"],"picked":"Coolheaded","floor":12.0},{"not_picked":["Redo","Darkness"],"picked":"Melter","floor":14.0},{"not_picked":["Rainbow","Reboot"],"picked":"Thunder Strike","floor":16.0},{"not_picked":["Heatsinks","Skim+1"],"picked":"Compile Driver+1","floor":18.0},{"not_picked":["Reprogram","Steam"],"picked":"Cold Snap+1","floor":20.0},{"not_picked":["Cold Snap","Creative AI"],"picked":"Leap","floor":21.0},{"not_picked":["Force Field","Steam"],"picked":"Leap","floor":22}],"player_experience":22946,"relics_obtained":[{"floor":8.0,"key":"Bag of Marbles"},{"floor":9.0,"key":"Anchor"}],"event_choices":[{"event_name":"Shining Light","player_choice":"Entered Light","floor":5.0,"damage_taken":0.0},{"event_name":"Golden Wing","player_choice":"Ignored","floor":10.0,"damage_taken":0.0}],"is_beta":false,"boss_relics":[{"not_picked":["Tiny House","Empty Cage"],"picked":"Runic Pyramid"}],"items_purged_floors":[],"is_endless":false,"potions_floor_spawned":[8,11,12,14,18,22],"killed_by":"Gremlin Leader","ascension_level":0}