{"gold_per_floor":[116,142,159,159,35,35,63,83,83,99,99,112,37,37,37,37],"floor_reached":16,"playtime":550,"items_purged":["Strike_B"],"score":110,"play_id":"96f018e1-b615-48bb-ab30-39bda2876006","local_time":"20181119182554","is_ascension_mode":true,"campfire_choices":[{"data":"Genetic Algorithm","floor":6,"key":"SMITH"},{"data":"Conserve Battery","floor":15,"key":"SMITH"}],"neow_cost":"NONE","seed_source_timestamp":352630764694370,"circlet_count":0,"master_deck":["Strike_B","Strike_B","Defend_B","Defend_B","Defend_B","Defend_B","Zap+1","Dualcast","Conserve Battery+1","Coolheaded","Genetic Algorithm+1","Sweeping Beam","Lockon"],"relics":["Cracked Core","Dream Catcher","Art of War","Dodecahedron"],"potions_floor_usage":[7,16],"damage_taken":[{"damage":1,"enemies":"Cultist","floor":1,"turns":4},{"damage":2,"enemies":"Small Slimes","floor":3,"turns":3},{"damage":21,"enemies":"Lagavulin","floor":7,"turns":8},{"damage":1,"enemies":"2 Louse","floor":8,"turns":3},{"damage":17,"enemies":"Exordium Wildlife","floor":10,"turns":4},{"damage":0,"enemies":"Large Slime","floor":12,"turns":5},{"damage":38,"enemies":"Slime Boss","floor":16,"turns":8}],"seed_played":"4708174455401279126","potions_obtained":[{"floor":1,"key":"Explosive Potion"},{"floor":7,"key":"PowerPotion"}],"is_trial":false,"path_per_floor":["M","T","M","?","$","R","E","M","T","M","?","M","$","?","R","B"],"character_chosen":"DEFECT","items_purchased":["Genetic Algorithm","Sweeping Beam"],"campfire_rested":0,"item_purchase_floors":[5,5],"current_hp_per_floor":[74,74,72,72,72,72,51,50,50,33,33,33,33,33,33,0],"gold":37,"neow_bonus":"RANDOM_COMMON_RELIC","is_prod":false,"is_daily":false,"chose_seed":false,"campfire_upgraded":2,"win_rate":0,"timestamp":1542648354,"path_taken":["M","?","M","?","$","R","E","M","T","?","?","?","$","?","R","BOSS"],"build_version":"2018-11-15","purchased_purges":1,"victory":false,"max_hp_per_floor":[75,75,75,75,75,75,75,75,75,75,75,75,75,75,75,75],"card_choices":[{"not_picked":["Static Discharge","Lockon"],"picked":"Conserve Battery","floor":1},{"not_picked":["Leap","Tempest"],"picked":"Coolheaded","floor":3},{"not_picked":["Reinforced Body","Aggregate"],"picked":"Lockon","floor":7},{"not_picked":["Streamline","Rebound","Hologram"],"picked":"SKIP","floor":8},{"not_picked":["Hologram","Auto Shields","Reprogram"],"picked":"SKIP","floor":10},{"not_picked":["Hologram","Rip and Tear","Lockon"],"picked":"SKIP","floor":12}],"player_experience":235589,"relics_obtained":[{"floor":7,"key":"Art of War"},{"floor":9,"key":"Dodecahedron"}],"event_choices":[{"damage_healed":0,"gold_gain":0,"player_choice":"Upgraded","damage_taken":0,"max_hp_gain":0,"max_hp_loss":0,"event_name":"Upgrade Shrine","floor":4,"gold_loss":0,"cards_upgraded":["Zap"]},{"cards_removed":["Strike_B"],"damage_healed":0,"gold_gain":0,"player_choice":"Purged","damage_taken":0,"max_hp_gain":0,"max_hp_loss":0,"event_name":"Purifier","floor":11,"gold_loss":0},{"damage_healed":0,"gold_gain":0,"player_choice":"Ignored","damage_taken":0,"max_hp_gain":0,"max_hp_loss":0,"event_name":"Golden Idol","floor":14,"gold_loss":0}],"is_beta":true,"boss_relics":[],"items_purged_floors":[13],"is_endless":false,"potions_floor_spawned":[1,7],"killed_by":"Slime Boss","ascension_level":2}