{"gold_per_floor":[115,126,79,79,30,64,64,92,172,202,202,217,281,313,313,409,409,409,425,118,217,237,263,263,282,282,317,328,328,363,463,463,558,558,576,798,798,816,916,916,947,964,987,483,495,495,2,48,48,48],"floor_reached":51,"playtime":2669,"items_purged":["Strike_B","Strike_B","Strike_B"],"score":1128,"play_id":"11b4e318-d01c-4a3a-b948-ea9776e75c80","local_time":"20190418132909","is_ascension_mode":true,"campfire_choices":[{"data":"Streamline","floor":7.0,"key":"SMITH"},{"data":"Beam Cell","floor":11.0,"key":"SMITH"},{"data":"Go for the Eyes","floor":15.0,"key":"SMITH"},{"floor":24,"key":"REST"},{"floor":29,"key":"REST"},{"floor":32,"key":"REST"},{"data":"Chill","floor":40,"key":"SMITH"},{"data":"Leap","floor":46,"key":"SMITH"},{"data":"Beam Cell","floor":49,"key":"SMITH"}],"neow_cost":"NONE","seed_source_timestamp":1703810796729873,"circlet_count":0,"master_deck":["Defend_B","Defend_B","Defend_B","Defend_B","Zap","Dualcast","Streamline+1","Gash","Gash","Beam Cell+1","Go for the Eyes+1","Conserve Battery","Beam Cell+1","Leap+1","Chill+1","All For One","Gash","Steam","Turbo+1","FTL","Gash","FTL+1","Rebound+1","All For One+1","Gash+1","Finesse","Finesse","Master of Strategy","Machine Learning+1","Go for the Eyes+1"],"special_seed":0,"relics":["Cracked Core","NeowsBlessing","Boot","Mummified Hand","Gremlin Horn","Dream Catcher","Incense Burner","Pantograph","Orrery","Bag of Preparation","Molten Egg 2","Sundial","Red Mask","Singing Bowl","Cables","Calling Bell","Centennial Puzzle","Shuriken","StoneCalendar","Turnip","Frozen Egg 2","DataDisk","Letter Opener","Ornamental Fan","Mango"],"potions_floor_usage":[50,50,50],"damage_taken":[{"damage":0.0,"enemies":"Cultist","floor":1.0,"turns":1.0},{"damage":0.0,"enemies":"Small Slimes","floor":2.0,"turns":1.0},{"damage":0.0,"enemies":"3 Sentries","floor":6.0,"turns":1.0},{"damage":25.0,"enemies":"Lagavulin","floor":8.0,"turns":6.0},{"damage":5.0,"enemies":"3 Sentries","floor":10.0,"turns":6.0},{"damage":4.0,"enemies":"2 Louse","floor":12.0,"turns":2.0},{"damage":2.0,"enemies":"Gremlin Nob","floor":13.0,"turns":3.0},{"damage":16.0,"enemies":"Gremlin Nob","floor":14.0,"turns":3.0},{"damage":10.0,"enemies":"Hexaghost","floor":16.0,"turns":10.0},{"damage":0.0,"enemies":"2 Thieves","floor":18.0,"turns":1.0},{"damage":2.0,"enemies":"Chosen","floor":19.0,"turns":3.0},{"damage":1.0,"enemies":"Centurion and Healer","floor":22.0,"turns":8.0},{"damage":26,"enemies":"Gremlin Leader","floor":23,"turns":6},{"damage":7,"enemies":"Chosen and Byrds","floor":25,"turns":3},{"damage":17,"enemies":"Masked Bandits","floor":27,"turns":4},{"damage":9,"enemies":"Snake Plant","floor":28,"turns":3},{"damage":2,"enemies":"Slavers","floor":30,"turns":5},{"damage":3,"enemies":"Colosseum Slavers","floor":31,"turns":3},{"damage":2,"enemies":"Colosseum Nobs","floor":31,"turns":3},{"damage":49,"enemies":"Champ","floor":33,"turns":6},{"damage":0,"enemies":"Orb Walker","floor":35,"turns":2},{"damage":0,"enemies":"3 Shapes","floor":38,"turns":1},{"damage":3,"enemies":"Mind Bloom Boss Battle","floor":39,"turns":8},{"damage":21,"enemies":"Reptomancer","floor":41,"turns":3},{"damage":0,"enemies":"Jaw Worm Horde","floor":42,"turns":3},{"damage":0,"enemies":"Maw","floor":45,"turns":4},{"damage":1,"enemies":"2 Orb Walkers","floor":48,"turns":4},{"damage":31,"enemies":"Time Eater","floor":50,"turns":4}],"seed_played":"6679585931743087612","potions_obtained":[{"floor":2.0,"key":"SneckoOil"},{"floor":10.0,"key":"Poison Potion"},{"floor":13.0,"key":"SmokeBomb"},{"floor":14.0,"key":"Strength Potion"},{"floor":19.0,"key":"EssenceOfSteel"},{"floor":23,"key":"SpeedPotion"},{"floor":27,"key":"Ancient Potion"}],"is_trial":false,"path_per_floor":["M","M","$","?","$","E","R","E","T","E","R","M","?","E","R","B",null,"M","M","$","?","M","E","R","M","T","?","M","R","E","?","R","B",null,"M","?","?","M","?","R","E","M","T","$","M","R","$","?","R","B",null],"character_chosen":"DEFECT","items_purchased":["Gash","Beam Cell","Bag of Preparation","FTL","Letter Opener","Master of Strategy","Ornamental Fan","Machine Learning+1","Go for the Eyes+1"],"campfire_rested":3,"item_purchase_floors":[3,5,20,20,44,44,47,47,47],"current_hp_per_floor":[68,68,68,61,61,61,61,36,36,31,31,27,25,9,9,24,62,62,60,60,60,59,33,55,48,48,31,22,44,42,37,61,30,67,69,69,61,63,84,84,65,67,67,67,69,69,69,84,84,78],"gold":48,"neow_bonus":"THREE_ENEMY_KILL","is_prod":false,"is_daily":false,"chose_seed":false,"campfire_upgraded":6,"win_rate":0,"timestamp":1555561749,"path_taken":["M","M","$","?","$","E","R","E","T","E","R","M","?","E","R","BOSS","M","M","$","?","M","E","R","M","T","?","M","R","E","?","R","BOSS","M","?","?","M","?","R","E","M","T","$","M","R","$","?","R","BOSS"],"build_version":"2019-01-23","purchased_purges":3,"victory":true,"max_hp_per_floor":[75,75,75,75,75,75,75,75,75,75,75,75,75,75,75,75,75,75,75,75,75,75,75,75,75,75,75,75,75,75,75,77,79,79,81,81,83,85,87,87,89,91,91,91,93,93,93,109,109,109],"card_choices":[{"not_picked":["Stack","Beam Cell"],"picked":"Streamline","floor":1.0},{"not_picked":["Turbo","Ball Lightning"],"picked":"Gash","floor":2.0},{"not_picked":["Skim","Streamline"],"picked":"Go for the Eyes","floor":6.0},{"not_picked":["Sweeping Beam","Ball Lightning"],"picked":"Conserve Battery","floor":8.0},{"not_picked":["Doom and Gloom","Barrage"],"picked":"Beam Cell","floor":10.0},{"not_picked":["Reprogram","Scrape"],"picked":"Leap","floor":12.0},{"not_picked":["Rebound","Undo"],"picked":"Chill","floor":14.0},{"not_picked":["Seek","Reboot"],"picked":"All For One","floor":16.0},{"not_picked":["BootSequence","Genetic Algorithm"],"picked":"Gash","floor":17.0},{"not_picked":["Cold Snap","Static Discharge"],"picked":"Steam","floor":17.0},{"not_picked":["Hyperbeam","Storm"],"picked":"Turbo+1","floor":19.0},{"not_picked":["Go for the Eyes","Skim"],"picked":"Gash","floor":22.0},{"not_picked":["Sweeping Beam+1","Coolheaded"],"picked":"FTL","floor":23},{"not_picked":["Streamline+1","Barrage+1","Machine Learning"],"picked":"SKIP","floor":25},{"not_picked":["Steam+1","Consume"],"picked":"Rebound+1","floor":27},{"not_picked":["Sunder+1","Ball Lightning+1","Streamline+1"],"picked":"SKIP","floor":28},{"not_picked":["Undo","Turbo"],"picked":"All For One+1","floor":30},{"not_picked":["Leap","Genetic Algorithm"],"picked":"Gash+1","floor":31},{"not_picked":["Rebound+1","Genetic Algorithm","Sweeping Beam+1"],"picked":"Singing Bowl","floor":32},{"not_picked":["Electrodynamics","Reboot","Echo Form"],"picked":"Singing Bowl","floor":33},{"not_picked":["Leap","Cold Snap+1","Undo"],"picked":"Singing Bowl","floor":35},{"not_picked":["The Bomb","Jack Of All Trades","Dramatic Entrance+1"],"picked":"Singing Bowl","floor":37},{"not_picked":["Purity","The Bomb"],"picked":"Finesse","floor":37},{"not_picked":["Madness","Metamorphosis"],"picked":"Finesse","floor":37},{"not_picked":["BootSequence+1","Auto Shields+1","Conserve Battery"],"picked":"Singing Bowl","floor":38},{"not_picked":["Tempest+1","Redo+1","Stack+1"],"picked":"Singing Bowl","floor":39},{"not_picked":["Beam Cell+1","Darkness","Steam Power"],"picked":"Singing Bowl","floor":41},{"not_picked":["Rebound+1","Coolheaded","Cold Snap+1"],"picked":"Singing Bowl","floor":42},{"not_picked":["Steam","Undo","Coolheaded"],"picked":"Singing Bowl","floor":45},{"not_picked":["Rainbow","Redo","Stack"],"picked":"Singing Bowl","floor":48}],"player_experience":233317,"relics_obtained":[{"floor":6.0,"key":"Boot"},{"floor":8.0,"key":"Mummified Hand"},{"floor":9.0,"key":"Gremlin Horn"},{"floor":10.0,"key":"Dream Catcher"},{"floor":13.0,"key":"Incense Burner"},{"floor":14.0,"key":"Pantograph"},{"floor":23,"key":"Molten Egg 2"},{"floor":26,"key":"Sundial"},{"floor":27,"key":"Red Mask"},{"floor":30,"key":"Singing Bowl"},{"floor":31,"key":"Cables"},{"floor":34,"key":"Centennial Puzzle"},{"floor":34,"key":"Shuriken"},{"floor":34,"key":"StoneCalendar"},{"floor":39,"key":"Turnip"},{"floor":41,"key":"Frozen Egg 2"},{"floor":43,"key":"DataDisk"},{"floor":48,"key":"Mango"}],"event_choices":[{"cards_removed":["Strike_B"],"damage_healed":0.0,"max_hp_gain":0.0,"max_hp_loss":0.0,"gold_gain":0.0,"event_name":"Golden Wing","player_choice":"Card Removal","floor":4.0,"gold_loss":0.0,"damage_taken":7.0},{"damage_healed":0.0,"max_hp_gain":0.0,"max_hp_loss":0.0,"gold_gain":0.0,"event_name":"Dead Adventurer","player_choice":"Searched \u00272\u0027 times","floor":13.0,"gold_loss":0.0,"damage_taken":0.0},{"damage_healed":0.0,"max_hp_gain":0.0,"max_hp_loss":0.0,"gold_gain":99.0,"event_name":"Nest","player_choice":"Stole From Cult","floor":21.0,"gold_loss":0.0,"damage_taken":0.0},{"damage_healed":0,"gold_gain":0,"player_choice":"Fought Bandits","damage_taken":0,"max_hp_gain":0,"max_hp_loss":0,"event_name":"Masked Bandits","floor":27,"gold_loss":0},{"damage_healed":0,"gold_gain":0,"player_choice":"Fight","damage_taken":0,"max_hp_gain":0,"max_hp_loss":0,"event_name":"Colosseum","floor":31,"gold_loss":0},{"damage_healed":0,"gold_gain":0,"player_choice":"Fought Nobs","damage_taken":0,"max_hp_gain":0,"max_hp_loss":0,"event_name":"Colosseum","floor":31,"gold_loss":0},{"damage_healed":0,"gold_gain":222,"player_choice":"Wore Mask","damage_taken":0,"max_hp_gain":0,"max_hp_loss":0,"event_name":"Tomb of Lord Red Mask","floor":36,"gold_loss":0},{"damage_healed":0,"gold_gain":0,"player_choice":"Memory 3","damage_taken":10,"max_hp_gain":0,"max_hp_loss":0,"event_name":"SensoryStone","floor":37,"gold_loss":0},{"damage_healed":0,"gold_gain":0,"player_choice":"Fight","damage_taken":0,"max_hp_gain":0,"max_hp_loss":0,"event_name":"MindBloom","floor":39,"gold_loss":0},{"damage_healed":0,"gold_gain":0,"player_choice":"Fight","damage_taken":0,"max_hp_gain":0,"max_hp_loss":0,"event_name":"Mysterious Sphere","floor":48,"gold_loss":0}],"is_beta":false,"boss_relics":[{"not_picked":["Snecko Eye","Busted Crown"],"picked":"Orrery"},{"not_picked":["Inserter","FrozenCore"],"picked":"Calling Bell"}],"items_purged_floors":[20,44,47],"is_endless":false,"potions_floor_spawned":[2,10,13,14,19,23,27,30,31,31,39,41,42,45],"ascension_level":6}