{"gold_per_floor":[113,128,147,147,161,196,196,224,277,277,277,291,318,62,62,165,165,180,180,280,291,306,306,59,59,59,59,74,74,74,101,101,197,197,216,216,216,216,35,35,68,81,106,106,106,106,133,153,153,153],"floor_reached":51,"playtime":2767,"items_purged":[],"score":802,"play_id":"42577603-4ba3-4653-8d5c-300d11a6fca5","local_time":"20181030211933","is_ascension_mode":true,"campfire_choices":[{"floor":7.0,"key":"REST"},{"floor":11.0,"key":"REST"},{"data":"Zap","floor":15.0,"key":"SMITH"},{"floor":23.0,"key":"REST"},{"floor":25.0,"key":"REST"},{"data":"Genetic Algorithm","floor":30,"key":"SMITH"},{"data":"Go for the Eyes","floor":32,"key":"SMITH"},{"data":"Forethought","floor":40,"key":"SMITH"},{"data":"Chaos","floor":44,"key":"SMITH"},{"data":"Rainbow","floor":49,"key":"SMITH"}],"neow_cost":"NONE","seed_source_timestamp":129865661310182,"circlet_count":0,"master_deck":["Strike_B","Strike_B","Strike_B","Strike_B","Defend_B","Defend_B","Defend_B","Defend_B","Zap+1","Dualcast","Forethought+1","Leap","Conserve Battery","Compile Driver","Conserve Battery","Glacier","Clumsy","Chaos+1","Amplify","Static Discharge+1","Ball Lightning","Electrodynamics+1","Coolheaded+1","Genetic Algorithm+1","Static Discharge+1","Hologram+1","Go for the Eyes+1","Defragment+1","Skim","Capacitor+1","Rainbow+1","Zap+1","Self Repair+1","Echo Form+1","Redo+1","Capacitor+1","Amplify","Self Repair+1","Barrage+1","Madness","Madness"],"special_seed":0,"relics":["Cracked Core","WarpedTongs","Frozen Egg 2","Mercury Hourglass","PreservedInsect","Dream Catcher","Nuclear Battery","Enchiridion","Nunchaku","Shuriken","Meat on the Bone","Kunai","Bottled Flame","Eternal Feather","Oddly Smooth Stone","Orichalcum","Sundial"],"potions_floor_usage":[35,46,50,50,50],"damage_taken":[{"damage":0.0,"enemies":"Cultist","floor":1.0,"turns":3.0},{"damage":0.0,"enemies":"Jaw Worm","floor":2.0,"turns":4.0},{"damage":0.0,"enemies":"Small Slimes","floor":3.0,"turns":4.0},{"damage":6.0,"enemies":"Looter","floor":5.0,"turns":4.0},{"damage":57.0,"enemies":"Gremlin Nob","floor":6.0,"turns":5.0},{"damage":11.0,"enemies":"Lagavulin","floor":8.0,"turns":6.0},{"damage":0.0,"enemies":"Exordium Wildlife","floor":12.0,"turns":3.0},{"damage":7.0,"enemies":"Gremlin Nob","floor":13.0,"turns":3.0},{"damage":13.0,"enemies":"Slime Boss","floor":16.0,"turns":7.0},{"damage":0.0,"enemies":"Shell Parasite","floor":18.0,"turns":4.0},{"damage":17.0,"enemies":"Colosseum Slavers","floor":20.0,"turns":3.0},{"damage":26.0,"enemies":"Colosseum Nobs","floor":20.0,"turns":4.0},{"damage":0.0,"enemies":"Spheric Guardian","floor":21.0,"turns":3.0},{"damage":8.0,"enemies":"Snecko","floor":22.0,"turns":6.0},{"damage":2.0,"enemies":"Shelled Parasite and Fungi","floor":28.0,"turns":5.0},{"damage":16,"enemies":"Gremlin Leader","floor":31,"turns":5},{"damage":30,"enemies":"Champ","floor":33,"turns":9},{"damage":20,"enemies":"Orb Walker","floor":35,"turns":5},{"damage":48,"enemies":"Reptomancer","floor":41,"turns":5},{"damage":33,"enemies":"3 Darklings","floor":42,"turns":5},{"damage":0,"enemies":"Transient","floor":46,"turns":2},{"damage":0,"enemies":"Giant Head","floor":47,"turns":6},{"damage":23,"enemies":"4 Shapes","floor":48,"turns":1},{"damage":49,"enemies":"Time Eater","floor":50,"turns":9}],"seed_played":"6355995814437533922","potions_obtained":[{"floor":1.0,"key":"Ancient Potion"},{"floor":8.0,"key":"Swift Potion"},{"floor":12.0,"key":"Regen Potion"},{"floor":16.0,"key":"Block Potion"},{"floor":20.0,"key":"Explosive Potion"},{"floor":22.0,"key":"EssenceOfSteel"},{"floor":28.0,"key":"Strength Potion"},{"floor":31,"key":"Block Potion"},{"floor":37,"key":"FearPotion"},{"floor":37,"key":"SmokeBomb"},{"floor":47,"key":"Ancient Potion"},{"floor":48,"key":"Poison Potion"}],"is_trial":false,"path_per_floor":["M","M","M","?","M","E","R","E","T","?","R","M","E","$","R","B",null,"M","?","?","M","M","R","$","R","T","?","M","?","R","E","R","B",null,"M","?","?","?","$","R","E","M","T","R","?","M","E","M","R","B"],"character_chosen":"DEFECT","items_purchased":["Amplify","Static Discharge+1","Ball Lightning","Meat on the Bone","Capacitor+1","Amplify"],"campfire_rested":4,"item_purchase_floors":[14,14,14,24,39,39],"current_hp_per_floor":[75,75,75,75,69,12,34,23,23,23,45,45,38,38,38,25,75,75,59,16,16,8,30,30,52,52,52,50,50,50,46,46,28,75,55,55,55,55,55,75,49,48,48,69,60,60,75,62,75,38],"gold":153,"neow_bonus":"RANDOM_COLORLESS","is_prod":false,"is_daily":false,"chose_seed":false,"campfire_upgraded":6,"win_rate":0,"timestamp":1540948773,"path_taken":["M","M","?","?","?","E","R","E","T","?","R","M","E","$","R","BOSS","M","?","?","M","M","R","$","R","T","?","?","?","R","E","R","BOSS","M","?","?","?","$","R","E","?","T","R","?","M","E","M","R","BOSS"],"build_version":"2018-10-25v2","purchased_purges":0,"victory":true,"max_hp_per_floor":[75,75,75,75,75,75,75,75,75,75,75,75,75,75,75,75,75,75,75,75,75,75,75,75,75,75,75,75,75,75,75,75,75,75,75,75,75,75,75,75,75,75,75,75,75,75,75,75,75,75],"card_choices":[{"not_picked":["Sweeping Beam","Beam Cell"],"picked":"Leap","floor":1.0},{"not_picked":["Turbo","Reprogram"],"picked":"Conserve Battery","floor":2.0},{"not_picked":["Recycle","Barrage"],"picked":"Compile Driver","floor":3.0},{"not_picked":["Barrage","Steam Power"],"picked":"Melter","floor":5.0},{"not_picked":["FTL","Sweeping Beam"],"picked":"Conserve Battery","floor":6.0},{"not_picked":["Redo","Fusion"],"picked":"Glacier","floor":8.0},{"not_picked":["Barrage","Turbo","Steam Power"],"picked":"SKIP","floor":12.0},{"not_picked":["Streamline","Reboot"],"picked":"Chaos","floor":13.0},{"not_picked":["Multi-Cast","Echo Form+1"],"picked":"Electrodynamics+1","floor":16.0},{"not_picked":["Ball Lightning","Leap"],"picked":"Coolheaded+1","floor":18.0},{"not_picked":["Go for the Eyes","Tempest+1"],"picked":"Genetic Algorithm","floor":20.0},{"not_picked":["Sweeping Beam","Lockon"],"picked":"Static Discharge+1","floor":21.0},{"not_picked":["Double Energy+1","Sweeping Beam"],"picked":"Hologram+1","floor":22.0},{"not_picked":["Gash","Sweeping Beam"],"picked":"Go for the Eyes","floor":23.0},{"not_picked":["Gash+1","Amplify"],"picked":"Defragment+1","floor":25.0},{"not_picked":["Turbo+1","Barrage"],"picked":"Skim","floor":28.0},{"not_picked":["Skim","Double Energy"],"picked":"Self Repair+1","floor":31},{"not_picked":["Buffer+1","Core Surge"],"picked":"Echo Form+1","floor":33},{"not_picked":["Streamline","Coolheaded+1"],"picked":"Redo+1","floor":35},{"not_picked":["Leap+1","Auto Shields+1"],"picked":"Self Repair+1","floor":41},{"not_picked":["Conserve Battery+1","Rebound"],"picked":"Barrage+1","floor":42},{"not_picked":["Leap+1","Scrape+1","Biased Cognition+1"],"picked":"SKIP","floor":47},{"not_picked":["Rebound","Steam Power","Scrape+1"],"picked":"SKIP","floor":48}],"player_experience":188534,"relics_obtained":[{"floor":6.0,"key":"Frozen Egg 2"},{"floor":8.0,"key":"Mercury Hourglass"},{"floor":9.0,"key":"PreservedInsect"},{"floor":13.0,"key":"Dream Catcher"},{"floor":19.0,"key":"Enchiridion"},{"floor":20.0,"key":"Nunchaku"},{"floor":20.0,"key":"Shuriken"},{"floor":26.0,"key":"Kunai"},{"floor":31,"key":"Bottled Flame"},{"floor":41,"key":"Oddly Smooth Stone"},{"floor":43,"key":"Orichalcum"},{"floor":47,"key":"Sundial"}],"event_choices":[{"damage_healed":0.0,"max_hp_gain":0.0,"max_hp_loss":0.0,"gold_gain":0.0,"event_name":"Accursed Blacksmith","player_choice":"Rummage","floor":4.0,"gold_loss":0.0,"damage_taken":0.0,"relics_obtained":["WarpedTongs"],"cards_obtained":["Pain"]},{"damage_healed":0.0,"max_hp_gain":0.0,"max_hp_loss":0.0,"gold_gain":0.0,"cards_transformed":["Pain"],"event_name":"Transmorgrifier","player_choice":"Transformed","floor":10.0,"gold_loss":0.0,"damage_taken":0.0,"cards_obtained":["Clumsy"]},{"damage_healed":0.0,"max_hp_gain":0.0,"max_hp_loss":0.0,"gold_gain":0.0,"event_name":"Cursed Tome","player_choice":"Obtained Book","floor":19.0,"gold_loss":0.0,"damage_taken":16.0},{"damage_healed":0.0,"max_hp_gain":0.0,"max_hp_loss":0.0,"gold_gain":0.0,"event_name":"Colosseum","player_choice":"Fight","floor":20.0,"gold_loss":0.0,"damage_taken":0.0},{"damage_healed":0.0,"max_hp_gain":0.0,"max_hp_loss":0.0,"gold_gain":0.0,"event_name":"Colosseum","player_choice":"Fought Nobs","floor":20.0,"gold_loss":0.0,"damage_taken":0.0},{"damage_healed":0.0,"max_hp_gain":0.0,"max_hp_loss":0.0,"gold_gain":0.0,"event_name":"Ghosts","player_choice":"Ignored","floor":27.0,"gold_loss":0.0,"damage_taken":0.0},{"damage_healed":0,"gold_gain":0,"player_choice":"3 cards matched","damage_taken":0,"max_hp_gain":0,"max_hp_loss":0,"event_name":"Match and Keep!","floor":29,"gold_loss":0,"cards_obtained":["Capacitor","Rainbow","Zap"]},{"cards_removed":["Melter"],"damage_healed":0,"gold_gain":0,"player_choice":"Removed Attack","damage_taken":0,"max_hp_gain":0,"max_hp_loss":0,"event_name":"Falling","floor":36,"gold_loss":0},{"damage_healed":0,"gold_gain":0,"player_choice":"Got Potions","damage_taken":0,"max_hp_gain":0,"max_hp_loss":0,"event_name":"The Lab","floor":37,"gold_loss":0},{"damage_healed":0,"gold_gain":0,"player_choice":"Upgraded","damage_taken":0,"max_hp_gain":0,"max_hp_loss":0,"event_name":"Upgrade Shrine","floor":38,"gold_loss":0,"cards_upgraded":["Zap"]},{"damage_healed":0,"gold_gain":0,"player_choice":"Embrace Madness","damage_taken":9,"max_hp_gain":0,"max_hp_loss":0,"event_name":"Winding Halls","floor":45,"gold_loss":0,"cards_obtained":["Madness","Madness"]}],"is_beta":false,"boss_relics":[{"not_picked":["Sozu","Snecko Eye"],"picked":"Nuclear Battery"},{"not_picked":["Pandora\u0027s Box","Orrery"],"picked":"Eternal Feather"}],"items_purged_floors":[],"is_endless":false,"potions_floor_spawned":[1,8,12,13,16,20,22,28,31,46,47,48],"ascension_level":1}