{"gold_per_floor":[111,121,71,146,146,146,171,171,220,220,220,24,24,58,58,58],"floor_reached":16,"playtime":310,"items_purged":[],"score":130,"play_id":"dac9a170-6fc0-48b2-a1d3-63664ba6fbd3","local_time":"20190520211807","is_ascension_mode":true,"campfire_choices":[{"data":"Bash","floor":6,"key":"SMITH"},{"floor":8,"key":"REST"},{"data":"Shrug It Off","floor":11,"key":"SMITH"},{"data":"Feed","floor":15,"key":"SMITH"}],"neow_cost":"PERCENT_DAMAGE","seed_source_timestamp":38015608518328,"circlet_count":0,"master_deck":["Strike_R","Strike_R","Strike_R","Defend_R","Defend_R","Bash+1","Shrug It Off+1","Feed+1"],"relics":["Burning Blood","Regal Pillow","Dream Catcher","Sling","Oddly Smooth Stone"],"potions_floor_usage":[16,16],"damage_taken":[{"damage":1,"enemies":"2 Louse","floor":1,"turns":3},{"damage":12,"enemies":"Small Slimes","floor":2,"turns":4},{"damage":42,"enemies":"Lagavulin","floor":7,"turns":9},{"damage":16,"enemies":"Gremlin Nob","floor":14,"turns":3},{"damage":77,"enemies":"Slime Boss","floor":16,"turns":10}],"seed_played":"4416340889055315076","potions_obtained":[{"floor":7,"key":"SteroidPotion"},{"floor":14,"key":"BloodPotion"}],"is_trial":false,"path_per_floor":["M","M","?","?","?","R","E","R","T","?","R","$","$","E","R","B"],"character_chosen":"IRONCLAD","items_purchased":["Sling"],"campfire_rested":1,"item_purchase_floors":[12],"current_hp_per_floor":[61,55,55,44,44,44,8,47,47,73,73,73,73,63,63,0],"gold":58,"neow_bonus":"REMOVE_TWO","is_prod":false,"is_daily":false,"chose_seed":false,"campfire_upgraded":3,"win_rate":0,"timestamp":1558379887,"path_taken":["M","M","?","?","?","R","E","R","T","?","R","?","$","E","R","BOSS"],"build_version":"2019-01-23","purchased_purges":0,"victory":false,"max_hp_per_floor":[80,80,80,80,80,80,80,80,80,80,80,80,80,80,80,80],"card_choices":[{"not_picked":["Perfected Strike","Blood for Blood"],"picked":"Shrug It Off","floor":1},{"not_picked":["Heavy Blade","Anger","Seeing Red"],"picked":"SKIP","floor":2},{"not_picked":["Feel No Pain","Havoc","Body Slam"],"picked":"SKIP","floor":7},{"not_picked":["Shrug It Off","Armaments"],"picked":"Feed","floor":14}],"player_experience":80747,"relics_obtained":[{"floor":7,"key":"Regal Pillow"},{"floor":9,"key":"Dream Catcher"},{"floor":14,"key":"Oddly Smooth Stone"}],"event_choices":[{"cards_removed":["Strike_R"],"damage_healed":0,"gold_gain":0,"player_choice":"Card Removal","damage_taken":0,"max_hp_gain":0,"max_hp_loss":0,"event_name":"The Cleric","floor":3,"gold_loss":50},{"damage_healed":0,"gold_gain":75,"player_choice":"Gather Gold","damage_taken":11,"max_hp_gain":0,"max_hp_loss":0,"event_name":"World of Goop","floor":4,"gold_loss":0},{"cards_removed":["Defend_R"],"damage_healed":0,"gold_gain":0,"player_choice":"Forget","damage_taken":0,"max_hp_gain":0,"max_hp_loss":0,"event_name":"Living Wall","floor":5,"gold_loss":0},{"damage_healed":26,"gold_gain":0,"player_choice":"Banana","damage_taken":0,"max_hp_gain":0,"max_hp_loss":0,"event_name":"Big Fish","floor":10,"gold_loss":0}],"is_beta":false,"boss_relics":[],"items_purged_floors":[],"is_endless":false,"potions_floor_spawned":[7,14],"killed_by":"Slime Boss","ascension_level":5}