{"gold_per_floor":[119,119,47,66,66,96,112,112,112,112,131,142,172,187,187,285,285,303,321,321,127,146,146,107,107,179,179,179,179,191,210,210,306,306,318,337,223,243,261,261,290,110,135,150,166,176,176,176,176,176],"floor_reached":51,"playtime":3206,"items_purged":["Storm of Steel","Underhanded Strike"],"score":1091,"play_id":"da3c87c8-02bc-4945-a447-3111346ea7d5","local_time":"20190522163612","is_ascension_mode":true,"campfire_choices":[{"floor":8.0,"key":"REST"},{"data":"Cloak And Dagger","floor":10.0,"key":"SMITH"},{"floor":15.0,"key":"REST"},{"floor":23.0,"key":"DIG"},{"floor":27.0,"key":"DIG"},{"floor":29.0,"key":"DIG"},{"floor":32.0,"key":"DIG"},{"floor":40.0,"key":"REST"},{"floor":47,"key":"REST"},{"floor":49,"key":"DIG"}],"neow_cost":"NONE","seed_source_timestamp":0,"circlet_count":0,"master_deck":["AscendersBane","Survivor","Neutralize","Caltrops","Accuracy","All Out Attack","Calculated Gamble","Cloak And Dagger+1","Malaise","Infinite Blades","After Image+1","Cloak And Dagger","A Thousand Cuts","Skewer","PiercingWail+1","Blade Dance","Dash","Corpse Explosion","Doppelganger","Cloak And Dagger","Storm of Steel","Wraith Form v2","Envenom","Doppelganger","Leg Sweep","PiercingWail+1","Footwork","Blur","Accuracy","Acrobatics","Blade Dance","Adrenaline"],"special_seed":0,"relics":["Ring of the Snake","Omamori","Ninja Scroll","Question Card","Bag of Preparation","Shovel","Busted Crown","Vajra","Gremlin Horn","Ornamental Fan","Pantograph","Potion Belt","Anchor","Pen Nib","Pandora\u0027s Box","Boot","Art of War","Kunai"],"potions_floor_usage":[50,50],"damage_taken":[{"damage":7.0,"enemies":"Cultist","floor":1.0,"turns":6.0},{"damage":0.0,"enemies":"2 Louse","floor":4.0,"turns":2.0},{"damage":38.0,"enemies":"Gremlin Nob","floor":6.0,"turns":5.0},{"damage":1.0,"enemies":"Jaw Worm","floor":7.0,"turns":4.0},{"damage":23.0,"enemies":"Exordium Thugs","floor":11.0,"turns":7.0},{"damage":6.0,"enemies":"Large Slime","floor":12.0,"turns":6.0},{"damage":12.0,"enemies":"3 Sentries","floor":13.0,"turns":7.0},{"damage":0.0,"enemies":"2 Fungi Beasts","floor":14.0,"turns":3.0},{"damage":13.0,"enemies":"Hexaghost","floor":16.0,"turns":11.0},{"damage":4.0,"enemies":"3 Byrds","floor":18.0,"turns":5.0},{"damage":27.0,"enemies":"2 Thieves","floor":19.0,"turns":3.0},{"damage":1.0,"enemies":"Centurion and Healer","floor":22.0,"turns":7.0},{"damage":8.0,"enemies":"Cultist and Chosen","floor":30.0,"turns":6.0},{"damage":0.0,"enemies":"Chosen and Byrds","floor":31.0,"turns":5.0},{"damage":59.0,"enemies":"Collector","floor":33.0,"turns":15.0},{"damage":19.0,"enemies":"3 Shapes","floor":35.0,"turns":6.0},{"damage":0.0,"enemies":"Orb Walker","floor":36.0,"turns":5.0},{"damage":0.0,"enemies":"Jaw Worm Horde","floor":38.0,"turns":5.0},{"damage":1.0,"enemies":"Sphere and 2 Shapes","floor":39.0,"turns":5.0},{"damage":35.0,"enemies":"Giant Head","floor":41.0,"turns":10.0},{"damage":5.0,"enemies":"3 Darklings","floor":44.0,"turns":4.0},{"damage":8.0,"enemies":"Writhing Mass","floor":45.0,"turns":8.0},{"damage":1,"enemies":"Sphere and 2 Shapes","floor":46,"turns":7},{"damage":25,"enemies":"Donu and Deca","floor":50,"turns":8}],"seed_played":"-1746754645803087290","potions_obtained":[{"floor":4.0,"key":"Strength Potion"},{"floor":5.0,"key":"Regen Potion"},{"floor":5.0,"key":"GhostInAJar"},{"floor":7.0,"key":"Poison Potion"},{"floor":14.0,"key":"LiquidBronze"},{"floor":30.0,"key":"PowerPotion"},{"floor":33.0,"key":"Fire Potion"},{"floor":41.0,"key":"GhostInAJar"},{"floor":46,"key":"FairyPotion"}],"is_trial":false,"path_per_floor":["M","?","$","M","?","E","M","R","T","R","M","M","E","M","R","B",null,"M","M","?","$","M","R","$","T","T","R","?","R","M","M","R","B",null,"M","M","$","M","M","R","E","$","T","M","M","M","R","?","R","B",null],"character_chosen":"THE_SILENT","items_purchased":["Accuracy","Blade Dance","Vajra","Dash","Footwork","Accuracy"],"campfire_rested":4,"item_purchase_floors":[3,21,21,24,37,42],"current_hp_per_floor":[56,53,53,53,53,29,28,49,49,49,26,20,8,8,29,16,57,53,26,26,26,25,25,25,25,25,25,48,48,40,40,40,6,54,35,35,35,35,34,55,20,20,20,15,7,6,27,27,27,27],"gold":176,"neow_bonus":"RANDOM_COMMON_RELIC","is_prod":false,"is_daily":false,"chose_seed":false,"campfire_upgraded":1,"win_rate":0,"timestamp":1558514172,"path_taken":["M","?","$","M","?","E","?","R","T","R","M","?","E","M","R","BOSS","M","M","?","$","M","R","$","?","T","R","?","R","M","M","R","BOSS","M","M","$","M","M","R","E","$","T","M","M","M","R","?","R","BOSS"],"build_version":"2019-01-23","purchased_purges":2,"victory":true,"max_hp_per_floor":[70,70,70,70,70,70,70,70,70,70,70,70,70,70,70,70,70,70,70,70,70,70,70,70,70,70,70,70,70,70,70,70,70,70,70,70,70,70,70,70,70,70,70,70,70,70,70,70,70,70],"card_choices":[{"not_picked":["Deflect","Flechettes"],"picked":"Caltrops","floor":1.0},{"not_picked":["Flying Knee","PiercingWail"],"picked":"All Out Attack","floor":4.0},{"not_picked":["Expertise","All Out Attack"],"picked":"Calculated Gamble","floor":6.0},{"not_picked":["Bane","Acrobatics","Deadly Poison"],"picked":"Cloak And Dagger","floor":7.0},{"not_picked":["Dagger Throw","Dagger Spray","Flying Knee"],"picked":"Malaise","floor":11.0},{"not_picked":["Escape Plan","Prepared","Deadly Poison"],"picked":"Infinite Blades","floor":12.0},{"not_picked":["Slice","Well Laid Plans","Die Die Die"],"picked":"After Image","floor":13.0},{"not_picked":["Dagger Spray","Backflip","Blade Dance"],"picked":"Cloak And Dagger","floor":14.0},{"not_picked":["Die Die Die","Venomology","Corpse Explosion"],"picked":"A Thousand Cuts","floor":16.0},{"not_picked":["Acrobatics"],"picked":"Skewer","floor":18.0},{"not_picked":["Dagger Throw"],"picked":"PiercingWail+1","floor":19.0},{"not_picked":["Caltrops","Quick Slash"],"picked":"SKIP","floor":22.0},{"not_picked":["Quick Slash","Prepared"],"picked":"SKIP","floor":30.0},{"not_picked":["Quick Slash","Underhanded Strike+1"],"picked":"SKIP","floor":31.0},{"not_picked":["Unload"],"picked":"Corpse Explosion","floor":33.0},{"not_picked":["Finisher","Blade Dance"],"picked":"SKIP","floor":35.0},{"not_picked":["Escape Plan"],"picked":"PiercingWail+1","floor":36.0},{"not_picked":["Deflect","Backflip"],"picked":"SKIP","floor":38.0},{"not_picked":["Dagger Throw","Footwork"],"picked":"SKIP","floor":39.0},{"not_picked":["PiercingWail"],"picked":"Blur","floor":41.0},{"not_picked":["Footwork+1","Poisoned Stab"],"picked":"SKIP","floor":44.0},{"not_picked":["Sucker Punch"],"picked":"Acrobatics","floor":45.0},{"not_picked":["PiercingWail"],"picked":"Blade Dance","floor":46}],"player_experience":769434,"relics_obtained":[{"floor":6.0,"key":"Question Card"},{"floor":9.0,"key":"Bag of Preparation"},{"floor":13.0,"key":"Shovel"},{"floor":23.0,"key":"Gremlin Horn"},{"floor":25.0,"key":"Ornamental Fan"},{"floor":26.0,"key":"Pantograph"},{"floor":27.0,"key":"Potion Belt"},{"floor":29.0,"key":"Anchor"},{"floor":32.0,"key":"Pen Nib"},{"floor":41.0,"key":"Boot"},{"floor":43.0,"key":"Art of War"},{"floor":49,"key":"Kunai"}],"event_choices":[{"damage_healed":0.0,"max_hp_gain":0.0,"max_hp_loss":0.0,"gold_gain":0.0,"event_name":"Scrap Ooze","player_choice":"Success","floor":2.0,"gold_loss":0.0,"damage_taken":3.0,"relics_obtained":["Ninja Scroll"]},{"damage_healed":0.0,"max_hp_gain":0.0,"max_hp_loss":0.0,"gold_gain":0.0,"event_name":"Lab","player_choice":"Got Potions","floor":5.0,"gold_loss":0.0,"damage_taken":0.0},{"damage_healed":0.0,"max_hp_gain":0.0,"max_hp_loss":0.0,"gold_gain":0.0,"event_name":"Upgrade Shrine","player_choice":"Upgraded","floor":20.0,"gold_loss":0.0,"damage_taken":0.0,"cards_upgraded":["After Image"]},{"damage_healed":23.0,"max_hp_gain":0.0,"max_hp_loss":0.0,"gold_gain":0.0,"event_name":"The Library","player_choice":"Heal","floor":28.0,"gold_loss":0.0,"damage_taken":0.0},{"damage_healed":0,"gold_gain":0,"cards_transformed":["Dagger Throw"],"player_choice":"Transformed","damage_taken":0,"max_hp_gain":0,"max_hp_loss":0,"event_name":"Transmorgrifier","floor":48,"gold_loss":0,"cards_obtained":["Adrenaline"]}],"is_beta":false,"boss_relics":[{"not_picked":["Black Star","HoveringKite"],"picked":"Busted Crown"},{"not_picked":["Runic Dome","Philosopher\u0027s Stone"],"picked":"Pandora\u0027s Box"}],"items_purged_floors":[37,42],"is_endless":false,"potions_floor_spawned":[4,7,12,14,16,18,30,33,36,38,41,46],"ascension_level":12}