{"gold_per_floor":[117,117,117,140,213,252,302,320,346,346,366,446,446,496,496,626,626,626,651,626,586,233,233,258,308,308,323,45,45,95,108,108,228,228,242,190,240,253,303,303,317,317,317,700,710,710,760,79,79,79],"floor_reached":51,"playtime":1908,"items_purged":["Creative AI","Strike_B+1"],"score":668,"play_id":"ca523c07-c221-406d-8f8e-98a8deaa64d4","local_time":"20190408093046","is_ascension_mode":false,"campfire_choices":[{"floor":10.0,"key":"REST"},{"data":"Zap","floor":13.0,"key":"SMITH"},{"data":"Dualcast","floor":15.0,"key":"SMITH"},{"data":"1","floor":23.0,"key":"LIFT"},{"data":"2","floor":29.0,"key":"LIFT"},{"floor":32.0,"key":"REST"},{"data":"3","floor":40,"key":"LIFT"},{"data":"Hologram","floor":42,"key":"SMITH"},{"data":"Buffer","floor":46,"key":"SMITH"},{"data":"Scrape","floor":49,"key":"SMITH"}],"neow_cost":"NONE","seed_source_timestamp":826266568835092,"circlet_count":0,"master_deck":["Defend_B","Defend_B","Defend_B","Zap+1","Dualcast+1","Streamline+1","Gash+1","Steam","Buffer+1","Hologram+1","Go for the Eyes","All For One","Hologram+1","Gash","Beam Cell+1","Conserve Battery","Gash","Scrape+1","Good Instincts"],"special_seed":0,"relics":["Cracked Core","NeowsBlessing","SsserpentHead","Ancient Tea Set","Regal Pillow","Juzu Bracelet","Calling Bell","Orichalcum","Dodecahedron","Girya","Sling","Meat on the Bone","Oddly Smooth Stone","Empty Cage","Pantograph","Lee\u0027s Waffle","Strawberry"],"potions_floor_usage":[50],"damage_taken":[{"damage":0.0,"enemies":"Jaw Worm","floor":1.0,"turns":1.0},{"damage":0.0,"enemies":"Cultist","floor":4.0,"turns":1.0},{"damage":0.0,"enemies":"Small Slimes","floor":5.0,"turns":1.0},{"damage":35.0,"enemies":"3 Sentries","floor":6.0,"turns":9.0},{"damage":0.0,"enemies":"Looter","floor":8.0,"turns":3.0},{"damage":1.0,"enemies":"3 Louse","floor":11.0,"turns":3.0},{"damage":20.0,"enemies":"The Guardian","floor":16.0,"turns":10.0},{"damage":0.0,"enemies":"3 Byrds","floor":18.0,"turns":2.0},{"damage":9.0,"enemies":"Chosen","floor":19.0,"turns":5.0},{"damage":14.0,"enemies":"Shelled Parasite and Fungi","floor":24.0,"turns":4.0},{"damage":22.0,"enemies":"Snake Plant","floor":27.0,"turns":3.0},{"damage":0.0,"enemies":"Cultist and Chosen","floor":31.0,"turns":4.0},{"damage":5.0,"enemies":"Collector","floor":33.0,"turns":6.0},{"damage":5.0,"enemies":"3 Shapes","floor":35.0,"turns":6.0},{"damage":7,"enemies":"Orb Walker","floor":38,"turns":3},{"damage":0,"enemies":"4 Shapes","floor":41,"turns":6},{"damage":13,"enemies":"Spire Growth","floor":45,"turns":3},{"damage":33,"enemies":"Awakened One","floor":50,"turns":9}],"seed_played":"4627750055348045817","potions_obtained":[{"floor":6.0,"key":"SmokeBomb"},{"floor":11.0,"key":"SkillPotion"},{"floor":16.0,"key":"Poison Potion"},{"floor":24.0,"key":"Ancient Potion"},{"floor":33.0,"key":"FairyPotion"},{"floor":38,"key":"AttackPotion"},{"floor":41,"key":"Block Potion"}],"is_trial":false,"path_per_floor":["M","?","?","M","M","E","?","M","T","R","M","?","R","?","R","B",null,"M","M","?","?","$","R","M","?","T","M","$","R","?","M","R","B",null,"M","$","?","M","?","R","M","R","T","?","M","R","?","$","R","B",null],"character_chosen":"DEFECT","items_purchased":["All For One","Sling","Gash","Oddly Smooth Stone","Beam Cell","Lee\u0027s Waffle","Scrape","Strawberry","Good Instincts","Strength Potion"],"campfire_rested":2,"item_purchase_floors":[22,22,28,28,36,48,48,48,48,48],"current_hp_per_floor":[75,57,57,57,57,22,22,22,22,59,58,58,58,43,43,23,75,75,66,66,66,66,66,52,52,52,42,42,42,42,42,75,70,75,70,70,70,63,63,63,63,63,63,63,50,50,50,85,85,52],"gold":79,"neow_bonus":"THREE_ENEMY_KILL","is_prod":false,"is_daily":false,"chose_seed":false,"campfire_upgraded":5,"win_rate":0.0,"timestamp":1554683446,"path_taken":["M","?","?","M","?","E","?","M","T","R","M","?","R","?","R","BOSS","M","M","?","?","$","R","M","?","T","M","$","R","?","M","R","BOSS","M","$","?","M","?","R","M","R","T","?","M","R","?","$","R","BOSS"],"build_version":"2019-01-23","purchased_purges":2,"victory":true,"max_hp_per_floor":[75,75,75,75,75,75,75,75,75,75,75,75,75,75,75,75,75,75,75,75,75,75,75,75,75,75,75,75,75,75,75,75,75,75,75,75,75,75,71,71,71,71,71,71,71,71,71,85,85,85],"card_choices":[{"not_picked":["Barrage","Cold Snap"],"picked":"Streamline","floor":1.0},{"not_picked":["Sweeping Beam","Leap"],"picked":"Gash","floor":4.0},{"not_picked":["Streamline","Loop"],"picked":"Steam","floor":5.0},{"not_picked":["Compile Driver","Loop"],"picked":"Buffer","floor":6.0},{"not_picked":["Steam","Coolheaded"],"picked":"Hologram","floor":8.0},{"not_picked":["Streamline","Hello World"],"picked":"Go for the Eyes","floor":11.0},{"not_picked":["Thunder Strike","Fission"],"picked":"Creative AI","floor":16.0},{"not_picked":["Coolheaded","Sweeping Beam","Storm"],"picked":"SKIP","floor":19.0},{"not_picked":["Streamline","Buffer"],"picked":"Hologram","floor":24.0},{"not_picked":["Cold Snap","Streamline","Sweeping Beam"],"picked":"SKIP","floor":27.0},{"not_picked":["Streamline","White Noise"],"picked":"Beam Cell+1","floor":31.0},{"not_picked":["Ball Lightning","Streamline+1","Stack+1"],"picked":"SKIP","floor":35.0},{"not_picked":["Hologram","Steam+1"],"picked":"Conserve Battery","floor":38},{"not_picked":["Reinforced Body+1","Static Discharge","Hologram"],"picked":"SKIP","floor":41},{"not_picked":["Static Discharge+1","Compile Driver+1"],"picked":"Gash","floor":45}],"player_experience":202367,"relics_obtained":[{"floor":6.0,"key":"Ancient Tea Set"},{"floor":9.0,"key":"Regal Pillow"},{"floor":17.0,"key":"Orichalcum"},{"floor":17.0,"key":"Dodecahedron"},{"floor":17.0,"key":"Girya"},{"floor":26.0,"key":"Meat on the Bone"},{"floor":43,"key":"Pantograph"}],"event_choices":[{"damage_healed":0.0,"max_hp_gain":0.0,"max_hp_loss":0.0,"gold_gain":0.0,"event_name":"Golden Idol","player_choice":"Take Damage","floor":2.0,"gold_loss":0.0,"damage_taken":18.0,"relics_obtained":["Golden Idol"]},{"damage_healed":0.0,"max_hp_gain":0.0,"max_hp_loss":0.0,"gold_gain":0.0,"event_name":"FaceTrader","player_choice":"Trade","floor":3.0,"gold_loss":0.0,"damage_taken":0.0,"relics_obtained":["SsserpentHead"]},{"damage_healed":0.0,"max_hp_gain":0.0,"max_hp_loss":0.0,"gold_gain":0.0,"event_name":"Living Wall","player_choice":"Grow","floor":7.0,"gold_loss":0.0,"damage_taken":0.0,"cards_upgraded":["Streamline"]},{"damage_healed":0.0,"max_hp_gain":0.0,"max_hp_loss":0.0,"gold_gain":30.0,"event_name":"Dead Adventurer","player_choice":"Searched \u00273\u0027 times","floor":12.0,"gold_loss":0.0,"damage_taken":0.0,"relics_obtained":["Juzu Bracelet"]},{"damage_healed":0.0,"max_hp_gain":0.0,"max_hp_loss":0.0,"gold_gain":0.0,"event_name":"Shining Light","player_choice":"Entered Light","floor":14.0,"gold_loss":0.0,"damage_taken":15.0,"cards_upgraded":["Strike_B","Hologram"]},{"cards_removed":["Strike_B"],"damage_healed":0.0,"max_hp_gain":0.0,"max_hp_loss":0.0,"gold_gain":0.0,"event_name":"Beggar","player_choice":"Gave Gold","floor":20.0,"gold_loss":75.0,"damage_taken":0.0},{"cards_removed":["Strike_B"],"damage_healed":0.0,"max_hp_gain":0.0,"max_hp_loss":0.0,"gold_gain":0.0,"event_name":"Designer","player_choice":"Upgrade and Remove","floor":21.0,"gold_loss":90.0,"damage_taken":0.0,"cards_upgraded":["Gash"]},{"damage_healed":0.0,"max_hp_gain":0.0,"max_hp_loss":0.0,"gold_gain":0.0,"event_name":"Cursed Tome","player_choice":"Ignored","floor":25.0,"gold_loss":0.0,"damage_taken":0.0},{"damage_healed":0.0,"max_hp_gain":0.0,"max_hp_loss":0.0,"gold_gain":0.0,"event_name":"Vampires","player_choice":"Ignored","floor":30.0,"gold_loss":0.0,"damage_taken":0.0},{"damage_healed":0,"gold_gain":0,"player_choice":"Ignored","damage_taken":0,"max_hp_gain":0,"max_hp_loss":0,"event_name":"Mysterious Sphere","floor":37,"gold_loss":0},{"damage_healed":0,"gold_gain":0,"player_choice":"Max HP","damage_taken":0,"max_hp_gain":0,"max_hp_loss":4,"event_name":"Winding Halls","floor":39,"gold_loss":0},{"damage_healed":0,"gold_gain":333,"player_choice":"Gave Idol","damage_taken":0,"max_hp_gain":0,"max_hp_loss":0,"event_name":"The Moai Head","floor":44,"relics_lost":["Golden Idol"],"gold_loss":0},{"cards_removed":["Beam Cell"],"damage_healed":0,"gold_gain":0,"player_choice":"Removed Attack","damage_taken":0,"max_hp_gain":0,"max_hp_loss":0,"event_name":"Falling","floor":47,"gold_loss":0}],"is_beta":false,"boss_relics":[{"not_picked":["White Beast Statue","Eternal Feather"],"picked":"Calling Bell"},{"not_picked":["Philosopher\u0027s Stone","Lizard Tail"],"picked":"Empty Cage"}],"items_purged_floors":[28,48],"is_endless":false,"potions_floor_spawned":[6,11,16,18,24,33,38,41],"ascension_level":0}