{"gold_per_floor":[112,112,126,73,86,121,121,184,184,184,195,208,208,225,225,326,326,337,337,371,371,38,38,137,137,137,137,30,30,30,41,41,143,143,163,163,163,163],"floor_reached":38,"playtime":1992,"items_purged":[],"score":397,"play_id":"fff08bf8-19b8-4534-b2dc-8e6c33f7a21c","local_time":"20181025093707","is_ascension_mode":true,"campfire_choices":[{"floor":7.0,"key":"REST"},{"floor":15.0,"key":"REST"},{"floor":23.0,"key":"REST"},{"data":"Defragment","floor":30.0,"key":"SMITH"},{"floor":32.0,"key":"REST"}],"neow_cost":"NONE","seed_source_timestamp":0,"circlet_count":0,"master_deck":["Strike_B+1","Strike_B+1","Defend_B+1","Defend_B+1","Defend_B+1","Defend_B+1","Zap","Dualcast","Coolheaded","Undo","Coolheaded","Melter","Cold Snap","Defragment+1","Self Repair","Capacitor","Hello World","Barrage","Rainbow","Barrage","Conserve Battery+1","Doom and Gloom","Chaos","Defragment","Leap","Doom and Gloom","FTL","Chaos","Electrodynamics","Writhe"],"special_seed":0,"relics":["Cracked Core","Dream Catcher","Sundial","Tiny Chest","Bottled Tornado","White Beast Statue","Red Mask","PreservedInsect","Juzu Bracelet","Shovel","Oddly Smooth Stone","Eternal Feather"],"potions_floor_usage":[38],"damage_taken":[{"damage":3.0,"enemies":"2 Louse","floor":1.0,"turns":2.0},{"damage":2.0,"enemies":"Cultist","floor":3.0,"turns":4.0},{"damage":1.0,"enemies":"Small Slimes","floor":5.0,"turns":4.0},{"damage":44.0,"enemies":"Gremlin Nob","floor":6.0,"turns":5.0},{"damage":17.0,"enemies":"3 Sentries","floor":8.0,"turns":10.0},{"damage":7.0,"enemies":"Looter","floor":11.0,"turns":4.0},{"damage":12.0,"enemies":"Red Slaver","floor":12.0,"turns":4.0},{"damage":6.0,"enemies":"Blue Slaver","floor":14.0,"turns":4.0},{"damage":34.0,"enemies":"The Guardian","floor":16.0,"turns":13.0},{"damage":18.0,"enemies":"Chosen","floor":18.0,"turns":8.0},{"damage":53.0,"enemies":"Masked Bandits","floor":20.0,"turns":5.0},{"damage":5.0,"enemies":"Shell Parasite","floor":31.0,"turns":6.0},{"damage":31.0,"enemies":"Collector","floor":33.0,"turns":16.0},{"damage":29.0,"enemies":"3 Darklings","floor":35.0,"turns":7.0},{"damage":78,"enemies":"2 Orb Walkers","floor":38,"turns":5}],"seed_played":"-8795570471423727440","potions_obtained":[{"floor":5.0,"key":"PowerPotion"},{"floor":6.0,"key":"Poison Potion"},{"floor":12.0,"key":"Weak Potion"},{"floor":14.0,"key":"Explosive Potion"},{"floor":16.0,"key":"Fruit Juice"},{"floor":18.0,"key":"FocusPotion"},{"floor":20.0,"key":"FearPotion"},{"floor":31.0,"key":"FearPotion"},{"floor":33.0,"key":"FocusPotion"},{"floor":35.0,"key":"FearPotion"}],"is_trial":false,"path_per_floor":["M","?","M","$","M","E","R","E","T","?","M","M","?","M","R","B",null,"M","?","?","?","$","R","?","?","T","$","$","?","R","M","R","B",null,"M","?","?"],"character_chosen":"DEFECT","items_purchased":["Coolheaded","PreservedInsect","Juzu Bracelet","Chaos","Leap","Doom and Gloom"],"campfire_rested":4,"item_purchase_floors":[4,22,22,22,28,28],"current_hp_per_floor":[72,72,70,70,69,25,47,30,30,30,30,18,18,19,41,19,80,69,69,23,23,23,47,47,47,47,47,47,47,47,49,73,42,80,58,78,78,0],"gold":163,"neow_bonus":"RANDOM_COMMON_RELIC","is_prod":false,"is_daily":false,"chose_seed":false,"campfire_upgraded":1,"win_rate":0,"timestamp":1540474627,"path_taken":["M","?","M","$","M","E","R","E","T","?","M","M","?","M","R","BOSS","M","?","?","?","$","R","?","?","T","?","$","?","R","M","R","BOSS","M","?","?","?"],"build_version":"2018-10-18","purchased_purges":0,"victory":false,"max_hp_per_floor":[75,75,75,75,75,75,75,75,75,75,75,75,75,75,75,80,80,80,80,80,80,80,80,80,80,80,80,80,80,80,80,80,80,80,80,80,80,80],"card_choices":[{"not_picked":["Streamline","Recycle"],"picked":"Coolheaded","floor":1.0},{"not_picked":["Aggregate","Barrage"],"picked":"Undo","floor":3.0},{"not_picked":["Cold Snap","Hello World"],"picked":"Melter","floor":5.0},{"not_picked":["Multi-Cast","Go for the Eyes"],"picked":"Compile Driver","floor":6.0},{"not_picked":["Streamline","Hologram"],"picked":"Cold Snap","floor":7.0},{"not_picked":["Genetic Algorithm","Reboot"],"picked":"Defragment","floor":8.0},{"not_picked":["Hologram","Streamline"],"picked":"Capacitor","floor":11.0},{"not_picked":["Tempest","BootSequence"],"picked":"Hello World","floor":12.0},{"not_picked":["Genetic Algorithm","Rebound"],"picked":"Barrage","floor":14.0},{"not_picked":["Redo","Rip and Tear"],"picked":"Fission","floor":15.0},{"not_picked":["Hyperbeam","Amplify"],"picked":"Rainbow","floor":16.0},{"not_picked":["Steam","Beam Cell"],"picked":"Barrage","floor":18.0},{"not_picked":["Steam+1","Turbo"],"picked":"Conserve Battery+1","floor":20.0},{"not_picked":["Sweeping Beam","Tempest"],"picked":"Defragment","floor":23.0},{"not_picked":["Force Field","Gash+1"],"picked":"FTL","floor":31.0},{"not_picked":["Sunder","Aggregate"],"picked":"Chaos","floor":32.0},{"not_picked":["Buffer","Core Surge"],"picked":"Electrodynamics","floor":33.0},{"not_picked":["Leap","Streamline","Turbo"],"picked":"SKIP","floor":35.0}],"player_experience":173562,"relics_obtained":[{"floor":6.0,"key":"Sundial"},{"floor":8.0,"key":"Tiny Chest"},{"floor":9.0,"key":"Bottled Tornado"},{"floor":20.0,"key":"Red Mask"},{"floor":26.0,"key":"Shovel"}],"event_choices":[{"cards_removed":["Strike_B"],"damage_healed":0.0,"max_hp_gain":0.0,"max_hp_loss":0.0,"gold_gain":0.0,"event_name":"Bonfire Elementals","player_choice":"Offered Basic","floor":2.0,"gold_loss":0.0,"damage_taken":0.0},{"damage_healed":0.0,"max_hp_gain":0.0,"max_hp_loss":0.0,"gold_gain":0.0,"cards_transformed":["Compile Driver"],"event_name":"Transmorgrifier","player_choice":"Transformed","floor":10.0,"gold_loss":0.0,"damage_taken":0.0,"cards_obtained":["Self Repair"]},{"damage_healed":0.0,"max_hp_gain":0.0,"max_hp_loss":0.0,"gold_gain":0.0,"event_name":"Golden Idol","player_choice":"Ignored","floor":13.0,"gold_loss":0.0,"damage_taken":0.0},{"damage_healed":0.0,"max_hp_gain":0.0,"max_hp_loss":0.0,"gold_gain":0.0,"event_name":"Back to Basics","player_choice":"Simplicity","floor":19.0,"gold_loss":0.0,"damage_taken":0.0,"cards_upgraded":["Strike_B","Strike_B","Strike_B","Defend_B","Defend_B","Defend_B","Defend_B"]},{"damage_healed":0.0,"max_hp_gain":0.0,"max_hp_loss":0.0,"gold_gain":0.0,"event_name":"Masked Bandits","player_choice":"Fought Bandits","floor":20.0,"gold_loss":0.0,"damage_taken":0.0},{"damage_healed":0.0,"max_hp_gain":0.0,"max_hp_loss":0.0,"gold_gain":0.0,"cards_transformed":["Fission"],"event_name":"Transmorgrifier","player_choice":"Transformed","floor":21.0,"gold_loss":0.0,"damage_taken":0.0,"cards_obtained":["Doom and Gloom"]},{"damage_healed":0.0,"max_hp_gain":0.0,"max_hp_loss":0.0,"gold_gain":99.0,"event_name":"Nest","player_choice":"Stole From Cult","floor":24.0,"gold_loss":0.0,"damage_taken":0.0},{"damage_healed":0.0,"max_hp_gain":0.0,"max_hp_loss":0.0,"gold_gain":0.0,"event_name":"Vampires","player_choice":"Ignored","floor":25.0,"gold_loss":0.0,"damage_taken":0.0},{"damage_healed":0.0,"max_hp_gain":0.0,"max_hp_loss":0.0,"gold_gain":0.0,"event_name":"The Mausoleum","player_choice":"Opened","floor":29.0,"gold_loss":0.0,"damage_taken":0.0,"relics_obtained":["Oddly Smooth Stone"]},{"damage_healed":20.0,"max_hp_gain":0.0,"max_hp_loss":0.0,"gold_gain":0.0,"event_name":"Winding Halls","player_choice":"Writhe","floor":36.0,"gold_loss":0.0,"damage_taken":0.0,"cards_obtained":["Writhe"]},{"cards_removed":["Strike_B"],"damage_healed":0.0,"max_hp_gain":0.0,"max_hp_loss":0.0,"gold_gain":0.0,"event_name":"Falling","player_choice":"Removed Attack","floor":37.0,"gold_loss":0.0,"damage_taken":0.0},{"damage_healed":0,"gold_gain":0,"player_choice":"Fight","damage_taken":0,"max_hp_gain":0,"max_hp_loss":0,"event_name":"Mysterious Sphere","floor":38,"gold_loss":0}],"is_beta":false,"boss_relics":[{"not_picked":["Snecko Eye","Black Star"],"picked":"White Beast Statue"},{"not_picked":["Lizard Tail","Coffee Dripper"],"picked":"Eternal Feather"}],"items_purged_floors":[],"is_endless":false,"potions_floor_spawned":[5,6,12,14,16,18,20,31,33,35],"killed_by":"2 Orb Walkers","ascension_level":1}