{"gold_per_floor":[110,60,80,99,72,72,106,106,106,106,120,45,65,84,84,184,184,199,199,209,119,136,136,154,189,189,189,46,10,43,43,43,141,141,159,170,270,281,301,301,321,321,321,321,335,360,373,401,401,401,401,401,22,48,48],"floor_reached":55,"playtime":3478,"items_purged":["Strike_R","Strike_R+1"],"score":805,"play_id":"dc9f8edb-66a2-48c2-8419-2da972e8381d","local_time":"20190519092945","is_ascension_mode":true,"campfire_choices":[{"data":"Bash","floor":6.0,"key":"SMITH"},{"data":"Feed","floor":10.0,"key":"SMITH"},{"data":"Defend_R","floor":15,"key":"SMITH"},{"data":"Juggernaut","floor":23,"key":"SMITH"},{"data":"Exhume","floor":32,"key":"SMITH"},{"floor":40,"key":"RECALL"},{"data":"True Grit","floor":42,"key":"SMITH"},{"data":"Feel No Pain","floor":44,"key":"SMITH"},{"data":"Disarm","floor":49,"key":"SMITH"},{"data":"Exhume","floor":52,"key":"SMITH"}],"neow_cost":"NONE","seed_source_timestamp":272142044994349,"circlet_count":0,"master_deck":["Defend_R+1","Defend_R+1","Defend_R+1","Defend_R+1","Bash+1","Exhume+1","Feel No Pain+1","Headbutt","Feed+1","Anger","Thunderclap","Juggernaut+1","Havoc+1","Shrug It Off","Shrug It Off","Ghostly Armor","Disarm+1","Exhume+1","Armaments+1","Burning Pact+1","Pommel Strike+1","True Grit+1","Intimidate+1","Feel No Pain","Impervious"],"special_seed":0,"relics":["Burning Blood","Matryoshka","Bronze Scales","Oddly Smooth Stone","Runic Pyramid","Vajra","PreservedInsect","Turnip","Lantern","Art of War","Runic Dome","Blue Candle","FossilizedHelix","Nunchaku","Strange Spoon","Strawberry"],"potions_floor_usage":[16,20,25,25,50,55,55],"damage_taken":[{"damage":9.0,"enemies":"Jaw Worm","floor":1.0,"turns":5.0},{"damage":2.0,"enemies":"Small Slimes","floor":3.0,"turns":4.0},{"damage":0.0,"enemies":"2 Louse","floor":4.0,"turns":2.0},{"damage":14.0,"enemies":"Gremlin Nob","floor":7.0,"turns":3.0},{"damage":10.0,"enemies":"Looter","floor":11.0,"turns":3.0},{"damage":8,"enemies":"Lots of Slimes","floor":13,"turns":5},{"damage":13,"enemies":"Exordium Thugs","floor":14,"turns":4},{"damage":59,"enemies":"The Guardian","floor":16,"turns":14},{"damage":18,"enemies":"Shell Parasite","floor":18,"turns":6},{"damage":4,"enemies":"Chosen","floor":20,"turns":5},{"damage":12,"enemies":"3 Cultists","floor":22,"turns":5},{"damage":15,"enemies":"Snake Plant","floor":24,"turns":4},{"damage":34,"enemies":"Gremlin Leader","floor":25,"turns":6},{"damage":24,"enemies":"Slavers","floor":30,"turns":6},{"damage":38,"enemies":"Automaton","floor":33,"turns":9},{"damage":13,"enemies":"3 Darklings","floor":35,"turns":5},{"damage":16,"enemies":"3 Shapes","floor":36,"turns":5},{"damage":26,"enemies":"Sphere and 2 Shapes","floor":38,"turns":5},{"damage":6,"enemies":"4 Shapes","floor":39,"turns":5},{"damage":14,"enemies":"Transient","floor":41,"turns":5},{"damage":7,"enemies":"Sphere and 2 Shapes","floor":45,"turns":5},{"damage":26,"enemies":"Nemesis","floor":46,"turns":9},{"damage":9,"enemies":"3 Darklings","floor":47,"turns":5},{"damage":4,"enemies":"Giant Head","floor":48,"turns":12},{"damage":34,"enemies":"Awakened One","floor":50,"turns":22},{"damage":5,"enemies":"Shield and Spear","floor":54,"turns":6},{"damage":225,"enemies":"The Heart","floor":55,"turns":14}],"seed_played":"-435637120406659376","potions_obtained":[{"floor":3.0,"key":"Explosive Potion"},{"floor":11.0,"key":"BloodPotion"},{"floor":13,"key":"Ancient Potion"},{"floor":14,"key":"FearPotion"},{"floor":22,"key":"Fire Potion"},{"floor":24,"key":"BloodPotion"},{"floor":30,"key":"SteroidPotion"},{"floor":33,"key":"SteroidPotion"},{"floor":35,"key":"SteroidPotion"},{"floor":45,"key":"Strength Potion"}],"is_trial":false,"path_per_floor":["M","?","M","M","$","R","E","?","T","R","M","$","M","M","R","B",null,"M","?","M","?","M","R","M","E","T","?","$","$","E","?","R","B",null,"M","M","?","M","M","R","M","R","T","R","M","E","M","E","R","B",null,"R","$","E","B"],"character_chosen":"IRONCLAD","items_purchased":["Anger","Lantern","Ghostly Armor","Strange Spoon","Feel No Pain"],"campfire_rested":0,"item_purchase_floors":[5,28,29,53,53],"current_hp_per_floor":[77,77,80,80,80,80,75,68,68,68,68,68,74,71,71,18,99,91,91,97,97,99,99,94,81,81,81,81,81,71,71,71,43,135,132,130,130,114,126,126,118,118,118,118,129,113,114,116,116,96,191,191,191,206,0],"gold":48,"neow_bonus":"ONE_RANDOM_RARE_CARD","is_prod":false,"is_daily":false,"chose_seed":false,"campfire_upgraded":9,"win_rate":0,"timestamp":1558272585,"path_taken":["M","?","M","M","$","R","E","?","T","R","M","$","M","M","R","BOSS","M","?","M","?","M","R","?","E","T","?","?","$","E","?","R","BOSS","M","M","?","?","M","R","M","R","T","R","M","E","M","E","R","BOSS","R","$","E","BOSS"],"build_version":"2019-05-07","purchased_purges":2,"victory":false,"max_hp_per_floor":[80,80,80,80,80,80,83,83,83,83,87,87,95,99,99,99,99,103,103,107,107,115,115,119,123,123,123,123,123,131,131,131,135,135,139,147,147,151,163,163,163,163,163,163,175,179,183,183,183,191,191,191,191,206,206],"card_choices":[{"not_picked":["Clash","Warcry"],"picked":"Feel No Pain","floor":1.0},{"not_picked":["Warcry","Ghostly Armor"],"picked":"Headbutt","floor":3.0},{"not_picked":["Heavy Blade","Anger"],"picked":"Feed","floor":4.0},{"not_picked":["Ghostly Armor","Heavy Blade","Flex"],"picked":"SKIP","floor":7.0},{"not_picked":["Perfected Strike","Body Slam"],"picked":"Thunderclap","floor":11.0},{"not_picked":["Havoc","Armaments","Sword Boomerang"],"picked":"SKIP","floor":13},{"not_picked":["Cleave","Anger","Clash"],"picked":"SKIP","floor":14},{"not_picked":["Impervious","Feed"],"picked":"Juggernaut","floor":16},{"not_picked":["Wild Strike","Body Slam","Uppercut"],"picked":"SKIP","floor":18},{"not_picked":["Entrench","Twin Strike"],"picked":"Havoc","floor":20},{"not_picked":["Sentinel","Carnage","Twin Strike"],"picked":"SKIP","floor":22},{"not_picked":["Sentinel","Second Wind"],"picked":"Shrug It Off","floor":24},{"not_picked":["Uppercut+1","Twin Strike","Iron Wave"],"picked":"SKIP","floor":25},{"not_picked":["Carnage","Inflame+1"],"picked":"Disarm","floor":30},{"not_picked":["Immolate","Dark Embrace"],"picked":"Exhume","floor":33},{"not_picked":["Blood for Blood+1","Headbutt","Anger+1"],"picked":"SKIP","floor":35},{"not_picked":["Wild Strike+1","Warcry+1"],"picked":"Armaments+1","floor":36},{"not_picked":["Infernal Blade+1","Dual Wield+1"],"picked":"Burning Pact+1","floor":38},{"not_picked":["Sword Boomerang","Clash+1"],"picked":"Pommel Strike+1","floor":39},{"not_picked":["Searing Blow+1","Inflame+1"],"picked":"True Grit","floor":41},{"not_picked":["Pommel Strike","Infernal Blade+1"],"picked":"Intimidate+1","floor":45},{"not_picked":["Combust+1","Thunderclap+1","Clash+1"],"picked":"SKIP","floor":46},{"not_picked":["Sever Soul+1","Sentinel","Spot Weakness"],"picked":"SKIP","floor":47},{"not_picked":["Dropkick","Wild Strike","Uppercut"],"picked":"SKIP","floor":48},{"not_picked":["Hemokinesis","Exhume"],"picked":"Impervious","floor":54}],"player_experience":1430121,"relics_obtained":[{"floor":7.0,"key":"Matryoshka"},{"floor":9.0,"key":"Oddly Smooth Stone"},{"floor":25,"key":"Vajra"},{"floor":26,"key":"PreservedInsect"},{"floor":26,"key":"Turnip"},{"floor":30,"key":"Art of War"},{"floor":43,"key":"Blue Candle"},{"floor":46,"key":"FossilizedHelix"},{"floor":48,"key":"Nunchaku"},{"floor":54,"key":"Strawberry"}],"event_choices":[{"cards_removed":["Strike_R"],"damage_healed":0.0,"max_hp_gain":0.0,"max_hp_loss":0.0,"gold_gain":0.0,"event_name":"The Cleric","player_choice":"Card Removal","floor":2.0,"gold_loss":50.0,"damage_taken":0.0},{"damage_healed":0.0,"max_hp_gain":0.0,"max_hp_loss":0.0,"gold_gain":0.0,"event_name":"Scrap Ooze","player_choice":"Success","floor":8.0,"gold_loss":0.0,"damage_taken":7.0,"relics_obtained":["Bronze Scales"]},{"damage_healed":0,"gold_gain":0,"player_choice":"Ignored","damage_taken":0,"max_hp_gain":0,"max_hp_loss":0,"event_name":"Vampires","floor":19,"gold_loss":0},{"cards_removed":["Strike_R"],"damage_healed":0,"gold_gain":0,"player_choice":"Upgrade and Remove","damage_taken":0,"max_hp_gain":0,"max_hp_loss":0,"event_name":"Designer","floor":21,"gold_loss":90,"cards_upgraded":["Havoc"]},{"damage_healed":0,"gold_gain":0,"cards_transformed":["Strike_R"],"player_choice":"Transformed","damage_taken":0,"max_hp_gain":0,"max_hp_loss":0,"event_name":"Transmorgrifier","floor":27,"gold_loss":0,"cards_obtained":["Shrug It Off"]},{"damage_healed":0,"gold_gain":0,"player_choice":"Simplicity","damage_taken":0,"max_hp_gain":0,"max_hp_loss":0,"event_name":"Back to Basics","floor":31,"gold_loss":0,"cards_upgraded":["Strike_R","Defend_R","Defend_R","Defend_R"]},{"damage_healed":0,"gold_gain":100,"player_choice":"Pray","damage_taken":0,"max_hp_gain":0,"max_hp_loss":0,"event_name":"Golden Shrine","floor":37,"gold_loss":0}],"is_beta":true,"boss_relics":[{"not_picked":["Lizard Tail","Coffee Dripper"],"picked":"Runic Pyramid"},{"not_picked":["Snecko Eye","Calling Bell"],"picked":"Runic Dome"}],"items_purged_floors":[12,53],"is_endless":false,"potions_floor_spawned":[3,11,13,14,22,24,30,33,35,45],"killed_by":"The Heart","ascension_level":1}