{"gold_per_floor":[112,62,77,77,77,102,102,102,102,102,145,157,169,221,233,245],"floor_reached":16,"playtime":652,"items_purged":[],"score":188,"play_id":"2ad148b9-f128-4abd-b621-04c797e0068e","local_time":"20190421093408","is_ascension_mode":true,"campfire_choices":[{"data":"Fiend Fire","floor":7.0,"key":"SMITH"},{"floor":10.0,"key":"REST"},{"data":"Havoc","floor":13.0,"key":"SMITH"},{"floor":15.0,"key":"REST"}],"neow_cost":"NONE","seed_source_timestamp":334126965243900,"circlet_count":0,"master_deck":["AscendersBane","Strike_R","Strike_R","Strike_R","Strike_R","Defend_R","Defend_R","Defend_R","Defend_R","Bash","Anger","Havoc+1","Fiend Fire+1","Demon Form"],"special_seed":0,"relics":["Burning Blood","Orichalcum","Golden Idol","Letter Opener","MawBank","Molten Egg 2"],"potions_floor_usage":[],"damage_taken":[{"damage":13.0,"enemies":"Jaw Worm","floor":1.0,"turns":5.0},{"damage":3.0,"enemies":"2 Louse","floor":3.0,"turns":3.0},{"damage":45.0,"enemies":"Gremlin Nob","floor":6.0,"turns":5.0},{"damage":21.0,"enemies":"3 Sentries","floor":11.0,"turns":7.0},{"damage":14.0,"enemies":"Lagavulin","floor":14.0,"turns":5.0},{"damage":54,"enemies":"The Guardian","floor":16,"turns":10}],"seed_played":"6126085631094602719","potions_obtained":[],"is_trial":false,"path_per_floor":["M","?","M","?","?","E","R","?","T","R","E","$","R","E","R","B"],"character_chosen":"IRONCLAD","items_purchased":[],"campfire_rested":2,"item_purchase_floors":[],"current_hp_per_floor":[73,73,76,76,81,42,42,19,19,46,31,31,31,23,50,0],"gold":245,"neow_bonus":"TEN_PERCENT_HP_BONUS","is_prod":false,"is_daily":false,"chose_seed":false,"campfire_upgraded":2,"win_rate":0,"timestamp":1555860848,"path_taken":["M","?","M","?","?","E","R","?","T","R","E","$","R","E","R","BOSS"],"build_version":"2019-01-23","purchased_purges":0,"victory":false,"max_hp_per_floor":[88,88,88,88,93,93,93,93,93,93,93,93,93,93,93,93],"card_choices":[{"not_picked":["Wild Strike","Thunderclap"],"picked":"Anger","floor":1.0},{"not_picked":["Pommel Strike","Entrench"],"picked":"Havoc","floor":3.0},{"not_picked":["Perfected Strike","Intimidate"],"picked":"Fiend Fire","floor":6.0},{"not_picked":["Reaper","Evolve"],"picked":"Demon Form","floor":11.0},{"not_picked":["Hemokinesis","Sever Soul","Perfected Strike"],"picked":"SKIP","floor":14.0}],"player_experience":639529,"relics_obtained":[{"floor":6.0,"key":"Orichalcum"},{"floor":9.0,"key":"Letter Opener"},{"floor":11.0,"key":"MawBank"},{"floor":14.0,"key":"Molten Egg 2"}],"event_choices":[{"cards_removed":["Strike_R"],"damage_healed":0.0,"max_hp_gain":0.0,"max_hp_loss":0.0,"gold_gain":0.0,"event_name":"The Cleric","player_choice":"Card Removal","floor":2.0,"gold_loss":50.0,"damage_taken":0.0},{"damage_healed":0.0,"max_hp_gain":0.0,"max_hp_loss":0.0,"gold_gain":0.0,"event_name":"Liars Game","player_choice":"Ignored","floor":4.0,"gold_loss":0.0,"damage_taken":0.0},{"damage_healed":0.0,"max_hp_gain":5.0,"max_hp_loss":0.0,"gold_gain":0.0,"event_name":"Big Fish","player_choice":"Donut","floor":5.0,"gold_loss":0.0,"damage_taken":0.0},{"damage_healed":0.0,"max_hp_gain":0.0,"max_hp_loss":0.0,"gold_gain":0.0,"event_name":"Golden Idol","player_choice":"Take Damage","floor":8.0,"gold_loss":0.0,"damage_taken":23.0,"relics_obtained":["Golden Idol"]}],"is_beta":false,"boss_relics":[],"items_purged_floors":[],"is_endless":false,"potions_floor_spawned":[],"killed_by":"The Guardian","ascension_level":13}