{"gold_per_floor":[116,135,210,15,15,50,50,67,67,80,80,80,80,96,96,201,201,216,234,85,101,111,111,129,129,129,129,145,163,163],"floor_reached":30,"playtime":1082,"items_purged":["Strike_B"],"score":234,"play_id":"eeccfb48-4b8b-42e0-83c8-241045c5bb87","local_time":"20181020164540","is_ascension_mode":false,"campfire_choices":[{"floor":7.0,"key":"REST"},{"floor":11.0,"key":"REST"},{"data":"Static Discharge","floor":13.0,"key":"SMITH"},{"data":"Defragment","floor":15.0,"key":"SMITH"},{"floor":23.0,"key":"REST"},{"data":"Defragment","floor":25.0,"key":"SMITH"},{"data":"Capacitor","floor":27.0,"key":"SMITH"}],"neow_cost":"NONE","seed_source_timestamp":338248997924812,"circlet_count":0,"master_deck":["Strike_B","Strike_B","Strike_B","Defend_B","Defend_B","Defend_B","Defend_B","Zap+1","Dualcast","Static Discharge+1","Gash","Leap","Thunder Strike","Defragment+1","Capacitor+1","Tempest","Electrodynamics","Conserve Battery","Gash","Defragment+1","White Noise","Barrage","White Noise","Leap+1"],"special_seed":0,"relics":["Cracked Core","Vajra","Regal Pillow","Gremlin Horn","Cables","Busted Crown","Mummified Hand"],"potions_floor_usage":[29],"damage_taken":[{"damage":0.0,"enemies":"2 Louse","floor":1.0,"turns":2.0},{"damage":2.0,"enemies":"Small Slimes","floor":2.0,"turns":3.0},{"damage":48.0,"enemies":"Gremlin Nob","floor":6.0,"turns":5.0},{"damage":5.0,"enemies":"Jaw Worm","floor":8.0,"turns":4.0},{"damage":10.0,"enemies":"Exordium Thugs","floor":10.0,"turns":4.0},{"damage":0.0,"enemies":"Looter","floor":14.0,"turns":3.0},{"damage":17.0,"enemies":"The Guardian","floor":16.0,"turns":6.0},{"damage":14.0,"enemies":"3 Byrds","floor":18.0,"turns":2.0},{"damage":17.0,"enemies":"Spheric Guardian","floor":19.0,"turns":3.0},{"damage":12.0,"enemies":"Snake Plant","floor":21.0,"turns":3.0},{"damage":3.0,"enemies":"Centurion and Healer","floor":22.0,"turns":3.0},{"damage":11.0,"enemies":"Snecko","floor":24.0,"turns":3.0},{"damage":20.0,"enemies":"Snake Plant","floor":28.0,"turns":4.0},{"damage":22,"enemies":"Shelled Parasite and Fungi","floor":29,"turns":4},{"damage":15,"enemies":"Snecko","floor":30,"turns":2}],"seed_played":"5059507494271043399","potions_obtained":[{"floor":1.0,"key":"SkillPotion"},{"floor":10.0,"key":"Weak Potion"},{"floor":14.0,"key":"FearPotion"},{"floor":21.0,"key":"SkillPotion"},{"floor":24.0,"key":"SpeedPotion"},{"floor":28.0,"key":"FearPotion"}],"is_trial":false,"path_per_floor":["M","M","?","$","?","E","R","M","T","M","R","?","R","M","R","B",null,"M","M","$","M","M","R","M","R","T","R","M","M"],"character_chosen":"DEFECT","items_purchased":["Regal Pillow","Leap","Defragment"],"campfire_rested":3,"item_purchase_floors":[4,4,20],"current_hp_per_floor":[75,73,62,62,62,14,51,46,46,36,73,73,73,73,73,56,75,61,44,44,32,29,66,55,55,55,55,35,13,0],"gold":163,"neow_bonus":"RANDOM_COMMON_RELIC","is_prod":false,"is_daily":false,"chose_seed":false,"campfire_upgraded":4,"win_rate":0,"timestamp":1540068340,"path_taken":["M","M","?","?","?","E","R","M","T","M","R","?","R","M","R","BOSS","M","M","$","M","M","R","M","R","T","R","M","M","M"],"build_version":"2018-10-18","purchased_purges":1,"victory":false,"max_hp_per_floor":[75,75,75,75,75,75,75,75,75,75,75,75,75,75,75,75,75,75,75,75,75,75,75,75,75,75,75,75,75,75],"card_choices":[{"not_picked":["Reinforced Body","FTL"],"picked":"Static Discharge","floor":1.0},{"not_picked":["Sweeping Beam","Steam"],"picked":"Gash","floor":2.0},{"not_picked":["Compile Driver","Hologram"],"picked":"Thunder Strike","floor":6.0},{"not_picked":["Turbo","Coolheaded"],"picked":"Defragment","floor":8.0},{"not_picked":["Gash","Force Field"],"picked":"Capacitor","floor":10.0},{"not_picked":["Genetic Algorithm","Rebound"],"picked":"Tempest","floor":14.0},{"not_picked":["All For One","Machine Learning"],"picked":"Electrodynamics","floor":16.0},{"not_picked":[],"picked":"Conserve Battery","floor":18.0},{"not_picked":[],"picked":"Gash","floor":19.0},{"not_picked":[],"picked":"White Noise","floor":21.0},{"not_picked":[],"picked":"Barrage","floor":22.0},{"not_picked":[],"picked":"White Noise","floor":24.0},{"not_picked":[],"picked":"Leap+1","floor":28.0},{"not_picked":["Streamline"],"picked":"SKIP","floor":29}],"player_experience":154447,"relics_obtained":[{"floor":6.0,"key":"Gremlin Horn"},{"floor":9.0,"key":"Cables"},{"floor":26.0,"key":"Mummified Hand"}],"event_choices":[{"damage_healed":0.0,"max_hp_gain":0.0,"max_hp_loss":0.0,"gold_gain":75.0,"event_name":"World of Goop","player_choice":"Gather Gold","floor":3.0,"gold_loss":0.0,"damage_taken":11.0},{"damage_healed":0.0,"max_hp_gain":0.0,"max_hp_loss":0.0,"gold_gain":0.0,"event_name":"The Cleric","player_choice":"Leave","floor":5.0,"gold_loss":0.0,"damage_taken":0.0},{"damage_healed":0.0,"max_hp_gain":0.0,"max_hp_loss":0.0,"gold_gain":0.0,"event_name":"Accursed Blacksmith","player_choice":"Forge","floor":12.0,"gold_loss":0.0,"damage_taken":0.0,"cards_upgraded":["Zap"]}],"is_beta":false,"boss_relics":[{"not_picked":["Calling Bell","Lizard Tail"],"picked":"Busted Crown"}],"items_purged_floors":[20],"is_endless":false,"potions_floor_spawned":[1,10,14,21,24,28],"killed_by":"Snecko","ascension_level":0}