{"gold_per_floor":[112,112,112,129,145,176,176,176,176,209,209,227,72,103,103,207,207,218,218,232,157,175,175,203,203,203,20,33,33,133,159,159,264,264,281,281,281,291,309,309,309,326,376,376,396,396,202,214,214,214,214,214,20,20],"floor_reached":54,"playtime":3245,"items_purged":["Strike_B"],"score":1001,"play_id":"2901fc30-d640-4f77-bb00-23befecc4661","local_time":"20190418150118","is_ascension_mode":true,"campfire_choices":[{"data":"Streamline","floor":8.0,"key":"SMITH"},{"floor":11.0,"key":"REST"},{"floor":15.0,"key":"REST"},{"floor":23.0,"key":"REST"},{"floor":25.0,"key":"RECALL"},{"floor":32.0,"key":"REST"},{"floor":40,"key":"REST"},{"floor":46,"key":"REST"},{"floor":49,"key":"REST"},{"floor":52,"key":"REST"}],"neow_cost":"NONE","seed_source_timestamp":1708726817349873,"circlet_count":0,"master_deck":["Defend_B","Defend_B","Defend_B","Defend_B","Zap","Dualcast","Cold Snap","Streamline+1","Hologram","Redo","Self Repair","Core Surge","Echo Form","Defragment","BootSequence","Cold Snap","Defragment","Apotheosis","Conserve Battery","Buffer","Seek","Blizzard","Finesse","Coolheaded+1","Recycle+1","Cold Snap+1","Loop"],"special_seed":0,"relics":["Cracked Core","NeowsBlessing","Mango","Art of War","Emotion Chip","PreservedInsect","Peace Pipe","Fusion Hammer","Ginger","Regal Pillow","StoneCalendar","Pear","Potion Belt","Inserter","Smiling Mask","ClockworkSouvenir"],"potions_floor_usage":[41,45,45,50,50,50,50],"damage_taken":[{"damage":0.0,"enemies":"2 Louse","floor":1.0,"turns":1.0},{"damage":0.0,"enemies":"Jaw Worm","floor":4.0,"turns":1.0},{"damage":0.0,"enemies":"Small Slimes","floor":5.0,"turns":1.0},{"damage":33.0,"enemies":"Gremlin Nob","floor":6.0,"turns":4.0},{"damage":26.0,"enemies":"Lagavulin","floor":10.0,"turns":5.0},{"damage":10.0,"enemies":"2 Fungi Beasts","floor":12.0,"turns":3.0},{"damage":6.0,"enemies":"3 Sentries","floor":14.0,"turns":7.0},{"damage":22.0,"enemies":"Slime Boss","floor":16.0,"turns":12.0},{"damage":7.0,"enemies":"Chosen","floor":18.0,"turns":3.0},{"damage":13.0,"enemies":"2 Thieves","floor":20.0,"turns":4.0},{"damage":9.0,"enemies":"Snecko","floor":22.0,"turns":6.0},{"damage":22.0,"enemies":"Book of Stabbing","floor":24.0,"turns":5.0},{"damage":17.0,"enemies":"Centurion and Healer","floor":28.0,"turns":6.0},{"damage":16.0,"enemies":"Colosseum Slavers","floor":30.0,"turns":4.0},{"damage":11.0,"enemies":"Colosseum Nobs","floor":30.0,"turns":3.0},{"damage":39.0,"enemies":"Slavers","floor":31.0,"turns":6.0},{"damage":44.0,"enemies":"Collector","floor":33.0,"turns":14.0},{"damage":4.0,"enemies":"3 Shapes","floor":35.0,"turns":5.0},{"damage":27,"enemies":"3 Darklings","floor":38,"turns":7},{"damage":0,"enemies":"Maw","floor":39,"turns":8},{"damage":0,"enemies":"Reptomancer","floor":41,"turns":2},{"damage":7,"enemies":"Sphere and 2 Shapes","floor":42,"turns":7},{"damage":21,"enemies":"Writhing Mass","floor":45,"turns":7},{"damage":32,"enemies":"Transient","floor":48,"turns":5},{"damage":30,"enemies":"Awakened One","floor":50,"turns":16},{"damage":106,"enemies":"Shield and Spear","floor":54,"turns":5}],"seed_played":"-8543910299569492020","potions_obtained":[{"floor":5.0,"key":"Strength Potion"},{"floor":6.0,"key":"EssenceOfSteel"},{"floor":10.0,"key":"SteroidPotion"},{"floor":12.0,"key":"LiquidBronze"},{"floor":18.0,"key":"FearPotion"},{"floor":20.0,"key":"SmokeBomb"},{"floor":24.0,"key":"PowerPotion"},{"floor":31.0,"key":"FearPotion"},{"floor":35.0,"key":"Strength Potion"},{"floor":44,"key":"Fruit Juice"},{"floor":44,"key":"Swift Potion"},{"floor":44,"key":"SkillPotion"},{"floor":45,"key":"Energy Potion"},{"floor":48,"key":"AttackPotion"}],"is_trial":false,"path_per_floor":["M","?","?","M","M","E","?","R","T","E","R","M","$","E","R","B",null,"M","?","M","$","M","R","E","R","T","$","M","$","?","E","R","B",null,"M","?","?","M","M","R","E","M","T","?","M","R","$","M","R","B",null,"R","$","E"],"character_chosen":"DEFECT","items_purchased":["PreservedInsect","Apotheosis","ClockworkSouvenir","Loop","LiquidBronze","Weak Potion"],"campfire_rested":8,"item_purchase_floors":[13,27,47,53,53,53],"current_hp_per_floor":[68,68,61,61,61,42,39,39,39,13,39,36,36,37,63,48,79,72,72,66,66,71,89,81,81,81,81,84,84,97,78,99,65,91,99,99,99,92,99,99,99,99,99,99,103,104,104,72,104,74,97,104,104,0],"gold":20,"neow_bonus":"THREE_ENEMY_KILL","is_prod":false,"is_daily":false,"chose_seed":false,"campfire_upgraded":1,"win_rate":0,"timestamp":1555567278,"path_taken":["M","?","?","M","?","E","?","R","T","E","R","M","$","E","R","BOSS","M","?","M","$","?","R","E","R","T","$","M","?","?","E","R","BOSS","M","?","?","M","M","R","E","M","T","?","?","R","$","M","R","BOSS","R","$","E"],"build_version":"2019-01-23","purchased_purges":1,"victory":false,"max_hp_per_floor":[75,75,75,75,75,89,89,89,89,89,89,89,89,89,89,89,89,89,89,89,89,89,89,89,89,89,89,89,89,99,99,99,99,99,99,99,99,99,99,99,99,99,99,99,104,104,104,104,104,104,104,104,104,104],"card_choices":[{"not_picked":["Conserve Battery","Melter"],"picked":"Cold Snap","floor":1.0},{"not_picked":["Sweeping Beam","Fusion"],"picked":"Streamline","floor":4.0},{"not_picked":["Compile Driver","Sweeping Beam"],"picked":"Hologram","floor":5.0},{"not_picked":["Compile Driver","Static Discharge"],"picked":"Redo","floor":6.0},{"not_picked":["Scrape","Darkness"],"picked":"Self Repair","floor":10.0},{"not_picked":["Rebound","Redo"],"picked":"Core Surge","floor":12.0},{"not_picked":["Auto Shields","Heatsinks","Streamline"],"picked":"SKIP","floor":14.0},{"not_picked":["Buffer","Amplify"],"picked":"Echo Form","floor":16.0},{"not_picked":["Ball Lightning","Redo"],"picked":"Defragment","floor":18.0},{"not_picked":["Steam+1","Hologram"],"picked":"Cold Snap","floor":20.0},{"not_picked":["Go for the Eyes","Aggregate+1"],"picked":"Defragment","floor":22.0},{"not_picked":["Turbo","Go for the Eyes","Melter+1"],"picked":"SKIP","floor":24.0},{"not_picked":["Compile Driver","Rip and Tear+1"],"picked":"Conserve Battery","floor":28.0},{"not_picked":["Beam Cell","Sweeping Beam"],"picked":"Buffer","floor":31.0},{"not_picked":["Rainbow","Buffer"],"picked":"Seek","floor":33.0},{"not_picked":["Gash","Compile Driver"],"picked":"Blizzard","floor":35.0},{"not_picked":["Forethought","Flash of Steel"],"picked":"Finesse","floor":37},{"not_picked":["Gash","Hologram+1","Scrape"],"picked":"SKIP","floor":38},{"not_picked":["Compile Driver","Genetic Algorithm+1","Ball Lightning+1"],"picked":"SKIP","floor":39},{"not_picked":["Gash","Turbo"],"picked":"Coolheaded+1","floor":42},{"not_picked":["Ball Lightning","Capacitor+1"],"picked":"Recycle+1","floor":45},{"not_picked":["Sweeping Beam","Steam+1"],"picked":"Cold Snap+1","floor":48}],"player_experience":237907,"relics_obtained":[{"floor":6.0,"key":"Mango"},{"floor":10.0,"key":"Emotion Chip"},{"floor":14.0,"key":"Peace Pipe"},{"floor":24.0,"key":"Ginger"},{"floor":26.0,"key":"Regal Pillow"},{"floor":30.0,"key":"StoneCalendar"},{"floor":30.0,"key":"Pear"},{"floor":31.0,"key":"Potion Belt"},{"floor":43,"key":"Smiling Mask"}],"event_choices":[{"cards_removed":["Strike_B"],"damage_healed":0.0,"max_hp_gain":0.0,"max_hp_loss":0.0,"gold_gain":0.0,"event_name":"Living Wall","player_choice":"Forget","floor":2.0,"gold_loss":0.0,"damage_taken":0.0},{"cards_removed":["Strike_B"],"damage_healed":0.0,"max_hp_gain":0.0,"max_hp_loss":0.0,"gold_gain":0.0,"event_name":"Golden Wing","player_choice":"Card Removal","floor":3.0,"gold_loss":0.0,"damage_taken":7.0},{"damage_healed":0.0,"max_hp_gain":0.0,"max_hp_loss":0.0,"gold_gain":0.0,"event_name":"Scrap Ooze","player_choice":"Success","floor":7.0,"gold_loss":0.0,"damage_taken":3.0,"relics_obtained":["Art of War"]},{"damage_healed":0.0,"max_hp_gain":0.0,"max_hp_loss":0.0,"gold_gain":0.0,"cards_transformed":["Strike_B"],"event_name":"Transmorgrifier","player_choice":"Transformed","floor":19.0,"gold_loss":0.0,"damage_taken":0.0,"cards_obtained":["BootSequence"]},{"damage_healed":0.0,"max_hp_gain":0.0,"max_hp_loss":0.0,"gold_gain":0.0,"event_name":"Colosseum","player_choice":"Fight","floor":30.0,"gold_loss":0.0,"damage_taken":0.0},{"damage_healed":0.0,"max_hp_gain":0.0,"max_hp_loss":0.0,"gold_gain":0.0,"event_name":"Colosseum","player_choice":"Fought Nobs","floor":30.0,"gold_loss":0.0,"damage_taken":0.0},{"damage_healed":0.0,"max_hp_gain":0.0,"max_hp_loss":0.0,"gold_gain":0.0,"event_name":"Mysterious Sphere","player_choice":"Ignored","floor":36.0,"gold_loss":0.0,"damage_taken":0.0},{"damage_healed":0,"gold_gain":0,"player_choice":"Memory 1","damage_taken":0,"max_hp_gain":0,"max_hp_loss":0,"event_name":"SensoryStone","floor":37,"gold_loss":0},{"damage_healed":0,"gold_gain":0,"player_choice":"Got Potions","damage_taken":0,"max_hp_gain":0,"max_hp_loss":0,"event_name":"Lab","floor":44,"gold_loss":0}],"is_beta":false,"boss_relics":[{"not_picked":["Eternal Feather","Tiny House"],"picked":"Fusion Hammer"},{"not_picked":["Astrolabe","FrozenCore"],"picked":"Inserter"}],"items_purged_floors":[21],"is_endless":false,"potions_floor_spawned":[5,6,10,12,16,18,20,24,30,31,35,45,48],"killed_by":"Shield and Spear","ascension_level":7}