{"gold_per_floor":[112,131,143,157,157,188,188,204,257,269,296,313,330,345,345,416,416,431,431,217,237,253,253,253],"floor_reached":24,"playtime":3545,"items_purged":["Strike_R"],"score":403,"play_id":"3b4f4bf8-9887-4d25-8b62-4a09d5fac640","local_time":"20190421110338","is_ascension_mode":true,"campfire_choices":[{"data":"Feed","floor":7.0,"key":"SMITH"},{"data":"Limit Break","floor":15.0,"key":"SMITH"},{"data":"Havoc","floor":23,"key":"SMITH"}],"neow_cost":"NONE","seed_source_timestamp":334925018518700,"circlet_count":0,"master_deck":["AscendersBane","Defend_R","Defend_R","Defend_R","Defend_R","Bash","Feed+1","Iron Wave","Bloodletting","Power Through","Flame Barrier","Flex","Limit Break+1","Entrench","Inflame","Body Slam","Spot Weakness","Offering","Clothesline+1","True Grit+1","Entrench+1","Sword Boomerang","Heavy Blade","Power Through","Shrug It Off","Burning Pact","Havoc+1"],"special_seed":0,"relics":["Burning Blood","Calipers","Dream Catcher","Ornamental Fan","Astrolabe"],"potions_floor_usage":[22,24],"damage_taken":[{"damage":6.0,"enemies":"Cultist","floor":1.0,"turns":4.0},{"damage":10.0,"enemies":"Small Slimes","floor":2.0,"turns":5.0},{"damage":2.0,"enemies":"2 Louse","floor":3.0,"turns":4.0},{"damage":27.0,"enemies":"Exordium Thugs","floor":4.0,"turns":6.0},{"damage":19.0,"enemies":"Lagavulin","floor":6.0,"turns":6.0},{"damage":6.0,"enemies":"Lots of Slimes","floor":8.0,"turns":6.0},{"damage":2.0,"enemies":"2 Fungi Beasts","floor":10.0,"turns":4.0},{"damage":15.0,"enemies":"Gremlin Nob","floor":11.0,"turns":3.0},{"damage":20.0,"enemies":"Exordium Wildlife","floor":12.0,"turns":5.0},{"damage":4.0,"enemies":"Looter","floor":13.0,"turns":4.0},{"damage":8.0,"enemies":"Red Slaver","floor":14.0,"turns":5.0},{"damage":50.0,"enemies":"Slime Boss","floor":16.0,"turns":15.0},{"damage":18.0,"enemies":"2 Thieves","floor":18.0,"turns":5.0},{"damage":16.0,"enemies":"3 Byrds","floor":21.0,"turns":4.0},{"damage":45,"enemies":"Cultist and Chosen","floor":22,"turns":8},{"damage":51,"enemies":"Snecko","floor":24,"turns":9}],"seed_played":"-5382452823752744847","potions_obtained":[{"floor":3.0,"key":"Regen Potion"},{"floor":5.0,"key":"PowerPotion"},{"floor":5.0,"key":"Fire Potion"},{"floor":6.0,"key":"SkillPotion"},{"floor":11.0,"key":"Dexterity Potion"},{"floor":14.0,"key":"Ancient Potion"},{"floor":22,"key":"Strength Potion"}],"is_trial":false,"path_per_floor":["M","M","M","M","?","E","R","M","T","M","E","M","M","M","R","B",null,"M","?","$","M","M","R","M"],"character_chosen":"IRONCLAD","items_purchased":["Heavy Blade","Power Through","Shrug It Off"],"campfire_rested":0,"item_purchase_floors":[20,20,20],"current_hp_per_floor":[75,74,81,63,63,50,50,54,54,62,57,47,53,51,51,11,90,78,78,78,68,29,29,0],"gold":253,"neow_bonus":"ONE_RANDOM_RARE_CARD","is_prod":false,"is_daily":false,"chose_seed":false,"campfire_upgraded":3,"win_rate":0,"timestamp":1555866218,"path_taken":["M","M","M","M","?","E","R","M","T","M","E","?","M","M","R","BOSS","M","?","$","M","M","R","M"],"build_version":"2019-01-23","purchased_purges":1,"victory":false,"max_hp_per_floor":[83,86,89,92,92,92,92,96,96,100,104,108,112,112,112,116,116,116,116,116,116,116,116,116],"card_choices":[{"not_picked":["Clash","Hemokinesis"],"picked":"Iron Wave","floor":1.0},{"not_picked":["Wild Strike","Thunderclap"],"picked":"Bloodletting","floor":2.0},{"not_picked":["Pommel Strike","Pummel"],"picked":"Power Through","floor":3.0},{"not_picked":["Heavy Blade","Searing Blow"],"picked":"Flame Barrier","floor":4.0},{"not_picked":["Thunderclap","Fire Breathing"],"picked":"Flex","floor":6.0},{"not_picked":["Headbutt","Thunderclap"],"picked":"Limit Break","floor":8.0},{"not_picked":["Twin Strike","Heavy Blade"],"picked":"Entrench","floor":10.0},{"not_picked":["True Grit","Body Slam"],"picked":"Inflame","floor":11.0},{"not_picked":["Clothesline","Shrug It Off"],"picked":"Body Slam","floor":12.0},{"not_picked":["Bloodletting","Twin Strike","Body Slam"],"picked":"SKIP","floor":13.0},{"not_picked":["Feed","True Grit"],"picked":"Spot Weakness","floor":14.0},{"not_picked":["Juggernaut","Demon Form"],"picked":"Offering","floor":16.0},{"not_picked":["Seeing Red","Havoc"],"picked":"Sword Boomerang","floor":18.0},{"not_picked":["Clothesline","Corruption"],"picked":"Burning Pact","floor":21.0},{"not_picked":["Cleave","True Grit"],"picked":"Havoc","floor":22}],"player_experience":640181,"relics_obtained":[{"floor":6.0,"key":"Calipers"},{"floor":9.0,"key":"Dream Catcher"},{"floor":11.0,"key":"Ornamental Fan"}],"event_choices":[{"damage_healed":0.0,"max_hp_gain":0.0,"max_hp_loss":0.0,"gold_gain":0.0,"event_name":"Lab","player_choice":"Got Potions","floor":5.0,"gold_loss":0.0,"damage_taken":0.0},{"cards_removed":["Strike_R"],"damage_healed":0.0,"max_hp_gain":0.0,"max_hp_loss":0.0,"gold_gain":0.0,"event_name":"Purifier","player_choice":"Purged","floor":19.0,"gold_loss":0.0,"damage_taken":0.0}],"is_beta":false,"boss_relics":[{"not_picked":["Coffee Dripper","Runic Dome"],"picked":"Astrolabe"}],"items_purged_floors":[20],"is_endless":false,"potions_floor_spawned":[3,6,11,14,16,22],"killed_by":"Snecko","ascension_level":13}