{"gold_per_floor":[113,129,129,143,143,176,176,176,176,187,204,204,218,87,87,185,185,204,204,222,106,106],"floor_reached":22,"playtime":1053,"items_purged":[],"score":195,"play_id":"e9e3b033-bd1b-45a9-9bad-560084f4eb5f","local_time":"20181028223136","is_ascension_mode":true,"campfire_choices":[{"data":"Creative AI","floor":8.0,"key":"SMITH"},{"floor":15.0,"key":"REST"}],"neow_cost":"NONE","seed_source_timestamp":1050325288488862,"circlet_count":0,"master_deck":["Strike_B","Strike_B","Strike_B+1","Strike_B","Defend_B","Defend_B","Defend_B+1","Defend_B","Zap+1","Dualcast","Cold Snap+1","Reprogram","Creative AI+1","Darkness","White Noise","Chaos","Electrodynamics","Capacitor","Machine Learning","Leap+1","Genetic Algorithm+1","Defragment","Reinforced Body"],"special_seed":0,"relics":["Cracked Core","Incense Burner","Shuriken","War Paint","Girya","White Beast Statue"],"potions_floor_usage":[20,22],"damage_taken":[{"damage":0.0,"enemies":"Small Slimes","floor":1.0,"turns":3.0},{"damage":0.0,"enemies":"Cultist","floor":2.0,"turns":3.0},{"damage":6.0,"enemies":"Jaw Worm","floor":4.0,"turns":4.0},{"damage":18.0,"enemies":"3 Sentries","floor":6.0,"turns":7.0},{"damage":0.0,"enemies":"Red Slaver","floor":10.0,"turns":4.0},{"damage":8.0,"enemies":"Large Slime","floor":11.0,"turns":4.0},{"damage":11.0,"enemies":"Gremlin Gang","floor":13.0,"turns":3.0},{"damage":23.0,"enemies":"Slime Boss","floor":16.0,"turns":7.0},{"damage":31.0,"enemies":"Shell Parasite","floor":18.0,"turns":6.0},{"damage":10,"enemies":"2 Thieves","floor":20,"turns":3},{"damage":43,"enemies":"Sentry and Sphere","floor":22,"turns":5}],"seed_played":"-8424238438643768861","potions_obtained":[{"floor":4.0,"key":"Explosive Potion"},{"floor":6.0,"key":"AttackPotion"},{"floor":7.0,"key":"Explosive Potion"},{"floor":7.0,"key":"GamblersBrew"},{"floor":13.0,"key":"Regen Potion"},{"floor":18.0,"key":"Energy Potion"},{"floor":20,"key":"Weak Potion"}],"is_trial":false,"path_per_floor":["M","M","?","M","?","E","?","R","T","M","M","?","M","$","R","B",null,"M","?","M","$"],"character_chosen":"DEFECT","items_purchased":["Capacitor","Block Potion","Defragment","Reinforced Body"],"campfire_rested":1,"item_purchase_floors":[14,14,21,21],"current_hp_per_floor":[75,75,75,69,66,48,48,48,48,48,40,25,14,14,36,27,75,44,44,34,34,0],"gold":106,"neow_bonus":"RANDOM_COLORLESS","is_prod":false,"is_daily":false,"chose_seed":false,"campfire_upgraded":1,"win_rate":0,"timestamp":1540780296,"path_taken":["M","M","?","?","?","E","?","R","T","M","?","?","M","$","R","BOSS","M","?","M","$","M"],"build_version":"2018-10-25v2","purchased_purges":0,"victory":false,"max_hp_per_floor":[75,75,75,75,75,75,75,75,75,75,75,75,75,75,75,75,75,75,75,75,75,75],"card_choices":[{"not_picked":["Compile Driver","Rebound"],"picked":"Cold Snap","floor":1.0},{"not_picked":["Gash","Heatsinks"],"picked":"Reprogram","floor":2.0},{"not_picked":["Barrage","Conserve Battery"],"picked":"Creative AI","floor":4.0},{"not_picked":["Coolheaded","Go for the Eyes"],"picked":"Darkness","floor":6.0},{"not_picked":["Barrage","Ball Lightning"],"picked":"White Noise","floor":10.0},{"not_picked":["Streamline","Sweeping Beam"],"picked":"Chaos","floor":11.0},{"not_picked":["Chill","Fusion"],"picked":"Electrodynamics","floor":13.0},{"not_picked":["All For One","Meteor Strike"],"picked":"Machine Learning","floor":16.0},{"not_picked":["Redo+1","Hologram+1"],"picked":"Leap+1","floor":18.0},{"not_picked":["Coolheaded","Turbo"],"picked":"Genetic Algorithm+1","floor":20}],"player_experience":185251,"relics_obtained":[{"floor":6.0,"key":"War Paint"},{"floor":9.0,"key":"Girya"}],"event_choices":[{"cards_removed":["Madness"],"damage_healed":0.0,"max_hp_gain":0.0,"max_hp_loss":0.0,"gold_gain":0.0,"event_name":"WeMeetAgain","player_choice":"Gave Card","floor":3.0,"gold_loss":0.0,"damage_taken":0.0,"relics_obtained":["Incense Burner"]},{"damage_healed":0.0,"max_hp_gain":0.0,"max_hp_loss":0.0,"gold_gain":0.0,"event_name":"Scrap Ooze","player_choice":"Success","floor":5.0,"gold_loss":0.0,"damage_taken":3.0,"relics_obtained":["Shuriken"]},{"damage_healed":0.0,"max_hp_gain":0.0,"max_hp_loss":0.0,"gold_gain":0.0,"event_name":"The Lab","player_choice":"Got Potions","floor":7.0,"gold_loss":0.0,"damage_taken":0.0},{"damage_healed":0.0,"max_hp_gain":0.0,"max_hp_loss":0.0,"gold_gain":0.0,"event_name":"Shining Light","player_choice":"Entered Light","floor":12.0,"gold_loss":0.0,"damage_taken":15.0,"cards_upgraded":["Strike_B","Cold Snap"]},{"damage_healed":0.0,"max_hp_gain":0.0,"max_hp_loss":0.0,"gold_gain":0.0,"event_name":"Ghosts","player_choice":"Ignored","floor":19.0,"gold_loss":0.0,"damage_taken":0.0}],"is_beta":false,"boss_relics":[{"not_picked":["Calling Bell","Runic Pyramid"],"picked":"White Beast Statue"}],"items_purged_floors":[],"is_endless":false,"potions_floor_spawned":[4,6,10,13,18,20],"killed_by":"Sentry and Sphere","ascension_level":1}