{"gold_per_floor":[117,192,192,202,222,222,284,284,308,324,374,22,22,55,55,129,129,141,191,116,134,234,234,298,298,322,372,372,269,330,7,7,79,79,99,149,199,264,314,378,389,389,443,493,556,606,618,668,668,668,668,668,668,70,70],"floor_reached":55,"playtime":4280,"items_purged":["Shame","Strike_B"],"score":1886,"play_id":"063598ca-069b-4d0c-8796-7bbcc7443807","local_time":"20190427214253","is_ascension_mode":true,"campfire_choices":[{"floor":6,"key":"REST"},{"floor":8,"key":"REST"},{"floor":13,"key":"REST"},{"data":"Consume","floor":15,"key":"SMITH"},{"floor":23,"key":"REST"},{"data":"Capacitor","floor":25,"key":"SMITH"},{"data":"Hologram","floor":28,"key":"SMITH"},{"floor":32,"key":"REST"},{"floor":42,"key":"REST"},{"floor":49,"key":"RECALL"},{"data":"Rainbow","floor":53,"key":"SMITH"}],"neow_cost":"PERCENT_DAMAGE","seed_source_timestamp":507973608945812,"circlet_count":0,"master_deck":["AscendersBane","Strike_B","Defend_B","Defend_B","Defend_B","Defend_B","Zap","Dualcast","Echo Form","Consume+1","Ball Lightning","Static Discharge","Cold Snap","Chill","Recycle","Machine Learning","Coolheaded","Capacitor+1","Hologram+1","Coolheaded","Capacitor+1","Finesse","Rainbow+1","Loop","Redo"],"relics":["Cracked Core","SsserpentHead","Ancient Tea Set","Happy Flower","Art of War","Bronze Scales","Bag of Marbles","Orrery","Vajra","Anchor","DollysMirror","Snecko Eye","Tiny Chest","Incense Burner","PreservedInsect","Ice Cream","DataDisk"],"potions_floor_usage":[10,18,30,33,35,38,45,55],"damage_taken":[{"damage":14,"enemies":"Small Slimes","floor":1,"turns":3},{"damage":14,"enemies":"Jaw Worm","floor":4,"turns":4},{"damage":0,"enemies":"Cultist","floor":5,"turns":3},{"damage":11,"enemies":"Blue Slaver","floor":7,"turns":3},{"damage":10,"enemies":"Exordium Thugs","floor":10,"turns":4},{"damage":10,"enemies":"3 Sentries","floor":14,"turns":10},{"damage":8,"enemies":"Hexaghost","floor":16,"turns":9},{"damage":22,"enemies":"2 Thieves","floor":18,"turns":3},{"damage":16,"enemies":"Chosen","floor":21,"turns":7},{"damage":10,"enemies":"Centurion and Healer","floor":24,"turns":7},{"damage":16,"enemies":"Shelled Parasite and Fungi","floor":30,"turns":10},{"damage":0,"enemies":"Champ","floor":33,"turns":16},{"damage":12,"enemies":"Orb Walker","floor":35,"turns":4},{"damage":26,"enemies":"3 Darklings","floor":38,"turns":7},{"damage":11,"enemies":"Giant Head","floor":40,"turns":17},{"damage":26,"enemies":"4 Shapes","floor":41,"turns":8},{"damage":6,"enemies":"Maw","floor":45,"turns":8},{"damage":7,"enemies":"Writhing Mass","floor":47,"turns":5},{"damage":28,"enemies":"Time Eater","floor":50,"turns":14},{"damage":14,"enemies":"Donu and Deca","floor":51,"turns":18},{"damage":48,"enemies":"Shield and Spear","floor":55,"turns":2}],"seed_played":"745815909763746264","potions_obtained":[{"floor":5,"key":"Explosive Potion"},{"floor":7,"key":"Explosive Potion"},{"floor":10,"key":"FearPotion"},{"floor":16,"key":"SpeedPotion"},{"floor":30,"key":"PowerPotion"},{"floor":33,"key":"SteroidPotion"},{"floor":35,"key":"Fruit Juice"},{"floor":37,"key":"LiquidBronze"},{"floor":37,"key":"Regen Potion"},{"floor":41,"key":"Block Potion"},{"floor":47,"key":"Energy Potion"}],"is_trial":false,"path_per_floor":["M","?","?","M","M","R","M","R","T","M","?","$","R","E","R","B",null,"M","?","$","M","?","R","M","R","T","?","R","$","M","$","R","B",null,"M","?","?","M","?","E","M","R","T","T","M","?","M","T","R","B","B",null,"R","$","E"],"character_chosen":"DEFECT","items_purchased":["Chill","Art of War","Bronze Scales","Coolheaded","DollysMirror","Finesse","Ice Cream","DataDisk","Loop","Redo"],"campfire_rested":6,"item_purchase_floors":[12,12,12,29,31,31,54,54,54,54],"current_hp_per_floor":[32,21,21,7,7,28,17,38,38,28,28,28,49,39,39,31,61,39,39,39,23,23,44,34,34,34,34,34,34,18,18,39,39,63,56,56,56,45,45,34,8,29,29,29,23,59,52,52,52,24,10,47,47,47,0],"gold":70,"neow_bonus":"TRANSFORM_TWO_CARDS","is_prod":false,"is_daily":false,"chose_seed":false,"campfire_upgraded":4,"win_rate":0,"timestamp":1556368973,"path_taken":["M","?","?","M","M","R","?","R","T","M","?","?","R","E","R","BOSS","M","?","$","M","?","R","?","R","T","?","R","?","?","$","R","BOSS","M","?","?","?","?","E","M","R","T","?","?","?","M","?","R","BOSS","BOSS","R","$","E"],"build_version":"2019-01-23","purchased_purges":2,"victory":false,"max_hp_per_floor":[71,71,71,71,71,71,71,71,71,71,71,71,71,71,71,71,71,71,71,71,71,71,71,71,71,71,71,71,71,71,71,71,71,71,76,76,76,76,72,72,72,72,72,72,72,59,59,59,59,59,59,59,59,59,59],"card_choices":[{"not_picked":["Beam Cell","Force Field","Rip and Tear"],"picked":"SKIP","floor":1},{"not_picked":["Capacitor","Conserve Battery"],"picked":"Consume","floor":4},{"not_picked":["Conserve Battery","Steam"],"picked":"Ball Lightning","floor":5},{"not_picked":["Redo","Stack"],"picked":"Static Discharge","floor":7},{"not_picked":["Steam","Beam Cell"],"picked":"Cold Snap","floor":10},{"not_picked":["Self Repair","Aggregate"],"picked":"Recycle","floor":14},{"not_picked":["Reboot","Meteor Strike"],"picked":"Machine Learning","floor":16},{"not_picked":["Stack","Scrape"],"picked":"Coolheaded","floor":17},{"not_picked":["Static Discharge","Consume","Sweeping Beam+1"],"picked":"SKIP","floor":18},{"not_picked":["All For One","Gash"],"picked":"Capacitor","floor":21},{"not_picked":["Go for the Eyes","Scrape","Reprogram"],"picked":"SKIP","floor":24},{"not_picked":["Turbo","Coolheaded","Undo"],"picked":"SKIP","floor":30},{"not_picked":["Thunder Strike","Amplify"],"picked":"Rainbow","floor":33},{"not_picked":["Compile Driver+1","Aggregate","Scrape"],"picked":"SKIP","floor":35},{"not_picked":["Coolheaded","Streamline","Hologram"],"picked":"SKIP","floor":38},{"not_picked":["Fusion+1","Streamline+1","Auto Shields"],"picked":"SKIP","floor":40},{"not_picked":["Cold Snap+1","Rebound+1","Hyperbeam"],"picked":"SKIP","floor":41},{"not_picked":["Beam Cell+1","Stack","Cold Snap"],"picked":"SKIP","floor":45},{"not_picked":["Turbo","Sweeping Beam","Double Energy+1"],"picked":"SKIP","floor":47}],"player_experience":300329,"relics_obtained":[{"floor":9,"key":"Ancient Tea Set"},{"floor":14,"key":"Bag of Marbles"},{"floor":26,"key":"Anchor"},{"floor":40,"key":"Tiny Chest"},{"floor":44,"key":"Incense Burner"},{"floor":48,"key":"PreservedInsect"}],"event_choices":[{"damage_healed":0,"gold_gain":75,"player_choice":"Gather Gold","damage_taken":11,"max_hp_gain":0,"max_hp_loss":0,"event_name":"World of Goop","floor":2,"gold_loss":0},{"damage_healed":0,"gold_gain":0,"player_choice":"Trade","damage_taken":0,"relics_obtained":["SsserpentHead"],"max_hp_gain":0,"max_hp_loss":0,"event_name":"FaceTrader","floor":3,"gold_loss":0},{"damage_healed":0,"gold_gain":0,"player_choice":"Gave Potion","damage_taken":0,"relics_obtained":["Happy Flower"],"max_hp_gain":0,"max_hp_loss":0,"event_name":"WeMeetAgain","floor":11,"gold_loss":0},{"damage_healed":0,"gold_gain":0,"player_choice":"Stole Relic","damage_taken":0,"relics_obtained":["Vajra"],"max_hp_gain":0,"max_hp_loss":0,"event_name":"Addict","floor":19,"gold_loss":0,"cards_obtained":["Shame"]},{"damage_healed":0,"gold_gain":50,"player_choice":"Pray","damage_taken":0,"max_hp_gain":0,"max_hp_loss":0,"event_name":"Golden Shrine","floor":22,"gold_loss":0},{"damage_healed":0,"gold_gain":0,"player_choice":"Read","damage_taken":0,"max_hp_gain":0,"max_hp_loss":0,"event_name":"The Library","floor":27,"gold_loss":0,"cards_obtained":["Hologram"]},{"cards_removed":["Lockon"],"damage_healed":0,"gold_gain":0,"player_choice":"Removed Attack","damage_taken":0,"max_hp_gain":0,"max_hp_loss":0,"event_name":"Falling","floor":36,"gold_loss":0},{"damage_healed":0,"gold_gain":0,"player_choice":"Got Potions","damage_taken":0,"max_hp_gain":0,"max_hp_loss":0,"event_name":"Lab","floor":37,"gold_loss":0},{"damage_healed":0,"gold_gain":0,"player_choice":"Max HP","damage_taken":0,"max_hp_gain":0,"max_hp_loss":4,"event_name":"Winding Halls","floor":39,"gold_loss":0},{"damage_healed":59,"gold_gain":0,"player_choice":"Heal","damage_taken":0,"max_hp_gain":0,"max_hp_loss":13,"event_name":"The Moai Head","floor":46,"gold_loss":0}],"is_beta":false,"boss_relics":[{"not_picked":["Velvet Choker","Coffee Dripper"],"picked":"Orrery"},{"not_picked":["Eternal Feather","White Beast Statue"],"picked":"Snecko Eye"}],"items_purged_floors":[20,29],"is_endless":false,"potions_floor_spawned":[5,7,10,16,30,33,35,41,47],"killed_by":"Shield and Spear","ascension_level":20}