{"gold_per_floor":[11,11,23,43,56,82,82,96,123,152,152,427,427,437,437,538,538,558,577,595,364,364,393,393,421,486,498,520,546,308,318,318,422,422,432,307,0,18,38,368,368,382,382,382,412,47,47,66,66,66],"floor_reached":51,"playtime":3011,"items_purged":["Regret","Strike_R","Strike_R"],"score":1224,"play_id":"14350d34-7641-4117-9d96-3c251472706b","local_time":"20190520185153","is_ascension_mode":true,"campfire_choices":[{"data":"Whirlwind","floor":7.0,"key":"SMITH"},{"data":"Anger","floor":13.0,"key":"SMITH"},{"floor":15.0,"key":"REST"},{"floor":24.0,"key":"REST"},{"data":"Corruption","floor":27.0,"key":"SMITH"},{"floor":32,"key":"REST"},{"data":"Shockwave","floor":41,"key":"SMITH"},{"data":"Heavy Blade","floor":44,"key":"SMITH"},{"floor":47,"key":"REST"},{"floor":49,"key":"REST"}],"neow_cost":"NO_GOLD","seed_source_timestamp":482668925888613,"circlet_count":0,"master_deck":["AscendersBane","Defend_R","Defend_R","Defend_R","Bash","Shrug It Off","Thunderclap","Anger+1","Whirlwind+1","Corruption+1","Dropkick","Offering","Spot Weakness+1","Seeing Red","Flame Barrier","Heavy Blade+1","Shrug It Off","Flex+1","Shockwave+1","Double Tap","Rage+1","Battle Trance+1","Disarm+1","Blood for Blood+1","Sentinel+1","Feel No Pain","Inflame"],"special_seed":0,"relics":["Burning Blood","Champion Belt","Blood Vial","Centennial Puzzle","Red Skull","Vajra","Sozu","Bag of Marbles","Regal Pillow","MawBank","Dream Catcher","Art of War","Astrolabe","Red Mask","Old Coin","Shuriken","Dodecahedron","Ice Cream"],"potions_floor_usage":[],"damage_taken":[{"damage":4.0,"enemies":"2 Louse","floor":1.0,"turns":3.0},{"damage":4.0,"enemies":"Cultist","floor":3.0,"turns":3.0},{"damage":4.0,"enemies":"Jaw Worm","floor":4.0,"turns":3.0},{"damage":2.0,"enemies":"Large Slime","floor":5.0,"turns":8.0},{"damage":27.0,"enemies":"Lagavulin","floor":6.0,"turns":7.0},{"damage":0.0,"enemies":"Gremlin Gang","floor":8.0,"turns":1.0},{"damage":30.0,"enemies":"3 Sentries","floor":10.0,"turns":4.0},{"damage":6.0,"enemies":"Blue Slaver","floor":14.0,"turns":2.0},{"damage":85.0,"enemies":"The Guardian","floor":16.0,"turns":9.0},{"damage":9.0,"enemies":"Spheric Guardian","floor":18.0,"turns":3.0},{"damage":14.0,"enemies":"2 Thieves","floor":19.0,"turns":3.0},{"damage":6.0,"enemies":"Centurion and Healer","floor":20.0,"turns":1.0},{"damage":33.0,"enemies":"Book of Stabbing","floor":23.0,"turns":4.0},{"damage":12.0,"enemies":"Gremlin Leader","floor":25.0,"turns":5.0},{"damage":9.0,"enemies":"Cultist and Chosen","floor":28.0,"turns":2.0},{"damage":19.0,"enemies":"Snake Plant","floor":29.0,"turns":2.0},{"damage":6,"enemies":"Centurion and Healer","floor":31,"turns":3},{"damage":66,"enemies":"Champ","floor":33,"turns":8},{"damage":17,"enemies":"3 Darklings","floor":35,"turns":3},{"damage":4,"enemies":"3 Shapes","floor":38,"turns":1},{"damage":10,"enemies":"Sphere and 2 Shapes","floor":39,"turns":3},{"damage":10,"enemies":"Giant Head","floor":40,"turns":6},{"damage":12,"enemies":"4 Shapes","floor":42,"turns":1},{"damage":32,"enemies":"Reptomancer","floor":45,"turns":3},{"damage":19,"enemies":"Spire Growth","floor":48,"turns":4},{"damage":40,"enemies":"Donu and Deca","floor":50,"turns":5}],"seed_played":"-8056802522341249445","potions_obtained":[{"floor":3.0,"key":"PowerPotion"},{"floor":4.0,"key":"Explosive Potion"},{"floor":6.0,"key":"Regen Potion"},{"floor":14.0,"key":"Fruit Juice"}],"is_trial":false,"path_per_floor":["M","?","M","M","M","E","R","M","T","E","?","?","R","M","R","B",null,"M","M","M","$","?","E","R","E","T","R","M","M","$","M","R","B",null,"M","$","?","M","M","E","R","M","T","R","E","$","R","M","R","B",null],"character_chosen":"IRONCLAD","items_purchased":["Bag of Marbles","Art of War","Ice Cream","Inflame"],"campfire_rested":5,"item_purchase_floors":[21,30,46,46],"current_hp_per_floor":[74,74,78,80,80,59,59,67,67,45,38,38,38,40,64,7,66,65,59,61,61,61,36,76,72,72,72,71,60,60,62,85,25,70,61,61,61,65,63,61,61,57,57,57,33,33,73,62,85,51],"gold":66,"neow_bonus":"ONE_RARE_RELIC","is_prod":false,"is_daily":false,"chose_seed":false,"campfire_upgraded":5,"win_rate":0,"timestamp":1558371113,"path_taken":["M","?","M","M","?","E","R","?","T","E","?","?","R","M","R","BOSS","M","M","?","$","?","E","R","E","T","R","M","M","$","M","R","BOSS","M","$","?","M","M","E","R","M","T","R","E","$","R","M","R","BOSS"],"build_version":"2019-05-07","purchased_purges":3,"victory":true,"max_hp_per_floor":[80,80,80,80,80,80,80,80,80,80,80,80,80,80,80,85,85,85,85,85,85,85,85,85,85,85,85,85,85,85,85,85,85,85,85,85,85,85,85,85,85,85,85,85,85,85,85,85,85,85],"card_choices":[{"not_picked":["Shrug It Off","Rage"],"picked":"Headbutt","floor":1.0},{"not_picked":["Hemokinesis","Havoc"],"picked":"Shrug It Off","floor":3.0},{"not_picked":["Uppercut","Immolate"],"picked":"Thunderclap","floor":4.0},{"not_picked":["Clothesline","True Grit"],"picked":"Anger","floor":5.0},{"not_picked":["Sword Boomerang","Thunderclap"],"picked":"Whirlwind","floor":6.0},{"not_picked":["Heavy Blade","Feel No Pain","Power Through"],"picked":"SKIP","floor":8.0},{"not_picked":["Anger","Headbutt"],"picked":"Corruption","floor":10.0},{"not_picked":["Body Slam","Armaments"],"picked":"Dropkick","floor":14.0},{"not_picked":["Juggernaut","Brutality"],"picked":"Offering","floor":16.0},{"not_picked":["Sword Boomerang","Metallicize"],"picked":"Spot Weakness+1","floor":18.0},{"not_picked":["Anger+1","Disarm"],"picked":"Seeing Red","floor":19.0},{"not_picked":["Perfected Strike","Body Slam"],"picked":"Flame Barrier","floor":20.0},{"not_picked":["Corruption","Carnage","Clothesline"],"picked":"SKIP","floor":23.0},{"not_picked":["Thunderclap+1","Second Wind"],"picked":"Heavy Blade","floor":25.0},{"not_picked":["Flex","Anger"],"picked":"Shrug It Off","floor":28.0},{"not_picked":["Sentinel","Body Slam","Havoc"],"picked":"SKIP","floor":29.0},{"not_picked":["Body Slam","Armaments"],"picked":"Flex+1","floor":31},{"not_picked":["Dual Wield+1","Berserk"],"picked":"Shockwave","floor":32},{"not_picked":["Bludgeon","Offering"],"picked":"Double Tap","floor":33},{"not_picked":["Havoc","Reckless Charge+1","Rupture+1"],"picked":"SKIP","floor":35},{"not_picked":["Flex","Cleave"],"picked":"Blood for Blood+1","floor":38},{"not_picked":["Thunderclap","Disarm"],"picked":"Sentinel+1","floor":39},{"not_picked":["Bludgeon","Body Slam"],"picked":"Feel No Pain","floor":40},{"not_picked":["True Grit","Dropkick","Hemokinesis"],"picked":"SKIP","floor":42},{"not_picked":["Twin Strike","Fire Breathing","Sword Boomerang"],"picked":"SKIP","floor":45},{"not_picked":["Feel No Pain","Thunderclap","Headbutt"],"picked":"SKIP","floor":48}],"player_experience":401453,"relics_obtained":[{"floor":6.0,"key":"Centennial Puzzle"},{"floor":9.0,"key":"Red Skull"},{"floor":10.0,"key":"Vajra"},{"floor":23.0,"key":"Regal Pillow"},{"floor":25.0,"key":"MawBank"},{"floor":26.0,"key":"Dream Catcher"},{"floor":40,"key":"Old Coin"},{"floor":43,"key":"Shuriken"},{"floor":45,"key":"Dodecahedron"}],"event_choices":[{"cards_removed":["Headbutt"],"damage_healed":0.0,"max_hp_gain":0.0,"max_hp_loss":0.0,"gold_gain":0.0,"event_name":"WeMeetAgain","player_choice":"Gave Card","floor":2.0,"gold_loss":0.0,"damage_taken":0.0,"relics_obtained":["Blood Vial"]},{"cards_removed":["Strike_R"],"damage_healed":0.0,"max_hp_gain":0.0,"max_hp_loss":0.0,"gold_gain":0.0,"event_name":"Golden Wing","player_choice":"Card Removal","floor":11.0,"gold_loss":0.0,"damage_taken":7.0},{"damage_healed":0.0,"max_hp_gain":0.0,"max_hp_loss":0.0,"gold_gain":275.0,"event_name":"Golden Shrine","player_choice":"Desecrate","floor":12.0,"gold_loss":0.0,"damage_taken":0.0,"cards_obtained":["Regret"]},{"damage_healed":0.0,"max_hp_gain":0.0,"max_hp_loss":0.0,"gold_gain":0.0,"event_name":"The Woman in Blue","player_choice":"Bought 0 Potions","floor":22.0,"gold_loss":0.0,"damage_taken":0.0},{"damage_healed":0,"gold_gain":0,"player_choice":"Paid","damage_taken":0,"relics_obtained":["Red Mask"],"max_hp_gain":0,"max_hp_loss":0,"event_name":"Tomb of Lord Red Mask","floor":37,"gold_loss":307}],"is_beta":true,"boss_relics":[{"not_picked":["Runic Pyramid","Fusion Hammer"],"picked":"Sozu"},{"not_picked":["Empty Cage","White Beast Statue"],"picked":"Astrolabe"}],"items_purged_floors":[21,30,36],"is_endless":false,"potions_floor_spawned":[3,4,6,8,14,18,19,23,29,40,45,48],"ascension_level":12}