{"gold_per_floor":[110,122,140,151,162,162,188,188,215,230,259,259,279,306,306,402,402,412,431,431,199,209,242,242,272,299,299,310,310,310,310,310,411,411,428,111,111,121,121,121,133,233,233,253,253,269,269,269,269,269,269,269,144,172,172],"floor_reached":56,"playtime":6693,"items_purged":["Strike_G","Strike_G","Strike_G+1"],"score":1330,"play_id":"f0506440-2c46-410e-820c-209b09c81939","local_time":"20190520233749","is_ascension_mode":true,"campfire_choices":[{"data":"Caltrops","floor":6,"key":"SMITH"},{"floor":8,"key":"REST"},{"floor":12,"key":"REST"},{"floor":15,"key":"REST"},{"floor":24,"key":"REST"},{"data":"Burst","floor":27,"key":"SMITH"},{"floor":30,"key":"REST"},{"floor":32,"key":"REST"},{"floor":40,"key":"RECALL"},{"floor":45,"key":"REST"},{"floor":49,"key":"REST"},{"floor":52,"key":"REST"}],"neow_cost":"TEN_PERCENT_HP_LOSS","seed_source_timestamp":5144295916449,"circlet_count":0,"master_deck":["Defend_G+1","Defend_G+1","Defend_G+1","Strike_G+1","Survivor+1","Neutralize+1","Deflect+1","Dash+1","Infinite Blades+1","Blade Dance+1","Caltrops+1","PiercingWail+1","Adrenaline+1","Infinite Blades+1","Cloak And Dagger+1","After Image+1","Cloak And Dagger+1","Backflip+1","J.A.X.+1","Accuracy+1","Flash of Steel+1","Burst+1","Adrenaline+1","Cloak And Dagger+1","Adrenaline+1","Terror+1","Envenom+1","Burst+1","Backflip+1","Accuracy+1"],"relics":["Ring of the Snake","Bottled Flame","Snake Skull","Centennial Puzzle","Orichalcum","Runic Pyramid","Bag of Marbles","Nunchaku","HoveringKite","Shuriken","Mark of the Bloom","Pear","Gremlin Horn"],"potions_floor_usage":[14,14,16,23,23,25,33,55,55,55],"damage_taken":[{"damage":0,"enemies":"Small Slimes","floor":1,"turns":4},{"damage":0,"enemies":"Jaw Worm","floor":2,"turns":4},{"damage":1,"enemies":"2 Louse","floor":3,"turns":3},{"damage":9,"enemies":"Lots of Slimes","floor":4,"turns":4},{"damage":4,"enemies":"Blue Slaver","floor":5,"turns":4},{"damage":24,"enemies":"Gremlin Nob","floor":7,"turns":5},{"damage":5,"enemies":"3 Louse","floor":10,"turns":4},{"damage":8,"enemies":"Lagavulin","floor":11,"turns":7},{"damage":4,"enemies":"Lots of Slimes","floor":13,"turns":3},{"damage":2,"enemies":"Gremlin Nob","floor":14,"turns":4},{"damage":8,"enemies":"Slime Boss","floor":16,"turns":11},{"damage":18,"enemies":"Shell Parasite","floor":18,"turns":7},{"damage":1,"enemies":"3 Byrds","floor":19,"turns":1},{"damage":3,"enemies":"Snake Plant","floor":22,"turns":6},{"damage":14,"enemies":"Gremlin Leader","floor":23,"turns":7},{"damage":6,"enemies":"Book of Stabbing","floor":25,"turns":6},{"damage":12,"enemies":"Snecko","floor":28,"turns":6},{"damage":34,"enemies":"Champ","floor":33,"turns":9},{"damage":9,"enemies":"3 Darklings","floor":35,"turns":6},{"damage":0,"enemies":"Orb Walker","floor":38,"turns":3},{"damage":0,"enemies":"Maw","floor":41,"turns":5},{"damage":0,"enemies":"4 Shapes","floor":44,"turns":5},{"damage":0,"enemies":"Spire Growth","floor":46,"turns":4},{"damage":0,"enemies":"Donu and Deca","floor":50,"turns":6},{"damage":0,"enemies":"Shield and Spear","floor":54,"turns":6},{"damage":10,"enemies":"The Heart","floor":55,"turns":5}],"seed_played":"8559547426174399030","potions_obtained":[{"floor":2,"key":"SpeedPotion"},{"floor":4,"key":"Explosive Potion"},{"floor":11,"key":"SpeedPotion"},{"floor":13,"key":"PowerPotion"},{"floor":14,"key":"GhostInAJar"},{"floor":16,"key":"Explosive Potion"},{"floor":19,"key":"PowerPotion"},{"floor":23,"key":"Ancient Potion"},{"floor":28,"key":"Strength Potion"},{"floor":33,"key":"GhostInAJar"},{"floor":35,"key":"Dexterity Potion"},{"floor":41,"key":"GamblersBrew"}],"is_trial":false,"path_per_floor":["M","M","M","M","M","R","E","R","T","M","E","R","M","E","R","B",null,"M","M","?","$","M","E","R","E","T","R","M","?","R","?","R","B",null,"M","$","?","M","?","R","M","?","T","M","R","M","?","?","R","B",null,"R","$","E","B",null],"character_chosen":"THE_SILENT","items_purchased":["Accuracy","Flash of Steel","Envenom","Burst"],"campfire_rested":9,"item_purchase_floors":[21,21,36,36],"current_hp_per_floor":[63,63,62,53,49,49,25,43,43,38,30,48,44,42,60,52,63,45,44,44,44,41,27,45,39,39,39,27,16,36,36,56,22,68,59,59,59,59,59,59,59,59,59,59,59,59,59,59,59,59,59,59,59,59,49],"gold":172,"neow_bonus":"TRANSFORM_TWO_CARDS","is_prod":false,"is_daily":false,"chose_seed":false,"campfire_upgraded":2,"win_rate":0,"timestamp":1558388269,"path_taken":["M","M","M","M","M","R","E","R","T","M","E","R","M","E","R","BOSS","M","M","?","$","M","E","R","E","T","R","M","?","R","?","R","BOSS","M","$","?","?","?","R","M","?","T","?","R","M","?","?","R","BOSS","R","$","E","BOSS"],"build_version":"2019-01-23","purchased_purges":3,"victory":true,"max_hp_per_floor":[63,63,63,63,63,63,63,63,63,63,63,63,63,63,63,63,63,63,63,63,63,63,63,63,63,63,63,63,68,68,68,68,68,68,68,68,68,68,68,68,68,68,78,78,78,78,78,74,74,74,74,74,74,74,74],"card_choices":[{"not_picked":["Poisoned Stab","Caltrops"],"picked":"Dash","floor":1},{"not_picked":["Prepared","Underhanded Strike","Reflex"],"picked":"SKIP","floor":2},{"not_picked":["Deadly Poison","Slice"],"picked":"Infinite Blades","floor":3},{"not_picked":["Slice","Backflip"],"picked":"Blade Dance","floor":4},{"not_picked":["Deadly Poison","Reflex"],"picked":"Caltrops","floor":5},{"not_picked":["Bane","Dagger Spray"],"picked":"PiercingWail","floor":7},{"not_picked":["Slice","Outmaneuver"],"picked":"Adrenaline","floor":10},{"not_picked":["Well Laid Plans","Expertise"],"picked":"Infinite Blades","floor":11},{"not_picked":["Choke","Dodge and Roll","Acrobatics"],"picked":"SKIP","floor":13},{"not_picked":["Skewer","Flying Knee"],"picked":"Cloak And Dagger","floor":14},{"not_picked":["Unload","Tools of the Trade"],"picked":"After Image","floor":16},{"not_picked":["Heel Hook+1","Dash"],"picked":"Cloak And Dagger","floor":18},{"not_picked":["Quick Slash","Riddle With Holes"],"picked":"Backflip+1","floor":19},{"not_picked":["Slice","Catalyst","Bane"],"picked":"SKIP","floor":22},{"not_picked":["Dagger Spray","Underhanded Strike"],"picked":"Burst","floor":23},{"not_picked":["Dash","Blade Dance+1"],"picked":"Adrenaline","floor":25},{"not_picked":["Infinite Blades","Deadly Poison+1"],"picked":"Cloak And Dagger","floor":28},{"not_picked":["Unload","Glass Knife"],"picked":"Adrenaline","floor":33},{"not_picked":["Poisoned Stab+1","Finisher+1"],"picked":"Terror+1","floor":35},{"not_picked":["Catalyst+1","Flechettes"],"picked":"Backflip","floor":38},{"not_picked":["Heel Hook+1","Sucker Punch+1","Calculated Gamble"],"picked":"SKIP","floor":41},{"not_picked":["Eviscerate+1","Blade Dance","Slice+1"],"picked":"SKIP","floor":44},{"not_picked":["Dodge and Roll+1","Prepared","Flying Knee+1"],"picked":"SKIP","floor":46},{"not_picked":["All Out Attack+1","Expertise"],"picked":"Accuracy+1","floor":54}],"player_experience":134912,"relics_obtained":[{"floor":7,"key":"Bottled Flame"},{"floor":9,"key":"Snake Skull"},{"floor":11,"key":"Centennial Puzzle"},{"floor":14,"key":"Orichalcum"},{"floor":23,"key":"Bag of Marbles"},{"floor":25,"key":"Nunchaku"},{"floor":43,"key":"Pear"},{"floor":54,"key":"Gremlin Horn"}],"event_choices":[{"damage_healed":0,"gold_gain":0,"player_choice":"Obtain J.A.X.","damage_taken":0,"max_hp_gain":0,"max_hp_loss":0,"event_name":"Drug Dealer","floor":20,"gold_loss":0,"cards_obtained":["J.A.X."]},{"damage_healed":0,"gold_gain":0,"player_choice":"Shed Blood","damage_taken":16,"max_hp_gain":5,"max_hp_loss":0,"event_name":"Forgotten Altar","floor":29,"gold_loss":0},{"cards_removed":["Defend_G"],"damage_healed":0,"gold_gain":0,"player_choice":"Elegance","damage_taken":0,"max_hp_gain":0,"max_hp_loss":0,"event_name":"Back to Basics","floor":31,"gold_loss":0},{"damage_healed":0,"gold_gain":0,"player_choice":"Gave Potion","damage_taken":0,"relics_obtained":["Shuriken"],"max_hp_gain":0,"max_hp_loss":0,"event_name":"WeMeetAgain","floor":37,"gold_loss":0},{"damage_healed":0,"gold_gain":0,"player_choice":"Upgrade","damage_taken":0,"relics_obtained":["Mark of the Bloom"],"max_hp_gain":0,"max_hp_loss":0,"event_name":"MindBloom","floor":39,"gold_loss":0,"cards_upgraded":["Defend_G","Defend_G","Defend_G","Strike_G","Strike_G","Survivor","Neutralize","Flying Knee","Deflect","Dash","Infinite Blades","Blade Dance","PiercingWail","Adrenaline","Infinite Blades","Cloak And Dagger","After Image","Cloak And Dagger","J.A.X.","Accuracy","Flash of Steel","Adrenaline","Cloak And Dagger","Adrenaline","Envenom","Burst","Backflip"]},{"damage_healed":0,"gold_gain":100,"player_choice":"Pray","damage_taken":0,"max_hp_gain":0,"max_hp_loss":0,"event_name":"Golden Shrine","floor":42,"gold_loss":0},{"cards_removed":["Flying Knee"],"damage_healed":0,"gold_gain":0,"player_choice":"Removed Attack","damage_taken":0,"max_hp_gain":0,"max_hp_loss":0,"event_name":"Falling","floor":47,"gold_loss":0},{"damage_healed":0,"gold_gain":0,"player_choice":"Max HP","damage_taken":0,"max_hp_gain":0,"max_hp_loss":4,"event_name":"Winding Halls","floor":48,"gold_loss":0}],"is_beta":false,"boss_relics":[{"not_picked":["Coffee Dripper","Calling Bell"],"picked":"Runic Pyramid"},{"not_picked":["Eternal Feather","Pandora\u0027s Box"],"picked":"HoveringKite"}],"items_purged_floors":[21,36,53],"is_endless":false,"potions_floor_spawned":[2,4,11,13,14,16,19,23,28,33,35,41],"ascension_level":2}