{"gold_per_floor":[117,117,135,158,158,198,198,223,223,242,261,261],"floor_reached":12,"playtime":463,"items_purged":[],"score":82,"play_id":"df0a7783-d01a-43a5-81cd-01f5c6388325","local_time":"20190501202943","is_ascension_mode":false,"campfire_choices":[{"floor":7,"key":"REST"}],"neow_cost":"NONE","seed_source_timestamp":215740917203334,"circlet_count":0,"master_deck":["Strike_B","Strike_B","Strike_B","Strike_B","Defend_B","Defend_B","Defend_B","Defend_B","Zap","Dualcast","Fusion","White Noise","Beam Cell","Auto Shields","Coolheaded","Ball Lightning","Auto Shields"],"relics":["Cracked Core","Golden Idol","Smiling Mask","The Courier","Frozen Egg 2"],"potions_floor_usage":[],"damage_taken":[{"damage":2,"enemies":"2 Louse","floor":1,"turns":4},{"damage":10,"enemies":"Cultist","floor":3,"turns":4},{"damage":6,"enemies":"Jaw Worm","floor":4,"turns":5},{"damage":52,"enemies":"Gremlin Nob","floor":6,"turns":5},{"damage":0,"enemies":"Looter","floor":8,"turns":4},{"damage":1,"enemies":"2 Fungi Beasts","floor":10,"turns":3},{"damage":16,"enemies":"Exordium Wildlife","floor":11,"turns":6},{"damage":0,"enemies":"Lagavulin","floor":12,"turns":1}],"seed_played":"1248192345080558945","potions_obtained":[{"floor":4,"key":"SkillPotion"}],"is_trial":false,"path_per_floor":["M","?","M","M","?","E","R","M","T","M","M","E"],"character_chosen":"DEFECT","items_purchased":[],"campfire_rested":1,"item_purchase_floors":[],"current_hp_per_floor":[80,76,66,60,60,8,30,30,30,29,13,13],"gold":261,"neow_bonus":"TEN_PERCENT_HP_BONUS","is_prod":false,"is_daily":false,"chose_seed":false,"campfire_upgraded":0,"win_rate":0,"timestamp":1556756983,"path_taken":["M","?","M","M","?","E","R","M","T","M","?","E"],"build_version":"2019-01-23","purchased_purges":0,"victory":false,"max_hp_per_floor":[82,76,76,76,76,76,76,76,76,76,76,76],"card_choices":[{"not_picked":["Stack","Reprogram"],"picked":"Fusion","floor":1},{"not_picked":["Redo","Steam"],"picked":"White Noise","floor":3},{"not_picked":["Sweeping Beam","Steam"],"picked":"Beam Cell","floor":4},{"not_picked":["Stack","Electrodynamics"],"picked":"Auto Shields","floor":6},{"not_picked":["Hologram","Scrape"],"picked":"Coolheaded","floor":8},{"not_picked":["Hologram","Coolheaded"],"picked":"Ball Lightning","floor":10},{"not_picked":["Aggregate","Recycle"],"picked":"Auto Shields","floor":11}],"player_experience":254395,"relics_obtained":[{"floor":6,"key":"The Courier"},{"floor":9,"key":"Frozen Egg 2"}],"event_choices":[{"damage_healed":0,"gold_gain":0,"player_choice":"Lose Max HP","damage_taken":0,"relics_obtained":["Golden Idol"],"max_hp_gain":0,"max_hp_loss":6,"event_name":"Golden Idol","floor":2,"gold_loss":0},{"damage_healed":0,"gold_gain":0,"player_choice":"Gave Potion","damage_taken":0,"relics_obtained":["Smiling Mask"],"max_hp_gain":0,"max_hp_loss":0,"event_name":"WeMeetAgain","floor":5,"gold_loss":0}],"is_beta":false,"boss_relics":[],"items_purged_floors":[],"is_endless":false,"potions_floor_spawned":[4],"killed_by":"Lagavulin","ascension_level":0}