{"gold_per_floor":[113,132,132,132,57,68,98,98,98,98,111,127,154,172,172,249,249,227,317,38,38,51,51,69,69,94,55,55,65,84,118,118,118],"floor_reached":33,"playtime":1704,"items_purged":["Regret"],"score":554,"play_id":"d1f3c435-2405-48bb-87fe-bb00c71102da","local_time":"20190427203118","is_ascension_mode":true,"campfire_choices":[{"data":"Streamline","floor":8,"key":"SMITH"},{"data":"Sunder","floor":15,"key":"SMITH"},{"data":"Hologram","floor":23,"key":"SMITH"},{"data":"Zap","floor":25,"key":"SMITH"},{"floor":32,"key":"REST"}],"neow_cost":"NONE","seed_source_timestamp":506257551324814,"circlet_count":0,"master_deck":["AscendersBane","Strike_B","Defend_B","Defend_B","Defend_B","Defend_B","Zap+1","Dualcast","Redo","Hologram+1","Core Surge","Streamline+1","Cold Snap","Sunder+1","Reboot","Doom and Gloom","Defragment","Chill","Coolheaded","Redo+1"],"relics":["Cracked Core","Meat on the Bone","Pocketwatch","Gremlin Horn","Omamori","Empty Cage","Pantograph","Du-Vu Doll","DataDisk","Frozen Egg 2"],"potions_floor_usage":[16,16,18,24,30,31,33],"damage_taken":[{"damage":4,"enemies":"Jaw Worm","floor":1,"turns":4},{"damage":0,"enemies":"Small Slimes","floor":2,"turns":2},{"damage":0,"enemies":"2 Louse","floor":6,"turns":3},{"damage":33,"enemies":"Gremlin Nob","floor":7,"turns":4},{"damage":11,"enemies":"Exordium Thugs","floor":11,"turns":3},{"damage":8,"enemies":"Blue Slaver","floor":12,"turns":3},{"damage":11,"enemies":"3 Sentries","floor":13,"turns":6},{"damage":11,"enemies":"Looter","floor":14,"turns":2},{"damage":23,"enemies":"Slime Boss","floor":16,"turns":9},{"damage":32,"enemies":"2 Thieves","floor":18,"turns":4},{"damage":0,"enemies":"Chosen","floor":22,"turns":3},{"damage":18,"enemies":"Snake Plant","floor":24,"turns":5},{"damage":9,"enemies":"Sentry and Sphere","floor":29,"turns":4},{"damage":0,"enemies":"3 Cultists","floor":30,"turns":5},{"damage":33,"enemies":"Slavers","floor":31,"turns":5},{"damage":65,"enemies":"Collector","floor":33,"turns":6}],"seed_played":"3983732402074719920","potions_obtained":[{"floor":2,"key":"Ancient Potion"},{"floor":11,"key":"EntropicBrew"},{"floor":13,"key":"Energy Potion"},{"floor":18,"key":"Regen Potion"},{"floor":24,"key":"SkillPotion"},{"floor":31,"key":"GamblersBrew"}],"is_trial":false,"path_per_floor":["M","M","?","T","$","M","E","R","T","?","M","M","E","M","R","B",null,"M","?","$","T","M","R","M","R","T","$","?","M","M","E","R","B"],"character_chosen":"DEFECT","items_purchased":["Pantograph","Defragment"],"campfire_rested":1,"item_purchase_floors":[20,27],"current_hp_per_floor":[60,60,60,60,60,60,39,39,39,39,40,44,45,46,46,35,62,42,28,28,28,40,40,46,46,46,46,46,37,37,16,37,0],"gold":118,"neow_bonus":"REMOVE_CARD","is_prod":false,"is_daily":false,"chose_seed":false,"campfire_upgraded":4,"win_rate":0,"timestamp":1556364678,"path_taken":["M","M","?","?","$","M","E","R","T","?","M","M","E","M","R","BOSS","M","?","$","?","M","R","M","R","T","?","?","M","M","E","R","BOSS"],"build_version":"2019-01-23","purchased_purges":1,"victory":false,"max_hp_per_floor":[71,71,71,71,71,71,71,71,71,71,71,71,71,71,71,71,71,71,71,71,71,71,71,71,71,71,71,71,71,71,71,71,71],"card_choices":[{"not_picked":["Beam Cell","Sweeping Beam"],"picked":"Redo","floor":1},{"not_picked":["Go for the Eyes","Sweeping Beam"],"picked":"Hologram","floor":2},{"not_picked":["Hologram","Ball Lightning"],"picked":"Core Surge","floor":6},{"not_picked":["Stack","Storm"],"picked":"Streamline","floor":7},{"not_picked":["Steam Power","Sweeping Beam","Gash"],"picked":"SKIP","floor":11},{"not_picked":["Barrage","Redo"],"picked":"Cold Snap","floor":12},{"not_picked":["Go for the Eyes","Barrage"],"picked":"Sunder","floor":13},{"not_picked":["Sunder","Rip and Tear","Rebound"],"picked":"SKIP","floor":14},{"not_picked":["Hyperbeam","Thunder Strike"],"picked":"Reboot","floor":16},{"not_picked":["Hologram","Heatsinks","Turbo"],"picked":"SKIP","floor":18},{"not_picked":["BootSequence","Beam Cell"],"picked":"Doom and Gloom","floor":22},{"not_picked":["Compile Driver","Redo","Steam"],"picked":"SKIP","floor":24},{"not_picked":["Barrage","Rebound","Rip and Tear"],"picked":"SKIP","floor":29},{"not_picked":["Streamline","Redo"],"picked":"Coolheaded","floor":30},{"not_picked":["Storm","Ball Lightning"],"picked":"Redo+1","floor":31}],"player_experience":298625,"relics_obtained":[{"floor":4,"key":"Pocketwatch"},{"floor":7,"key":"Gremlin Horn"},{"floor":13,"key":"Omamori"},{"floor":21,"key":"Du-Vu Doll"},{"floor":26,"key":"DataDisk"},{"floor":31,"key":"Frozen Egg 2"}],"event_choices":[{"damage_healed":0,"gold_gain":0,"player_choice":"Box","damage_taken":0,"relics_obtained":["Meat on the Bone"],"max_hp_gain":0,"max_hp_loss":0,"event_name":"Big Fish","floor":3,"gold_loss":0,"cards_obtained":["Regret"]},{"damage_healed":0,"gold_gain":0,"player_choice":"Ignored","damage_taken":0,"max_hp_gain":0,"max_hp_loss":0,"event_name":"Liars Game","floor":10,"gold_loss":0},{"damage_healed":0,"gold_gain":90,"player_choice":"GOLD ","damage_taken":14,"max_hp_gain":0,"max_hp_loss":0,"event_name":"Knowing Skull","floor":19,"potions_obtained":[],"gold_loss":0,"cards_obtained":[]},{"damage_healed":0,"gold_gain":0,"player_choice":"1 cards matched","damage_taken":0,"max_hp_gain":0,"max_hp_loss":0,"event_name":"Match and Keep!","floor":28,"gold_loss":0,"cards_obtained":["Chill"]}],"is_beta":false,"boss_relics":[{"not_picked":["Busted Crown","Sozu"],"picked":"Empty Cage"}],"items_purged_floors":[5],"is_endless":false,"potions_floor_spawned":[2,11,13,18,24,31],"killed_by":"Collector","ascension_level":20}