{"gold_per_floor":[117,117,117,129,154,166,178,225,237,267,279,291,303,349,361,496,571,607,719,746,758,770,782,91,132,179,179,220,220,244,19,19,147,147,163,163,181,181,206,206],"floor_reached":40,"playtime":2304,"items_purged":[],"score":523,"play_id":"ab1d99f8-4cd1-4000-9d7b-d3f07c2b1115","local_time":"20181030220036","is_ascension_mode":true,"campfire_choices":[{"data":"Melter","floor":6.0,"key":"SMITH"},{"floor":13.0,"key":"REST"},{"data":"Sunder","floor":15.0,"key":"SMITH"},{"data":"Dualcast","floor":23,"key":"SMITH"},{"floor":27,"key":"REST"},{"data":"Defragment","floor":29,"key":"SMITH"},{"floor":32,"key":"REST"}],"neow_cost":"NONE","seed_source_timestamp":132815118213696,"circlet_count":0,"master_deck":["Strike_B","Strike_B","Strike_B","Strike_B","Defend_B+1","Defend_B","Defend_B","Defend_B","Zap+1","Dualcast+1","Melter+1","Sunder+1","Steam+1","Rainbow+1","Thunder Strike+1","Darkness+1","BootSequence+1","Cold Snap+1","Defragment+1","Coolheaded+1","Cold Snap+1","Core Surge+1","Double Energy+1","Conserve Battery+1","Cold Snap+1","Defragment+1","Conserve Battery+1","Fission+1","White Noise+1","Thinking Ahead+1","Madness+1","Madness+1","FTL+1"],"special_seed":0,"relics":["Cracked Core","Bag of Preparation","MawBank","Golden Idol","Question Card","Ornamental Fan","Molten Egg 2","Toxic Egg 2","Tiny House","Bag of Marbles","Calipers","Regal Pillow","Meat on the Bone","Ancient Tea Set","Happy Flower","DollysMirror","Black Star"],"potions_floor_usage":[],"damage_taken":[{"damage":0.0,"enemies":"Small Slimes","floor":1.0,"turns":3.0},{"damage":0.0,"enemies":"2 Louse","floor":5.0,"turns":2.0},{"damage":16.0,"enemies":"3 Sentries","floor":8.0,"turns":7.0},{"damage":1.0,"enemies":"Cultist","floor":10.0,"turns":3.0},{"damage":0.0,"enemies":"Gremlin Nob","floor":14.0,"turns":3.0},{"damage":29.0,"enemies":"Hexaghost","floor":16.0,"turns":8.0},{"damage":12.0,"enemies":"3 Byrds","floor":18.0,"turns":2.0},{"damage":34.0,"enemies":"Shell Parasite","floor":20.0,"turns":7.0},{"damage":36,"enemies":"Book of Stabbing","floor":25,"turns":6},{"damage":44,"enemies":"Gremlin Leader","floor":28,"turns":11},{"damage":13,"enemies":"Snake Plant","floor":30,"turns":3},{"damage":34,"enemies":"Automaton","floor":33,"turns":11},{"damage":18,"enemies":"3 Shapes","floor":35,"turns":4},{"damage":0,"enemies":"Orb Walker","floor":37,"turns":3},{"damage":5,"enemies":"4 Shapes","floor":39,"turns":5},{"damage":48,"enemies":"Giant Head","floor":40,"turns":9}],"seed_played":"-4963561875174254622","potions_obtained":[{"floor":1.0,"key":"SkillPotion"},{"floor":10.0,"key":"Fire Potion"},{"floor":16.0,"key":"Poison Potion"},{"floor":17.0,"key":"PowerPotion"},{"floor":20.0,"key":"Dexterity Potion"},{"floor":28,"key":"EssenceOfSteel"}],"is_trial":false,"path_per_floor":["M","?","?","$","M","R","?","E","T","M","?","T","R","E","R","B",null,"M","?","M","?","?","R","$","E","T","R","E","R","M","$","R","B",null,"M","?","M","?","M"],"character_chosen":"DEFECT","items_purchased":["Calipers","Regal Pillow","Defragment","Coolheaded+1","Cold Snap+1","Core Surge+1","DollysMirror","Conserve Battery+1"],"campfire_rested":3,"item_purchase_floors":[24,24,24,24,24,24,31,31],"current_hp_per_floor":[75,75,72,72,72,72,54,38,38,37,37,37,59,59,59,30,80,68,68,34,80,80,80,80,44,44,80,48,48,47,47,80,46,80,62,62,62,52,47,0],"gold":206,"neow_bonus":"RANDOM_COMMON_RELIC","is_prod":false,"is_daily":false,"chose_seed":false,"campfire_upgraded":4,"win_rate":0,"timestamp":1540951236,"path_taken":["M","?","?","$","M","R","?","E","T","M","?","?","R","E","R","BOSS","M","?","?","?","?","R","$","E","T","R","E","R","M","$","R","BOSS","M","?","M","?","?","E"],"build_version":"2018-10-25v2","purchased_purges":0,"victory":false,"max_hp_per_floor":[75,75,75,75,75,75,75,75,75,75,75,75,75,75,75,75,80,80,80,80,80,80,80,80,80,80,80,80,80,80,80,80,80,80,80,80,80,80,80,80],"card_choices":[{"not_picked":["Doom and Gloom","Storm"],"picked":"Blizzard","floor":1.0},{"not_picked":["Rebound","Aggregate"],"picked":"Melter","floor":5.0},{"not_picked":["Ball Lightning","Conserve Battery"],"picked":"Sunder","floor":8.0},{"not_picked":["Gash","Sunder","Steam Power"],"picked":"Steam","floor":10.0},{"not_picked":["Sweeping Beam+1","Static Discharge","Aggregate"],"picked":"Rainbow","floor":14.0},{"not_picked":["Biased Cognition","Electrodynamics","Rainbow+1"],"picked":"Thunder Strike+1","floor":16.0},{"not_picked":["Stack+1","Go for the Eyes+1","Compile Driver+1"],"picked":"Darkness+1","floor":17.0},{"not_picked":["Hologram+1","Redo+1","Gash+1"],"picked":"BootSequence+1","floor":18.0},{"not_picked":["Doom and Gloom+1","Go for the Eyes+1","Rebound+1"],"picked":"Cold Snap+1","floor":20.0},{"not_picked":["BootSequence+1","Undo+1","Sweeping Beam+1"],"picked":"Double Energy+1","floor":25},{"not_picked":["Stack+1","Biased Cognition","Beam Cell+1"],"picked":"Conserve Battery+1","floor":28},{"not_picked":["Go for the Eyes+1","Leap+1","Rebound+1"],"picked":"Cold Snap+1","floor":30},{"not_picked":["Electrodynamics","Rainbow+1","Seek+1"],"picked":"Fission+1","floor":33},{"not_picked":["Tempest+1","Sweeping Beam+1","Cold Snap+1"],"picked":"White Noise+1","floor":35},{"not_picked":["Enlightenment+1","Sadistic Nature","Flash of Steel+1"],"picked":"Thinking Ahead+1","floor":36},{"not_picked":["Scrape+1","Go for the Eyes+1","Stack+1","Steam+1"],"picked":"SKIP","floor":37},{"not_picked":["Stack+1","Skim+1","Double Energy+1"],"picked":"FTL+1","floor":39}],"player_experience":191301,"relics_obtained":[{"floor":8.0,"key":"Question Card"},{"floor":9.0,"key":"Ornamental Fan"},{"floor":12.0,"key":"Molten Egg 2"},{"floor":14.0,"key":"Toxic Egg 2"},{"floor":25,"key":"Meat on the Bone"},{"floor":26,"key":"Ancient Tea Set"},{"floor":28,"key":"Happy Flower"}],"event_choices":[{"damage_healed":0.0,"max_hp_gain":0.0,"max_hp_loss":0.0,"gold_gain":0.0,"event_name":"Living Wall","player_choice":"Grow","floor":2.0,"gold_loss":0.0,"damage_taken":0.0,"cards_upgraded":["Zap"]},{"damage_healed":0.0,"max_hp_gain":0.0,"max_hp_loss":0.0,"gold_gain":0.0,"event_name":"Scrap Ooze","player_choice":"Success","floor":3.0,"gold_loss":0.0,"damage_taken":3.0,"relics_obtained":["MawBank"]},{"damage_healed":0.0,"max_hp_gain":0.0,"max_hp_loss":0.0,"gold_gain":0.0,"event_name":"Golden Idol","player_choice":"Take Damage","floor":7.0,"gold_loss":0.0,"damage_taken":18.0,"relics_obtained":["Golden Idol"]},{"damage_healed":0.0,"max_hp_gain":0.0,"max_hp_loss":0.0,"gold_gain":0.0,"event_name":"Upgrade Shrine","player_choice":"Upgraded","floor":11.0,"gold_loss":0.0,"damage_taken":0.0,"cards_upgraded":["Steam"]},{"damage_healed":0.0,"max_hp_gain":0.0,"max_hp_loss":0.0,"gold_gain":100.0,"event_name":"Golden Shrine","player_choice":"Pray","floor":19.0,"gold_loss":0.0,"damage_taken":0.0},{"cards_removed":["Blizzard"],"damage_healed":46,"gold_gain":0,"player_choice":"Offered Uncommon","damage_taken":0,"max_hp_gain":0,"max_hp_loss":0,"event_name":"Bonfire Elementals","floor":21,"gold_loss":0},{"damage_healed":0,"gold_gain":0,"player_choice":"Opened","damage_taken":0,"relics_obtained":["Bag of Marbles"],"max_hp_gain":0,"max_hp_loss":0,"event_name":"The Mausoleum","floor":22,"gold_loss":0},{"damage_healed":0,"gold_gain":0,"player_choice":"Memory 1","damage_taken":0,"max_hp_gain":0,"max_hp_loss":0,"event_name":"SensoryStone","floor":36,"gold_loss":0},{"damage_healed":0,"gold_gain":0,"player_choice":"Embrace Madness","damage_taken":10,"max_hp_gain":0,"max_hp_loss":0,"event_name":"Winding Halls","floor":38,"gold_loss":0,"cards_obtained":["Madness","Madness"]}],"is_beta":false,"boss_relics":[{"not_picked":["Runic Pyramid","Velvet Choker"],"picked":"Tiny House"},{"not_picked":["Fusion Hammer","Philosopher\u0027s Stone"],"picked":"Black Star"}],"items_purged_floors":[],"is_endless":false,"potions_floor_spawned":[1,10,16,20,28,33],"killed_by":"Giant Head","ascension_level":2}