{"gold_per_floor":[118,129,149,169,47,81,81,94,94,120,120,120,149,162,162,266,266,280,292,119,119,66,101,101,135,160,171,171,188,214,225,225,323,323,336,336,436,436,19,19,19,48,72,92,92,92,42,42,42,42,42,42,42,76,76],"floor_reached":55,"playtime":6425,"items_purged":["Strike_R","Strike_R","Defend_R"],"score":808,"play_id":"46fe86f8-387d-4fa7-908b-e2a3b4269281","local_time":"20190513075924","is_ascension_mode":true,"campfire_choices":[{"floor":7.0,"key":"REST"},{"floor":12.0,"key":"DIG"},{"data":"Armaments","floor":15.0,"key":"SMITH"},{"floor":24.0,"key":"REST"},{"floor":28.0,"key":"REST"},{"floor":32.0,"key":"DIG"},{"floor":40,"key":"DIG"},{"floor":45,"key":"RECALL"},{"floor":49,"key":"REST"},{"floor":52,"key":"DIG"}],"neow_cost":"NONE","seed_source_timestamp":0,"circlet_count":0,"master_deck":["Strike_R","Strike_R","Bash","Panacea+1","Twin Strike","Armaments+1","Battle Trance","Twin Strike","True Grit+1","Reaper","Headbutt","Iron Wave","Rampage","Burning Pact","Reaper","Inflame+1","Seeing Red+1","Whirlwind+1","Flame Barrier+1","Pommel Strike","Spot Weakness","Armaments","Heavy Blade","Pummel","Pommel Strike","True Grit+1","Limit Break","Spot Weakness","Discovery","Warcry+1","Shrug It Off+1","Inflame","Infernal Blade+1","Pommel Strike+1","Thunderclap+1","Madness+1","Madness+1","Limit Break+1"],"special_seed":0,"relics":["Burning Blood","Kunai","Paper Frog","Shovel","Shuriken","Bag of Marbles","Astrolabe","Vajra","Gremlin Horn","Blood Vial","War Paint","Philosopher\u0027s Stone","Calipers","Toxic Egg 2","Pear","Smiling Mask","Regal Pillow","Bottled Tornado","Bronze Scales"],"potions_floor_usage":[42,50,50,55],"damage_taken":[{"damage":2.0,"enemies":"Small Slimes","floor":1.0,"turns":4.0},{"damage":6.0,"enemies":"Cultist","floor":2.0,"turns":3.0},{"damage":4.0,"enemies":"Jaw Worm","floor":3.0,"turns":4.0},{"damage":23.0,"enemies":"Exordium Wildlife","floor":4.0,"turns":6.0},{"damage":19.0,"enemies":"3 Sentries","floor":6.0,"turns":11.0},{"damage":3.0,"enemies":"Looter","floor":8.0,"turns":3.0},{"damage":14.0,"enemies":"Gremlin Nob","floor":10.0,"turns":3.0},{"damage":27.0,"enemies":"3 Sentries","floor":13.0,"turns":8.0},{"damage":1.0,"enemies":"3 Louse","floor":14.0,"turns":2.0},{"damage":9.0,"enemies":"Slime Boss","floor":16.0,"turns":10.0},{"damage":36.0,"enemies":"Shell Parasite","floor":18.0,"turns":6.0},{"damage":20.0,"enemies":"2 Thieves","floor":19.0,"turns":3.0},{"damage":39.0,"enemies":"Book of Stabbing","floor":23.0,"turns":5.0},{"damage":36.0,"enemies":"Gremlin Leader","floor":25.0,"turns":6.0},{"damage":10.0,"enemies":"Shelled Parasite and Fungi","floor":27.0,"turns":2.0},{"damage":11.0,"enemies":"Centurion and Healer","floor":29.0,"turns":4.0},{"damage":30.0,"enemies":"Book of Stabbing","floor":30.0,"turns":4.0},{"damage":31.0,"enemies":"Cultist and Chosen","floor":31.0,"turns":5.0},{"damage":65.0,"enemies":"Collector","floor":33.0,"turns":10.0},{"damage":7,"enemies":"3 Shapes","floor":35,"turns":3},{"damage":34,"enemies":"Mind Bloom Boss Battle","floor":37,"turns":7},{"damage":39,"enemies":"Nemesis","floor":42,"turns":5},{"damage":24,"enemies":"3 Darklings","floor":44,"turns":4},{"damage":87,"enemies":"Donu and Deca","floor":50,"turns":7},{"damage":86,"enemies":"Shield and Spear","floor":54,"turns":5},{"damage":63,"enemies":"The Heart","floor":55,"turns":2}],"seed_played":"-5487639572492858457","potions_obtained":[{"floor":2.0,"key":"SteroidPotion"},{"floor":8.0,"key":"Poison Potion"},{"floor":13.0,"key":"Strength Potion"},{"floor":16.0,"key":"SkillPotion"},{"floor":23.0,"key":"Regen Potion"},{"floor":25.0,"key":"Regen Potion"},{"floor":30.0,"key":"Swift Potion"},{"floor":37,"key":"SkillPotion"},{"floor":42,"key":"SkillPotion"},{"floor":54,"key":"BloodPotion"}],"is_trial":false,"path_per_floor":["M","M","M","M","$","E","R","M","T","E","?","R","E","M","R","B",null,"M","M","$","?","$","E","R","E","T","M","R","M","E","M","R","B",null,"M","?","?","?","$","R","T","E","T","M","R","?","$","?","R","B",null,"R","$","E","B"],"character_chosen":"IRONCLAD","items_purchased":["True Grit","Spot Weakness","Armaments","Toxic Egg 2","Shrug It Off+1","Inflame","Infernal Blade+1"],"campfire_rested":4,"item_purchase_floors":[5,20,22,39,39,39,39],"current_hp_per_floor":[80,80,80,63,63,50,74,77,77,69,69,69,60,65,65,62,80,59,45,45,45,45,43,67,50,50,46,70,76,52,55,55,57,80,79,79,52,52,52,52,62,58,58,74,74,63,63,63,90,22,90,90,90,29,0],"gold":76,"neow_bonus":"RANDOM_COLORLESS","is_prod":false,"is_daily":false,"chose_seed":false,"campfire_upgraded":1,"win_rate":0,"timestamp":1557727164,"path_taken":["M","M","M","M","$","E","R","M","T","E","?","R","E","M","R","BOSS","M","M","$","?","?","E","R","E","T","M","R","M","E","?","R","BOSS","M","?","?","?","$","R","?","E","T","M","R","?","$","?","R","BOSS","R","$","E","BOSS"],"build_version":"2019-01-23","purchased_purges":3,"victory":false,"max_hp_per_floor":[80,80,80,80,80,80,80,80,80,80,80,80,80,80,80,80,80,80,80,80,80,80,80,80,80,80,80,80,80,80,80,80,80,80,80,80,80,80,80,80,90,90,90,90,90,90,90,90,90,90,90,90,90,90,90],"card_choices":[{"not_picked":["Reckless Charge","Body Slam"],"picked":"Twin Strike","floor":1.0},{"not_picked":["Warcry","Clothesline"],"picked":"Armaments","floor":2.0},{"not_picked":["Intimidate","Clothesline"],"picked":"Battle Trance","floor":3.0},{"not_picked":["Searing Blow","Perfected Strike"],"picked":"Twin Strike","floor":4.0},{"not_picked":["Cleave","Perfected Strike"],"picked":"Reaper","floor":6.0},{"not_picked":["Dropkick","Iron Wave"],"picked":"Headbutt","floor":8.0},{"not_picked":["Sword Boomerang","Fire Breathing"],"picked":"Iron Wave","floor":10.0},{"not_picked":["Body Slam","Bloodletting"],"picked":"Rampage","floor":13.0},{"not_picked":["Headbutt","Warcry"],"picked":"Burning Pact","floor":14.0},{"not_picked":["Juggernaut","Barricade"],"picked":"Reaper","floor":16.0},{"not_picked":["Spot Weakness","Body Slam"],"picked":"Flame Barrier+1","floor":18.0},{"not_picked":["Reckless Charge+1","Rage"],"picked":"Pommel Strike","floor":19.0},{"not_picked":["Seeing Red","Entrench+1"],"picked":"Heavy Blade","floor":23.0},{"not_picked":["Iron Wave","Spot Weakness"],"picked":"Pummel","floor":25.0},{"not_picked":["Body Slam","Burning Pact"],"picked":"Pommel Strike","floor":27.0},{"not_picked":["Wild Strike","Clothesline","Anger"],"picked":"SKIP","floor":29.0},{"not_picked":["Bludgeon","Carnage","Thunderclap"],"picked":"SKIP","floor":30.0},{"not_picked":["Evolve","Warcry"],"picked":"True Grit+1","floor":31.0},{"not_picked":["Barricade","Demon Form"],"picked":"Limit Break","floor":33.0},{"not_picked":["Clothesline+1","Sever Soul+1"],"picked":"Spot Weakness","floor":35},{"not_picked":["Transmutation","HandOfGreed"],"picked":"Discovery","floor":36},{"not_picked":["Clothesline+1","Headbutt+1"],"picked":"Warcry+1","floor":37},{"not_picked":["Sword Boomerang+1","Dual Wield+1"],"picked":"Pommel Strike+1","floor":42},{"not_picked":["True Grit+1","Uppercut+1"],"picked":"Thunderclap+1","floor":44},{"not_picked":["Iron Wave+1","Combust","Feel No Pain"],"picked":"SKIP","floor":54}],"player_experience":80528,"relics_obtained":[{"floor":6.0,"key":"Kunai"},{"floor":9.0,"key":"Paper Frog"},{"floor":10.0,"key":"Shovel"},{"floor":12.0,"key":"Shuriken"},{"floor":13.0,"key":"Bag of Marbles"},{"floor":23.0,"key":"Vajra"},{"floor":25.0,"key":"Gremlin Horn"},{"floor":30.0,"key":"Blood Vial"},{"floor":32.0,"key":"War Paint"},{"floor":37,"key":"Calipers"},{"floor":41,"key":"Pear"},{"floor":42,"key":"Smiling Mask"},{"floor":43,"key":"Regal Pillow"},{"floor":52,"key":"Bottled Tornado"},{"floor":54,"key":"Bronze Scales"}],"event_choices":[{"damage_healed":0.0,"max_hp_gain":0.0,"max_hp_loss":0.0,"gold_gain":0.0,"event_name":"Shining Light","player_choice":"Ignored","floor":11.0,"gold_loss":0.0,"damage_taken":0.0},{"cards_removed":["Defend_R"],"damage_healed":0.0,"max_hp_gain":0.0,"max_hp_loss":0.0,"gold_gain":0.0,"event_name":"Purifier","player_choice":"Purged","floor":21.0,"gold_loss":0.0,"damage_taken":0.0},{"damage_healed":0,"gold_gain":0,"player_choice":"Memory 1","damage_taken":0,"max_hp_gain":0,"max_hp_loss":0,"event_name":"SensoryStone","floor":36,"gold_loss":0},{"damage_healed":0,"gold_gain":0,"player_choice":"Fight","damage_taken":0,"max_hp_gain":0,"max_hp_loss":0,"event_name":"MindBloom","floor":37,"gold_loss":0},{"damage_healed":0,"gold_gain":0,"player_choice":"Ignored","damage_taken":0,"max_hp_gain":0,"max_hp_loss":0,"event_name":"Tomb of Lord Red Mask","floor":38,"gold_loss":0},{"damage_healed":0,"gold_gain":0,"player_choice":"Embrace Madness","damage_taken":11,"max_hp_gain":0,"max_hp_loss":0,"event_name":"Winding Halls","floor":46,"gold_loss":0,"cards_obtained":["Madness","Madness"]},{"damage_healed":0,"gold_gain":0,"player_choice":"Copied","damage_taken":0,"max_hp_gain":0,"max_hp_loss":0,"event_name":"Duplicator","floor":48,"gold_loss":0,"cards_obtained":["Limit Break"]}],"is_beta":false,"boss_relics":[{"not_picked":["Empty Cage","Black Star"],"picked":"Astrolabe"},{"not_picked":["Eternal Feather","Mark of Pain"],"picked":"Philosopher\u0027s Stone"}],"items_purged_floors":[5,20,47],"is_endless":false,"potions_floor_spawned":[2,8,13,14,16,23,25,30,37,42,54],"killed_by":"The Heart","ascension_level":1}