{"gold_per_floor":[116,131,56,131,131,131,464,464,488,488,508,508,508,1,1,102,102,113,113,113,128,148,148,165,178,178,178],"floor_reached":27,"playtime":1268,"items_purged":["Strike_B","Strike_B"],"score":232,"play_id":"5e614edd-38c9-4283-9f73-246fa4fbedd5","local_time":"20181119185500","is_ascension_mode":true,"campfire_choices":[{"data":"Defragment","floor":6,"key":"SMITH"},{"floor":10,"key":"REST"},{"data":"Zap","floor":12,"key":"SMITH"},{"floor":15,"key":"REST"},{"floor":23,"key":"REST"}],"neow_cost":"NONE","seed_source_timestamp":353653119106830,"circlet_count":0,"master_deck":["Strike_B","Defend_B","Defend_B","Defend_B","Defend_B","Zap+1","Dualcast","Defragment+1","Go for the Eyes","Turbo","BootSequence","Cold Snap","Ball Lightning","Conserve Battery","Echo Form+1","Defragment","Self Repair","Streamline+1","Beam Cell+1","Leap+1","Hyperbeam+1","Sunder+1"],"relics":["Cracked Core","Boot","Old Coin","Membership Card","Molten Egg 2","Orrery","Blue Candle"],"potions_floor_usage":[7,16,24,25],"damage_taken":[{"damage":2,"enemies":"Jaw Worm","floor":1,"turns":3},{"damage":15,"enemies":"Small Slimes","floor":2,"turns":3},{"damage":32,"enemies":"3 Sentries","floor":7,"turns":8},{"damage":1,"enemies":"Cultist","floor":11,"turns":3},{"damage":48,"enemies":"The Guardian","floor":16,"turns":13},{"damage":12,"enemies":"3 Byrds","floor":18,"turns":5},{"damage":19,"enemies":"Spheric Guardian","floor":21,"turns":5},{"damage":35,"enemies":"Shelled Parasite and Fungi","floor":22,"turns":6},{"damage":20,"enemies":"Snake Plant","floor":24,"turns":4},{"damage":14,"enemies":"Snecko","floor":25,"turns":5},{"damage":23,"enemies":"Chosen and Byrds","floor":27,"turns":4}],"seed_played":"-2410336891154188306","potions_obtained":[{"floor":1,"key":"Ancient Potion"},{"floor":16,"key":"SteroidPotion"},{"floor":22,"key":"GamblersBrew"}],"is_trial":false,"path_per_floor":["M","M","$","?","?","R","E","?","T","R","M","R","?","$","R","B",null,"M","?","?","M","M","R","M","M","T","M"],"character_chosen":"DEFECT","items_purchased":["Membership Card","BootSequence","Cold Snap","Ball Lightning","Conserve Battery","Molten Egg 2","SpeedPotion"],"campfire_rested":3,"item_purchase_floors":[14,14,14,14,14,14,14],"current_hp_per_floor":[73,58,58,47,47,47,15,15,15,37,36,36,29,29,51,3,75,63,63,63,51,23,45,25,18,18,0],"gold":178,"neow_bonus":"RANDOM_COMMON_RELIC","is_prod":false,"is_daily":false,"chose_seed":false,"campfire_upgraded":2,"win_rate":0,"timestamp":1542650100,"path_taken":["M","M","$","?","?","R","E","?","T","R","?","R","?","$","R","BOSS","M","?","?","?","M","R","M","M","T","M"],"build_version":"2018-11-15","purchased_purges":2,"victory":false,"max_hp_per_floor":[75,75,75,75,75,75,75,75,75,75,75,75,75,75,75,75,75,75,75,75,75,75,75,75,75,75,75],"card_choices":[{"not_picked":["Go for the Eyes","Blizzard"],"picked":"Defragment","floor":1},{"not_picked":["Steam Power","Stack","Steam"],"picked":"SKIP","floor":2},{"not_picked":["Scrape","Cold Snap"],"picked":"Go for the Eyes","floor":7},{"not_picked":["Beam Cell","Stack"],"picked":"Turbo","floor":11},{"not_picked":["Meteor Strike+1","Rainbow"],"picked":"Echo Form","floor":16},{"not_picked":["Fusion","Barrage+1"],"picked":"Defragment","floor":17},{"not_picked":["Recycle","Compile Driver+1"],"picked":"Self Repair","floor":17},{"not_picked":["Redo","Heatsinks"],"picked":"Streamline+1","floor":17},{"not_picked":["Leap","Blizzard+1"],"picked":"Beam Cell+1","floor":17},{"not_picked":["Beam Cell+1","Recycle","Barrage+1"],"picked":"SKIP","floor":18},{"not_picked":["Cold Snap+1","Gash+1"],"picked":"Leap+1","floor":21},{"not_picked":["Go for the Eyes+1","Stack"],"picked":"Hyperbeam+1","floor":22},{"not_picked":["Turbo","Stack","Ball Lightning+1"],"picked":"SKIP","floor":24},{"not_picked":["Leap","Rebound+1"],"picked":"Sunder+1","floor":25}],"player_experience":236139,"relics_obtained":[{"floor":7,"key":"Old Coin"},{"floor":26,"key":"Blue Candle"}],"event_choices":[{"damage_healed":0,"gold_gain":75,"player_choice":"Gather Gold","damage_taken":11,"max_hp_gain":0,"max_hp_loss":0,"event_name":"World of Goop","floor":4,"gold_loss":0},{"damage_healed":0,"gold_gain":0,"player_choice":"Fled","damage_taken":0,"max_hp_gain":0,"max_hp_loss":0,"event_name":"Scrap Ooze","floor":5,"gold_loss":0},{"damage_healed":0,"gold_gain":0,"player_choice":"Ignored","damage_taken":0,"max_hp_gain":0,"max_hp_loss":0,"event_name":"Liars Game","floor":8,"gold_loss":0},{"cards_removed":["Strike_B"],"damage_healed":0,"gold_gain":0,"player_choice":"Card Removal","damage_taken":7,"max_hp_gain":0,"max_hp_loss":0,"event_name":"Golden Wing","floor":13,"gold_loss":0},{"damage_healed":0,"gold_gain":0,"player_choice":"Ignored","damage_taken":0,"max_hp_gain":0,"max_hp_loss":0,"event_name":"Cursed Tome","floor":19,"gold_loss":0},{"damage_healed":0,"gold_gain":0,"player_choice":"Upgraded","damage_taken":0,"max_hp_gain":0,"max_hp_loss":0,"event_name":"Upgrade Shrine","floor":20,"gold_loss":0,"cards_upgraded":["Echo Form"]}],"is_beta":true,"boss_relics":[{"not_picked":["Fusion Hammer","Ectoplasm"],"picked":"Orrery"}],"items_purged_floors":[3,14],"is_endless":false,"potions_floor_spawned":[1,16,22],"killed_by":"Chosen and Byrds","ascension_level":2}