{"gold_per_floor":[111,111,123,48,60,87,102,102,102,102,114,128,128,159,159,264,264,281,281,310,310,291,291,301,301,301,301,311,311,325,22,22,22],"floor_reached":33,"playtime":1222,"items_purged":["Pain"],"score":257,"play_id":"acb46855-1867-4d07-8460-69ef5f243922","local_time":"20190515010732","is_ascension_mode":false,"campfire_choices":[{"data":"Shrug It Off","floor":10.0,"key":"SMITH"},{"floor":13.0,"key":"REST"},{"floor":15.0,"key":"REST"},{"floor":23.0,"key":"REST"},{"floor":25.0,"key":"REST"},{"data":"Double Tap","floor":27.0,"key":"SMITH"},{"floor":32.0,"key":"REST"}],"neow_cost":"NONE","seed_source_timestamp":0,"circlet_count":0,"master_deck":["Strike_R","Strike_R","Strike_R","Strike_R","Strike_R","Defend_R","Defend_R","Defend_R","Defend_R","Bash","Shrug It Off+1","Entrench+1","Iron Wave","Pommel Strike","Spot Weakness","Shrug It Off","Battle Trance","Double Tap+1","Regret","Doubt","Regret","Cleave","Necronomicurse","Rampage+1","Shockwave+1","Fire Breathing","Flash of Steel","Whirlwind"],"special_seed":0,"relics":["Burning Blood","NeowsBlessing","WarpedTongs","Charon\u0027s Ashes","Peace Pipe","WingedGreaves","Calling Bell","PreservedInsect","Question Card","Du-Vu Doll","Necronomicon","Red Mask","MutagenicStrength","Red Skull","Bag of Preparation"],"potions_floor_usage":[33,33],"damage_taken":[{"damage":0.0,"enemies":"Jaw Worm","floor":1.0,"turns":1.0},{"damage":0.0,"enemies":"Cultist","floor":3.0,"turns":1.0},{"damage":0.0,"enemies":"Small Slimes","floor":5.0,"turns":1.0},{"damage":25.0,"enemies":"3 Sentries","floor":6.0,"turns":12.0},{"damage":10.0,"enemies":"2 Fungi Beasts","floor":7.0,"turns":4.0},{"damage":4.0,"enemies":"Blue Slaver","floor":11.0,"turns":4.0},{"damage":16.0,"enemies":"Large Slime","floor":12.0,"turns":7.0},{"damage":32.0,"enemies":"Lagavulin","floor":14.0,"turns":8.0},{"damage":46.0,"enemies":"Hexaghost","floor":16.0,"turns":12.0},{"damage":51.0,"enemies":"3 Byrds","floor":18.0,"turns":8.0},{"damage":14.0,"enemies":"Masked Bandits","floor":20.0,"turns":3.0},{"damage":7.0,"enemies":"2 Thieves","floor":22.0,"turns":4.0},{"damage":6.0,"enemies":"Snecko","floor":24.0,"turns":3.0},{"damage":12.0,"enemies":"Snake Plant","floor":28.0,"turns":4.0},{"damage":29.0,"enemies":"Shelled Parasite and Fungi","floor":30.0,"turns":3.0},{"damage":65,"enemies":"Champ","floor":33,"turns":7}],"seed_played":"6377339846212564965","potions_obtained":[{"floor":5.0,"key":"Poison Potion"},{"floor":7.0,"key":"Regen Potion"},{"floor":16.0,"key":"FairyPotion"},{"floor":18.0,"key":"LiquidBronze"},{"floor":28.0,"key":"Dexterity Potion"},{"floor":30.0,"key":"SkillPotion"}],"is_trial":false,"path_per_floor":["M","?","M","$","M","E","M","?","T","R","M","M","R","E","R","B",null,"M","?","?","?","M","R","M","R","T","R","M","?","M","$","R","B"],"character_chosen":"IRONCLAD","items_purchased":["Red Skull","Bag of Preparation"],"campfire_rested":5,"item_purchase_floors":[31,31],"current_hp_per_floor":[80,80,80,80,80,61,57,57,57,57,59,49,73,61,80,40,80,35,19,11,11,10,34,34,58,58,58,52,36,13,13,37,0],"gold":22,"neow_bonus":"THREE_ENEMY_KILL","is_prod":false,"is_daily":false,"chose_seed":false,"campfire_upgraded":2,"win_rate":0,"timestamp":1557875252,"path_taken":["M","?","M","$","?","E","?","?","T","R","M","M","R","E","R","BOSS","M","?","?","?","?","R","M","R","T","R","M","?","M","$","R","BOSS"],"build_version":"2019-05-07","purchased_purges":1,"victory":false,"max_hp_per_floor":[80,80,80,80,80,80,80,80,80,80,80,80,80,80,80,80,80,80,80,80,80,80,80,80,80,80,80,80,80,80,80,80,80],"card_choices":[{"not_picked":["Perfected Strike","Heavy Blade"],"picked":"Shrug It Off","floor":1.0},{"not_picked":["Flex","Perfected Strike","Sword Boomerang"],"picked":"SKIP","floor":3.0},{"not_picked":["Havoc","Wild Strike"],"picked":"Entrench","floor":5.0},{"not_picked":["Twin Strike","Headbutt"],"picked":"Iron Wave","floor":6.0},{"not_picked":["Second Wind","Headbutt"],"picked":"Pommel Strike","floor":7.0},{"not_picked":["Perfected Strike","Feel No Pain"],"picked":"Spot Weakness","floor":11.0},{"not_picked":["Brutality","Burning Pact"],"picked":"Shrug It Off","floor":12.0},{"not_picked":["Bloodletting","Rampage"],"picked":"Battle Trance","floor":14.0},{"not_picked":["Reaper","Fiend Fire"],"picked":"Double Tap","floor":16.0},{"not_picked":["Rupture","Armaments","Warcry+1"],"picked":"Cleave","floor":18.0},{"not_picked":["Sword Boomerang","Wild Strike","Shrug It Off"],"picked":"Rampage+1","floor":22.0},{"not_picked":["True Grit+1","Disarm","Pummel"],"picked":"Shockwave+1","floor":24.0},{"not_picked":["Impervious","Pommel Strike+1","Second Wind"],"picked":"Fire Breathing","floor":28.0},{"not_picked":["Disarm+1","Blood for Blood","Sever Soul+1"],"picked":"Whirlwind","floor":30.0}],"player_experience":371826,"relics_obtained":[{"floor":6.0,"key":"Charon\u0027s Ashes"},{"floor":9.0,"key":"Peace Pipe"},{"floor":14.0,"key":"WingedGreaves"},{"floor":17.0,"key":"PreservedInsect"},{"floor":17.0,"key":"Question Card"},{"floor":17.0,"key":"Du-Vu Doll"},{"floor":19.0,"key":"Necronomicon"},{"floor":20.0,"key":"Red Mask"}],"event_choices":[{"damage_healed":0.0,"max_hp_gain":0.0,"max_hp_loss":0.0,"gold_gain":0.0,"event_name":"Accursed Blacksmith","player_choice":"Rummage","floor":2.0,"gold_loss":0.0,"damage_taken":0.0,"relics_obtained":["WarpedTongs"],"cards_obtained":["Pain"]},{"damage_healed":0.0,"max_hp_gain":0.0,"max_hp_loss":0.0,"gold_gain":0.0,"event_name":"Living Wall","player_choice":"Grow","floor":8.0,"gold_loss":0.0,"damage_taken":0.0,"cards_upgraded":["Entrench"]},{"damage_healed":0.0,"max_hp_gain":0.0,"max_hp_loss":0.0,"gold_gain":0.0,"event_name":"Cursed Tome","player_choice":"Obtained Book","floor":19.0,"gold_loss":0.0,"damage_taken":16.0},{"damage_healed":0.0,"max_hp_gain":0.0,"max_hp_loss":0.0,"gold_gain":0.0,"event_name":"Masked Bandits","player_choice":"Fought Bandits","floor":20.0,"gold_loss":0.0,"damage_taken":0.0},{"damage_healed":0.0,"max_hp_gain":0.0,"max_hp_loss":0.0,"gold_gain":0.0,"event_name":"Drug Dealer","player_choice":"Inject Mutagens","floor":21.0,"gold_loss":0.0,"damage_taken":0.0,"relics_obtained":["MutagenicStrength"]},{"damage_healed":0.0,"max_hp_gain":0.0,"max_hp_loss":0.0,"gold_gain":0.0,"event_name":"Knowing Skull","player_choice":"CARD ","floor":29.0,"potions_obtained":[],"gold_loss":0.0,"damage_taken":16.0,"cards_obtained":["Flash of Steel"]}],"is_beta":true,"boss_relics":[{"not_picked":["Snecko Eye","White Beast Statue"],"picked":"Calling Bell"}],"items_purged_floors":[4],"is_endless":false,"potions_floor_spawned":[5,7,16,18,28,30],"killed_by":"Champ","ascension_level":0}