{"gold_per_floor":[115,22,97,97,117,147,147,147,147,172,192,192,224,237,237,309,309,327,340,96,96,96,96,128,147,200,225,225,235,305,320,320,396,396,410,424,424,225,280,310,310,310],"floor_reached":42,"playtime":4281,"items_purged":["Strike_R","Strike_R"],"score":820,"play_id":"457ebc37-9086-4fe4-90d1-2e5baecfa5c6","local_time":"20190422193345","is_ascension_mode":true,"campfire_choices":[{"data":"True Grit","floor":8.0,"key":"SMITH"},{"data":"Feel No Pain","floor":12.0,"key":"SMITH"},{"floor":15.0,"key":"REST"},{"data":"Corruption","floor":23.0,"key":"SMITH"},{"data":"Feel No Pain","floor":28.0,"key":"SMITH"},{"data":"Spot Weakness","floor":32.0,"key":"SMITH"},{"floor":41.0,"key":"REST"}],"neow_cost":"NONE","seed_source_timestamp":440818233057800,"circlet_count":0,"master_deck":["AscendersBane","Defend_R","Defend_R","Defend_R","Defend_R","Bash","Feel No Pain+1","True Grit+1","Inflame","Feel No Pain+1","Reckless Charge","Exhume","Corruption+1","Intimidate","Twin Strike+1","Spot Weakness+1","Impervious","Pummel+1","Cleave+1","Ghostly Armor","Havoc","Panacea+1","J.A.X.","Shrug It Off","Pommel Strike+1","Heavy Blade+1","Exhume","Blood for Blood+1","Sword Boomerang+1","Wild Strike+1","Heavy Blade+1","Metamorphosis+1","Thinking Ahead","Secret Technique","Sentinel","Evolve"],"special_seed":0,"relics":["Black Blood","Du-Vu Doll","Singing Bowl","Ancient Tea Set","Molten Egg 2","The Courier","Potion Belt","Happy Flower","Kunai","Astrolabe","War Paint","Prayer Wheel","Blue Candle"],"potions_floor_usage":[],"damage_taken":[{"damage":2.0,"enemies":"Jaw Worm","floor":1.0,"turns":3.0},{"damage":2.0,"enemies":"Small Slimes","floor":5.0,"turns":4.0},{"damage":31.0,"enemies":"Gremlin Nob","floor":6.0,"turns":5.0},{"damage":14.0,"enemies":"3 Sentries","floor":10.0,"turns":11.0},{"damage":0.0,"enemies":"Cultist","floor":11.0,"turns":6.0},{"damage":20.0,"enemies":"Gremlin Nob","floor":13.0,"turns":5.0},{"damage":8.0,"enemies":"2 Fungi Beasts","floor":14.0,"turns":5.0},{"damage":56.0,"enemies":"The Guardian","floor":16.0,"turns":13.0},{"damage":24.0,"enemies":"Chosen","floor":18.0,"turns":8.0},{"damage":13.0,"enemies":"3 Byrds","floor":19.0,"turns":7.0},{"damage":18.0,"enemies":"Slavers","floor":24.0,"turns":9.0},{"damage":20.0,"enemies":"Cultist and Chosen","floor":25.0,"turns":9.0},{"damage":23.0,"enemies":"Book of Stabbing","floor":27.0,"turns":5.0},{"damage":4.0,"enemies":"Centurion and Healer","floor":29.0,"turns":4.0},{"damage":24.0,"enemies":"Snake Plant","floor":31.0,"turns":6.0},{"damage":43.0,"enemies":"Champ","floor":33.0,"turns":8.0},{"damage":0.0,"enemies":"Orb Walker","floor":35.0,"turns":5.0},{"damage":25.0,"enemies":"3 Darklings","floor":36.0,"turns":7.0},{"damage":33.0,"enemies":"2 Orb Walkers","floor":39.0,"turns":5.0},{"damage":37.0,"enemies":"Nemesis","floor":40.0,"turns":9.0},{"damage":40,"enemies":"Reptomancer","floor":42,"turns":4}],"seed_played":"-3846267864403187534","potions_obtained":[{"floor":1.0,"key":"Dexterity Potion"},{"floor":5.0,"key":"BloodPotion"},{"floor":11.0,"key":"GamblersBrew"},{"floor":16.0,"key":"PowerPotion"},{"floor":18.0,"key":"GamblersBrew"},{"floor":19.0,"key":"FearPotion"},{"floor":25.0,"key":"LiquidBronze"},{"floor":36.0,"key":"SpeedPotion"},{"floor":39.0,"key":"SkillPotion"}],"is_trial":false,"path_per_floor":["M","$","?","?","M","E","?","R","T","E","M","R","E","M","R","B",null,"M","M","$","?","?","R","E","M","T","E","R","M","T","M","R","B",null,"M","M","?","$","?","E","R","E"],"character_chosen":"IRONCLAD","items_purchased":["True Grit","Inflame","Ghostly Armor","Havoc","Panacea","War Paint"],"campfire_rested":2,"item_purchase_floors":[2,2,20,20,20,38],"current_hp_per_floor":[84,84,73,73,77,52,52,52,52,44,50,50,36,34,60,10,69,55,60,60,60,88,88,80,72,72,59,59,67,67,53,53,20,74,84,71,61,61,38,11,39,0],"gold":310,"neow_bonus":"TEN_PERCENT_HP_BONUS","is_prod":false,"is_daily":false,"chose_seed":false,"campfire_upgraded":5,"win_rate":0,"timestamp":1555983225,"path_taken":["M","$","?","?","M","E","?","R","T","E","?","R","E","M","R","BOSS","M","M","$","?","?","R","E","M","T","E","R","?","?","M","R","BOSS","M","M","?","$","?","E","R","E"],"build_version":"2019-01-23","purchased_purges":2,"victory":false,"max_hp_per_floor":[88,88,88,88,88,88,88,88,88,88,88,88,88,88,88,88,88,88,88,88,88,88,88,88,90,90,90,90,92,92,92,92,92,92,92,94,94,94,94,94,94,94],"card_choices":[{"not_picked":["Second Wind","Thunderclap"],"picked":"Feel No Pain","floor":1.0},{"not_picked":["Shrug It Off","True Grit"],"picked":"Feel No Pain","floor":5.0},{"not_picked":["Uppercut","Cleave"],"picked":"Reckless Charge","floor":6.0},{"not_picked":["Rage","Twin Strike"],"picked":"Corruption","floor":10.0},{"not_picked":["Brutality","Perfected Strike"],"picked":"Intimidate","floor":11.0},{"not_picked":["Havoc","Perfected Strike"],"picked":"Twin Strike","floor":13.0},{"not_picked":["Wild Strike+1","True Grit"],"picked":"Spot Weakness","floor":14.0},{"not_picked":["Berserk","Offering"],"picked":"Impervious","floor":16.0},{"not_picked":["Flex","Bloodletting+1"],"picked":"Pummel+1","floor":18.0},{"not_picked":["Power Through","Sword Boomerang+1"],"picked":"Cleave+1","floor":19.0},{"not_picked":["Pommel Strike+1","Bloodletting"],"picked":"Shrug It Off","floor":24.0},{"not_picked":["Seeing Red","Armaments+1","Corruption"],"picked":"Singing Bowl","floor":25.0},{"not_picked":["Metallicize","Cleave+1"],"picked":"Pommel Strike+1","floor":27.0},{"not_picked":["Havoc","Anger+1","Ghostly Armor"],"picked":"Singing Bowl","floor":29.0},{"not_picked":["Wild Strike+1","True Grit"],"picked":"Heavy Blade+1","floor":31.0},{"not_picked":["Immolate+1","Feed+1"],"picked":"Exhume","floor":33.0},{"not_picked":["Armaments+1","Iron Wave+1"],"picked":"Heavy Blade+1","floor":35.0},{"not_picked":["Warcry","Perfected Strike+1","Rampage+1"],"picked":"Singing Bowl","floor":36.0},{"not_picked":["Panacea","Jack Of All Trades"],"picked":"Metamorphosis","floor":37.0},{"not_picked":["Blind","Panacea"],"picked":"Thinking Ahead","floor":37.0},{"not_picked":["Forethought","Dramatic Entrance+1"],"picked":"Secret Technique","floor":37.0},{"not_picked":["Perfected Strike+1","Havoc+1"],"picked":"Sentinel","floor":39.0},{"not_picked":["Headbutt+1","Pummel+1"],"picked":"Evolve","floor":40.0}],"player_experience":644433,"relics_obtained":[{"floor":6.0,"key":"Du-Vu Doll"},{"floor":9.0,"key":"Singing Bowl"},{"floor":10.0,"key":"Ancient Tea Set"},{"floor":13.0,"key":"Molten Egg 2"},{"floor":24.0,"key":"The Courier"},{"floor":26.0,"key":"Potion Belt"},{"floor":27.0,"key":"Happy Flower"},{"floor":30.0,"key":"Kunai"},{"floor":39.0,"key":"Prayer Wheel"},{"floor":40.0,"key":"Blue Candle"}],"event_choices":[{"damage_healed":0.0,"max_hp_gain":0.0,"max_hp_loss":0.0,"gold_gain":75.0,"event_name":"World of Goop","player_choice":"Gather Gold","floor":3.0,"gold_loss":0.0,"damage_taken":11.0},{"damage_healed":0.0,"max_hp_gain":0.0,"max_hp_loss":0.0,"gold_gain":0.0,"event_name":"Liars Game","player_choice":"Ignored","floor":4.0,"gold_loss":0.0,"damage_taken":0.0},{"damage_healed":0.0,"max_hp_gain":0.0,"max_hp_loss":0.0,"gold_gain":0.0,"event_name":"Match and Keep!","player_choice":"1 cards matched","floor":7.0,"gold_loss":0.0,"damage_taken":0.0,"cards_obtained":["Exhume"]},{"damage_healed":0.0,"max_hp_gain":0.0,"max_hp_loss":0.0,"gold_gain":0.0,"event_name":"Drug Dealer","player_choice":"Obtain J.A.X.","floor":21.0,"gold_loss":0.0,"damage_taken":0.0,"cards_obtained":["J.A.X."]},{"damage_healed":28.0,"max_hp_gain":0.0,"max_hp_loss":0.0,"gold_gain":0.0,"event_name":"Wheel of Change","player_choice":"Full Heal","floor":22.0,"gold_loss":0.0,"damage_taken":0.0},{"damage_healed":0.0,"max_hp_gain":0.0,"max_hp_loss":0.0,"gold_gain":0.0,"event_name":"SensoryStone","player_choice":"Memory 3","floor":37.0,"gold_loss":0.0,"damage_taken":10.0},{"damage_healed":0.0,"max_hp_gain":0.0,"max_hp_loss":0.0,"gold_gain":0.0,"event_name":"Mysterious Sphere","player_choice":"Fight","floor":39.0,"gold_loss":0.0,"damage_taken":0.0}],"is_beta":false,"boss_relics":[{"not_picked":["Pandora\u0027s Box","Tiny House"],"picked":"Black Blood"},{"not_picked":["Runic Dome","Mark of Pain"],"picked":"Astrolabe"}],"items_purged_floors":[20,38],"is_endless":false,"potions_floor_spawned":[1,5,11,16,18,19,25,36,39],"killed_by":"Reptomancer","ascension_level":13}