{"path_per_floor":["M","$","?","$","M","R","M","R","T","E","?","M","M","T","R","B",null,"M","?","M","M","$","E","R","?","T","M","?","$","M","$","R"],"character_chosen":"THE_SILENT","items_purchased":["Cloak And Dagger","Ancient Tea Set","Noxious Fumes","Deadly Poison"],"gold_per_floor":[118,43,43,43,62,62,74,74,74,108,108,124,137,161,161,286,286,311,311,325,346,42,80,80,80,80,95,95,12,37,37,37],"floor_reached":33,"campfire_rested":2,"playtime":2042,"current_hp_per_floor":[64,64,61,61,61,61,61,61,61,53,53,50,47,47,47,22,71,61,45,32,21,21,3,34,34,34,14,20,20,10,10,59],"items_purged":["Strike_G","Defend_G"],"gold":37,"score":290,"play_id":"dce433a7-8bc5-4c79-bd1a-ecaa37f3b960","is_prod":false,"is_daily":false,"is_ascension_mode":false,"campfire_upgraded":0,"path_taken":["M","$","?","?","?","R","M","R","T","E","?","M","M","?","R","BOSS","M","?","?","M","?","E","R","?","T","M","?","?","M","$","R","BOSS"],"build_version":"2018-02-16-BETA2","purchased_purges":2,"victory":false,"master_deck":["Defend_G","Defend_G","Defend_G","Defend_G","Strike_G","Strike_G","Strike_G","Strike_G","Survivor","Neutralize","Injury","Poisoned Stab","Backflip","Deadly Poison","Acrobatics","Accuracy","Backstab","Die Die Die","Bane+1","Cloak And Dagger","Writhe","Noxious Fumes","Deadly Poison"],"max_hp_per_floor":[70,70,70,70,70,70,70,70,70,77,71,71,71,71,71,71,71,73,73,73,75,75,77,77,77,77,79,85,85,87,87,87],"relics":["Ring of the Snake","Girya","Blue Candle","Du-Vu Doll","Strawberry","Golden Idol","Singing Bowl","Eternal Feather","Nilry\u0027s Codex","Ancient Tea Set","Bird Faced Urn","Regal Pillow","Darkstone Periapt"],"card_choices":[{"not_picked":["Masterful Stab","Predator"],"picked":"Poisoned Stab"},{"not_picked":["Slice","Dodge and Roll"],"picked":"Backflip"},{"not_picked":["Outmaneuver","Dagger Spray"],"picked":"Deadly Poison"},{"not_picked":["Flying Knee","Prepared"],"picked":"Acrobatics"},{"not_picked":["Endless Agony","Blur"],"picked":"Accuracy"},{"not_picked":["Deadly Poison","Well Laid Plans"],"picked":"Backstab"},{"not_picked":["Doppelganger","Corpse Explosion"],"picked":"Die Die Die"},{"not_picked":["Sucker Punch","Quick Slash"],"picked":"Bane"}],"player_experience":82463,"potions_floor_usage":[16,16,23,23,23,30],"damage_taken":[{"damage":6,"enemies":"Jaw Worm","floor":1,"turns":8},{"damage":0,"enemies":"2 Louse","floor":5,"turns":3},{"damage":0,"enemies":"Cultist","floor":7,"turns":4},{"damage":15,"enemies":"Lagavulin","floor":10,"turns":6},{"damage":3,"enemies":"Red Slaver","floor":12,"turns":5},{"damage":3,"enemies":"3 Louse","floor":13,"turns":4},{"damage":25,"enemies":"Hexaghost","floor":16,"turns":9},{"damage":12,"enemies":"3 Byrds","floor":18,"turns":5},{"damage":13,"enemies":"Shell Parasite","floor":20,"turns":4},{"damage":13,"enemies":"Snake Plant","floor":21,"turns":4},{"damage":20,"enemies":"Gremlin Leader","floor":23,"turns":5},{"damage":22,"enemies":"Sentry and Sphere","floor":27,"turns":4},{"damage":16,"enemies":"Centurion and Healer","floor":30,"turns":6},{"damage":102,"enemies":"Automaton","floor":33,"turns":6}],"event_choices":[{"event_name":"Scrap Ooze","player_choice":"success","floor":3,"damage_taken":3},{"event_name":"Golden Idol","player_choice":"Lose Max HP","floor":11,"damage_taken":0},{"event_name":"Cursed Tome","player_choice":"Obtained Book","floor":19,"damage_taken":0},{"event_name":"Drug Dealer","player_choice":"Ignored","floor":25,"damage_taken":0},{"event_name":"The Mausoleum","player_choice":"Yes","floor":28,"damage_taken":0}],"boss_relics":[{"not_picked":["Question Card","Velvet Choker"],"picked":"Eternal Feather"}],"potions_floor_spawned":[10,13,21,27],"seed_played":"5718858970309357421","killed_by":"Automaton","ascension_level":0,"is_trial":false}