{"gold_per_floor":[217,227,227,241,4,4,29,29,29,29,29,46,46,63,63,166,166,179,197,210,222,253,280,379,390,390,390,390,424,424,439,439,540,540,555,572,343,354,354,354,370,370,395,410,410,428,428,131,131,131,131,131,6,37,37],"floor_reached":55,"playtime":3229,"items_purged":["Defend_R","Armaments+1","Defend_R+1"],"score":1085,"play_id":"bcdf3f39-8f86-44ee-a97a-9ae814e1a23d","local_time":"20190409132224","is_ascension_mode":true,"campfire_choices":[{"data":"Armaments","floor":6.0,"key":"SMITH"},{"data":"Limit Break","floor":8.0,"key":"SMITH"},{"data":"Strike_R","floor":10.0,"key":"PURGE"},{"data":"Heavy Blade","floor":13.0,"key":"SMITH"},{"data":"Second Wind","floor":15.0,"key":"SMITH"},{"data":"Strike_R","floor":27.0,"key":"PURGE"},{"data":"Strike_R","floor":30.0,"key":"PURGE"},{"data":"Evolve","floor":32.0,"key":"SMITH"},{"data":"Defend_R","floor":40,"key":"PURGE"},{"data":"Pummel","floor":42,"key":"SMITH"},{"data":"Bash","floor":45,"key":"PURGE"},{"floor":47,"key":"RECALL"},{"data":"Cleave","floor":49,"key":"PURGE"},{"data":"Double Tap","floor":52,"key":"SMITH"}],"neow_cost":"NONE","seed_source_timestamp":5327922046200,"circlet_count":0,"master_deck":["AscendersBane","Defend_R+1","Spot Weakness","Pummel+1","Limit Break+1","Heavy Blade+1","Second Wind+1","Battle Trance+1","Power Through","Reckless Charge+1","Evolve+1","Double Tap+1","Whirlwind+1","Thunderclap+1"],"special_seed":0,"relics":["Burning Blood","Brimstone","Mango","Peace Pipe","Mark of Pain","Red Mask","Question Card","Molten Egg 2","War Paint","Busted Crown","Vajra","Chemical X","Dodecahedron"],"potions_floor_usage":[33,44,44],"damage_taken":[{"damage":12.0,"enemies":"2 Louse","floor":1.0,"turns":3.0},{"damage":1.0,"enemies":"Cultist","floor":2.0,"turns":3.0},{"damage":10.0,"enemies":"Small Slimes","floor":4.0,"turns":4.0},{"damage":11.0,"enemies":"3 Sentries","floor":7.0,"turns":3.0},{"damage":7.0,"enemies":"Exordium Wildlife","floor":12.0,"turns":2.0},{"damage":5.0,"enemies":"Looter","floor":14.0,"turns":3.0},{"damage":63.0,"enemies":"Hexaghost","floor":16.0,"turns":6.0},{"damage":3.0,"enemies":"Shell Parasite","floor":18.0,"turns":3.0},{"damage":19.0,"enemies":"2 Thieves","floor":19.0,"turns":3.0},{"damage":2.0,"enemies":"Centurion and Healer","floor":20.0,"turns":4.0},{"damage":1.0,"enemies":"Cultist and Chosen","floor":21.0,"turns":3.0},{"damage":0.0,"enemies":"Masked Bandits","floor":22.0,"turns":2.0},{"damage":14.0,"enemies":"Book of Stabbing","floor":23.0,"turns":3.0},{"damage":11.0,"enemies":"3 Cultists","floor":25.0,"turns":4.0},{"damage":17.0,"enemies":"Slavers","floor":29.0,"turns":4.0},{"damage":11.0,"enemies":"Snecko","floor":31.0,"turns":5.0},{"damage":16,"enemies":"Collector","floor":33,"turns":4},{"damage":0,"enemies":"Orb Walker","floor":35,"turns":3},{"damage":38,"enemies":"3 Darklings","floor":36,"turns":3},{"damage":5,"enemies":"Writhing Mass","floor":38,"turns":3},{"damage":1,"enemies":"Spire Growth","floor":41,"turns":4},{"damage":23,"enemies":"Maw","floor":44,"turns":4},{"damage":0,"enemies":"Jaw Worm Horde","floor":46,"turns":2},{"damage":12,"enemies":"Donu and Deca","floor":50,"turns":3},{"damage":40,"enemies":"Shield and Spear","floor":54,"turns":3},{"damage":71,"enemies":"The Heart","floor":55,"turns":2}],"seed_played":"8998288490459882885","potions_obtained":[{"floor":4.0,"key":"Explosive Potion"},{"floor":14.0,"key":"SteroidPotion"},{"floor":16.0,"key":"Ancient Potion"},{"floor":19.0,"key":"SteroidPotion"},{"floor":29.0,"key":"SpeedPotion"},{"floor":35,"key":"Explosive Potion"},{"floor":41,"key":"BloodPotion"}],"is_trial":false,"path_per_floor":["M","M","?","M","$","R","E","R","T","R","?","M","R","M","R","B",null,"M","M","M","M","?","E","?","M","T","R","?","E","R","M","R","B",null,"M","M","$","M","?","R","M","R","T","M","R","M","R","$","R","B",null,"R","$","E","B"],"character_chosen":"IRONCLAD","items_purchased":["Brimstone","Armaments","Vajra","Chemical X"],"campfire_rested":0,"item_purchase_floors":[5,5,37,48],"current_hp_per_floor":[66,71,71,67,67,67,76,76,76,76,76,75,75,76,76,19,75,78,65,69,74,80,72,72,67,67,67,104,93,93,88,88,78,98,104,72,72,73,73,73,78,78,78,71,71,77,77,77,77,71,96,96,96,62,0],"gold":37,"neow_bonus":"HUNDRED_GOLD","is_prod":false,"is_daily":false,"chose_seed":false,"campfire_upgraded":7,"win_rate":0,"timestamp":1554837744,"path_taken":["M","M","?","?","$","R","E","R","T","R","?","M","R","M","R","BOSS","M","M","?","M","?","E","?","M","T","R","?","E","R","M","R","BOSS","M","M","?","M","?","R","M","R","T","M","R","M","R","$","R","BOSS","R","$","E","BOSS"],"build_version":"2019-01-23","purchased_purges":3,"victory":false,"max_hp_per_floor":[80,80,80,80,80,80,94,94,94,94,94,94,94,94,94,94,94,94,94,94,94,94,94,94,94,94,94,104,104,104,104,104,104,104,104,104,104,104,104,104,104,104,104,104,104,104,104,104,104,104,104,104,104,104,104],"card_choices":[{"not_picked":["Havoc","Wild Strike"],"picked":"Spot Weakness","floor":1.0},{"not_picked":["Sword Boomerang","Wild Strike"],"picked":"Cleave","floor":2.0},{"not_picked":["Twin Strike","Rupture"],"picked":"Pummel","floor":4.0},{"not_picked":["Headbutt","Armaments"],"picked":"Limit Break","floor":7.0},{"not_picked":["Shrug It Off","Seeing Red"],"picked":"Heavy Blade","floor":12.0},{"not_picked":["Pommel Strike","Power Through"],"picked":"Second Wind","floor":14.0},{"not_picked":["Feel No Pain","Sword Boomerang+1"],"picked":"Battle Trance+1","floor":18.0},{"not_picked":["Fire Breathing+1","Armaments+1","Infernal Blade"],"picked":"SKIP","floor":19.0},{"not_picked":["Sword Boomerang","Clothesline","Seeing Red"],"picked":"SKIP","floor":20.0},{"not_picked":["Headbutt","Armaments","Immolate"],"picked":"SKIP","floor":21.0},{"not_picked":["Entrench","Pommel Strike+1"],"picked":"Power Through","floor":22.0},{"not_picked":["True Grit+1","Sentinel"],"picked":"Impervious","floor":23.0},{"not_picked":["Body Slam","Dropkick","Inflame","Sentinel"],"picked":"SKIP","floor":25.0},{"not_picked":["Rage","Whirlwind+1","Spot Weakness"],"picked":"Reckless Charge+1","floor":29.0},{"not_picked":["Wild Strike+1","Seeing Red","Clothesline+1"],"picked":"Evolve","floor":31.0},{"not_picked":["Juggernaut","Impervious","Bludgeon+1"],"picked":"Double Tap","floor":33},{"not_picked":["True Grit+1","Spot Weakness+1"],"picked":"SKIP","floor":35},{"not_picked":["Flex","Perfected Strike+1"],"picked":"SKIP","floor":36},{"not_picked":["Perfected Strike+1","Uppercut+1"],"picked":"SKIP","floor":38},{"not_picked":["Anger+1"],"picked":"Whirlwind+1","floor":41},{"not_picked":["Twin Strike+1"],"picked":"Thunderclap+1","floor":44},{"not_picked":["Searing Blow+1","Sever Soul+1"],"picked":"SKIP","floor":46},{"not_picked":["Clash+1","Flame Barrier"],"picked":"SKIP","floor":54}],"player_experience":570270,"relics_obtained":[{"floor":7.0,"key":"Mango"},{"floor":9.0,"key":"Peace Pipe"},{"floor":22.0,"key":"Red Mask"},{"floor":23.0,"key":"Question Card"},{"floor":26.0,"key":"Molten Egg 2"},{"floor":29.0,"key":"War Paint"},{"floor":54,"key":"Dodecahedron"}],"event_choices":[{"cards_removed":["Strike_R"],"damage_healed":0.0,"max_hp_gain":0.0,"max_hp_loss":0.0,"gold_gain":0.0,"event_name":"Purifier","player_choice":"Purged","floor":3.0,"gold_loss":0.0,"damage_taken":0.0},{"damage_healed":0.0,"max_hp_gain":0.0,"max_hp_loss":0.0,"gold_gain":0.0,"event_name":"Match and Keep!","player_choice":"0 cards matched","floor":11.0,"gold_loss":0.0,"damage_taken":0.0,"cards_obtained":[]},{"damage_healed":0.0,"max_hp_gain":0.0,"max_hp_loss":0.0,"gold_gain":0.0,"event_name":"Masked Bandits","player_choice":"Fought Bandits","floor":22.0,"gold_loss":0.0,"damage_taken":0.0},{"damage_healed":0.0,"max_hp_gain":0.0,"max_hp_loss":0.0,"gold_gain":99.0,"event_name":"Nest","player_choice":"Stole From Cult","floor":24.0,"gold_loss":0.0,"damage_taken":0.0},{"cards_removed":["Impervious"],"damage_healed":27.0,"max_hp_gain":10.0,"max_hp_loss":0.0,"gold_gain":0.0,"event_name":"Bonfire Elementals","player_choice":"Offered Rare","floor":28.0,"gold_loss":0.0,"damage_taken":0.0},{"cards_removed":["Strike_R"],"damage_healed":0,"gold_gain":0,"player_choice":"Removed Attack","damage_taken":0,"max_hp_gain":0,"max_hp_loss":0,"event_name":"Falling","floor":39,"gold_loss":0}],"is_beta":false,"boss_relics":[{"not_picked":["Tiny House","Empty Cage"],"picked":"Mark of Pain"},{"not_picked":["Runic Cube","White Beast Statue"],"picked":"Busted Crown"}],"items_purged_floors":[37,48,53],"is_endless":false,"potions_floor_spawned":[4,14,16,19,21,22,29,31,35,41],"killed_by":"The Heart","ascension_level":11}