{"gold_per_floor":[110,125,125,50,50,50,65,79,105,130,130,148,162,182,182,313,313,281,281,281],"floor_reached":20,"playtime":1019,"items_purged":["Strike_B"],"score":260,"play_id":"9a2c8fa6-3a2a-4fc0-8cba-ce00d975c79b","local_time":"20190419232627","is_ascension_mode":true,"campfire_choices":[{"data":"Zap","floor":6,"key":"SMITH"},{"data":"Streamline","floor":11,"key":"SMITH"},{"data":"Loop","floor":15,"key":"SMITH"}],"neow_cost":"NONE","seed_source_timestamp":1827815660742315,"circlet_count":0,"master_deck":["AscendersBane","Strike_B","Strike_B","Strike_B","Defend_B","Defend_B","Defend_B","Defend_B","Zap","Dualcast","Loop+1","Coolheaded","Hologram","Glacier","Amplify","Zap+1","Cold Snap","Gash","Streamline+1","Conserve Battery","Glacier","Core Surge","BootSequence","Echo Form","Coolheaded","Defragment","Cold Snap"],"special_seed":0,"relics":["Cracked Core","NeowsBlessing","Golden Idol","Omamori","Orrery"],"potions_floor_usage":[16,16,16,18,19],"damage_taken":[{"damage":0.0,"enemies":"Small Slimes","floor":1.0,"turns":1.0},{"damage":0.0,"enemies":"2 Louse","floor":2.0,"turns":1.0},{"damage":0,"enemies":"Cultist","floor":7,"turns":1},{"damage":8,"enemies":"Looter","floor":8,"turns":4},{"damage":0,"enemies":"Exordium Wildlife","floor":10,"turns":3},{"damage":1,"enemies":"Exordium Thugs","floor":12,"turns":4},{"damage":14,"enemies":"3 Louse","floor":13,"turns":3},{"damage":6,"enemies":"Large Slime","floor":14,"turns":6},{"damage":25,"enemies":"The Guardian","floor":16,"turns":18},{"damage":22,"enemies":"2 Thieves","floor":18,"turns":5},{"damage":11,"enemies":"Colosseum Slavers","floor":19,"turns":5},{"damage":0,"enemies":"3 Byrds","floor":20,"turns":1}],"seed_played":"1205031407649158373","potions_obtained":[{"floor":1.0,"key":"EntropicBrew"},{"floor":7,"key":"Block Potion"},{"floor":16,"key":"AttackPotion"}],"is_trial":false,"path_per_floor":["M","M","?","$","?","R","M","M","T","M","R","M","M","M","R","B",null,"M","?","M"],"character_chosen":"DEFECT","items_purchased":[],"campfire_rested":0,"item_purchase_floors":[],"current_hp_per_floor":[68,68,68,68,68,68,68,60,60,60,60,59,45,39,39,14,55,33,22,22],"gold":281,"neow_bonus":"THREE_ENEMY_KILL","is_prod":false,"is_daily":false,"chose_seed":false,"campfire_upgraded":3,"win_rate":0,"timestamp":1555683987,"path_taken":["M","M","?","$","?","R","M","M","T","M","R","M","M","?","R","BOSS","M","?","M"],"build_version":"2019-01-23","purchased_purges":1,"victory":false,"max_hp_per_floor":[75,75,69,69,69,69,69,69,69,69,69,69,69,69,69,69,69,69,69,69],"card_choices":[{"not_picked":["Double Energy","Tempest"],"picked":"Loop","floor":1.0},{"not_picked":["Conserve Battery","BootSequence"],"picked":"Coolheaded","floor":2.0},{"not_picked":["Redo","Stack"],"picked":"Cold Snap","floor":7},{"not_picked":["Steam","Hologram"],"picked":"Gash","floor":8},{"not_picked":["Undo","Creative AI"],"picked":"Streamline","floor":10},{"not_picked":["Steam","Doom and Gloom"],"picked":"Conserve Battery","floor":12},{"not_picked":["Sunder","Rebound"],"picked":"Glacier","floor":13},{"not_picked":["Compile Driver","Genetic Algorithm","Auto Shields"],"picked":"SKIP","floor":14},{"not_picked":["Meteor Strike","Multi-Cast"],"picked":"Core Surge","floor":16},{"not_picked":["Redo","Streamline"],"picked":"BootSequence","floor":17},{"not_picked":["Gash","Cold Snap"],"picked":"Echo Form","floor":17},{"not_picked":["Rebound","Auto Shields"],"picked":"Coolheaded","floor":17},{"not_picked":["Conserve Battery","Rebound"],"picked":"Defragment","floor":17},{"not_picked":["Conserve Battery","Go for the Eyes"],"picked":"Cold Snap","floor":17},{"not_picked":["Gash+1","Rebound","Coolheaded+1"],"picked":"SKIP","floor":18}],"player_experience":253217,"relics_obtained":[{"floor":9,"key":"Omamori"}],"event_choices":[{"damage_healed":0.0,"max_hp_gain":0.0,"max_hp_loss":6.0,"gold_gain":0.0,"event_name":"Golden Idol","player_choice":"Lose Max HP","floor":3.0,"gold_loss":0.0,"damage_taken":0.0,"relics_obtained":["Golden Idol"]},{"damage_healed":0,"gold_gain":0,"player_choice":"4 cards matched","damage_taken":0,"max_hp_gain":0,"max_hp_loss":0,"event_name":"Match and Keep!","floor":5,"gold_loss":0,"cards_obtained":["Hologram","Glacier","Amplify","Zap"]},{"damage_healed":0,"gold_gain":0,"player_choice":"Fight","damage_taken":0,"max_hp_gain":0,"max_hp_loss":0,"event_name":"Colosseum","floor":19,"gold_loss":0},{"damage_healed":0,"gold_gain":0,"player_choice":"Fled From Nobs","damage_taken":0,"max_hp_gain":0,"max_hp_loss":0,"event_name":"Colosseum","floor":19,"gold_loss":0}],"is_beta":false,"boss_relics":[{"not_picked":["Velvet Choker","Black Star"],"picked":"Orrery"}],"items_purged_floors":[4],"is_endless":false,"potions_floor_spawned":[1,7,13,16,19],"killed_by":"3 Byrds","ascension_level":11}