{"path_per_floor":["M","?","?","?","$","E","R","M","T","M","M","?","?","M","R","B",null,"M","?","?","M","?","E","R","E","T","?","T","M","R","M","R"],"character_chosen":"IRONCLAD","items_purchased":["Rampage"],"gold_per_floor":[114,64,64,64,28,55,55,72,72,82,96,96,96,114,114,209,209,225,225,225,245,170,204,204,236,236,236,236,247,247,262,262],"floor_reached":33,"campfire_rested":2,"playtime":1360,"current_hp_per_floor":[80,80,80,80,80,51,51,56,56,62,68,68,68,73,73,20,80,61,61,61,63,63,35,59,58,58,58,58,60,60,56,80],"items_purged":[],"gold":262,"score":282,"play_id":"014e1d08-12ea-4b86-9b75-acec119a4719","local_time":"20180306193954","is_prod":false,"is_daily":false,"is_ascension_mode":false,"campfire_upgraded":3,"timestamp":1520361594,"path_taken":["M","?","?","?","?","E","R","M","T","M","?","?","?","M","R","BOSS","M","?","?","?","?","E","R","E","T","?","?","?","R","M","R","BOSS"],"build_version":"2018-03-05-BETAv2","purchased_purges":0,"victory":false,"master_deck":["Strike_R+1","Strike_R+1","Strike_R+1","Strike_R+1","Defend_R+1","Defend_R+1","Bash","Pummel+1","Rampage+1","Flex+1","Whirlwind+1","Bloodletting","Offering","Flex","Thunderclap","Limit Break","Parasite","Decay","Writhe"],"max_hp_per_floor":[80,80,80,80,80,80,80,80,80,80,80,80,80,80,80,80,80,80,80,80,80,80,80,80,80,80,80,80,80,80,80,80],"relics":["Burning Blood","Torii","Bottled Lightning","Du-Vu Doll","Spirit Poop","Cursed Key","Kunai","Dodecahedron","Art of War","Charon\u0027s Ashes","Calipers"],"card_choices":[{"not_picked":["Wild Strike","Feel No Pain"],"picked":"Pummel"},{"not_picked":["Anger","Dark Embrace"],"picked":"Flex"},{"not_picked":["Body Slam","Evolve"],"picked":"Whirlwind"},{"not_picked":["Whirlwind","True Grit"],"picked":"Bloodletting"},{"not_picked":["Feed","Fiend Fire"],"picked":"Offering"},{"not_picked":["Headbutt","Body Slam"],"picked":"Flex"},{"not_picked":["Ghostly Armor","Cleave"],"picked":"Thunderclap"},{"not_picked":["Heavy Blade","True Grit"],"picked":"Limit Break"}],"player_experience":184092,"potions_floor_usage":[16,16,31],"damage_taken":[{"damage":6,"enemies":"Jaw Worm","floor":1,"turns":3},{"damage":35,"enemies":"3 Sentries","floor":6,"turns":7},{"damage":1,"enemies":"2 Louse","floor":8,"turns":2},{"damage":0,"enemies":"Cultist","floor":10,"turns":2},{"damage":0,"enemies":"Large Slime","floor":11,"turns":3},{"damage":1,"enemies":"3 Louse","floor":14,"turns":2},{"damage":74,"enemies":"Hexaghost","floor":16,"turns":9},{"damage":25,"enemies":"Chosen","floor":18,"turns":3},{"damage":4,"enemies":"3 Byrds","floor":21,"turns":3},{"damage":34,"enemies":"Gremlin Leader","floor":23,"turns":5},{"damage":7,"enemies":"Slavers","floor":25,"turns":2},{"damage":4,"enemies":"Snake Plant","floor":29,"turns":2},{"damage":10,"enemies":"Sentry and Sphere","floor":31,"turns":3},{"damage":83,"enemies":"Champ","floor":33,"turns":7}],"event_choices":[{"event_name":"The Cleric","player_choice":"Card Removal","floor":2,"damage_taken":0},{"event_name":"Living Wall","player_choice":"Forget","floor":3,"damage_taken":0},{"event_name":"Upgrade Shrine","player_choice":"Upgraded","floor":4,"damage_taken":0},{"event_name":"Big Fish","player_choice":"Box","floor":12,"damage_taken":0},{"event_name":"Bonfire Elementals","player_choice":"CURSE","floor":13,"damage_taken":0},{"event_name":"Back to Basics","player_choice":"Simplicity","floor":19,"damage_taken":0},{"event_name":"The Mausoleum","player_choice":"Yes","floor":20,"damage_taken":0},{"event_name":"Beggar","player_choice":"Gave Gold","floor":22,"damage_taken":0},{"event_name":"Forgotten Altar","player_choice":"Smashed Altar","floor":27,"damage_taken":0}],"boss_relics":[{"not_picked":["Ectoplasm","Eternal Feather"],"picked":"Cursed Key"}],"potions_floor_spawned":[6,11,14,21,23,31],"seed_played":"4390743028623320920","killed_by":"Champ","ascension_level":0,"is_trial":false}