{"gold_per_floor":[362,378,328,328,340,340,68,68,68,85,101,101,111,168,168,265,265,276,276,276,97,97,97,126,126,126,141,141,154,179,179,179,276,276,289,308,308,218,218],"floor_reached":39,"playtime":1506,"items_purged":["Strike_G","Strike_G"],"score":427,"play_id":"c6a5d2d1-c1a8-4e9e-98d0-78cb92857c6b","local_time":"20190520200004","is_ascension_mode":true,"campfire_choices":[{"data":"Noxious Fumes","floor":6,"key":"SMITH"},{"data":"Crippling Poison","floor":8,"key":"SMITH"},{"data":"Caltrops","floor":12,"key":"SMITH"},{"floor":15,"key":"REST"},{"data":"Infinite Blades","floor":23,"key":"SMITH"},{"floor":25,"key":"REST"},{"floor":28,"key":"REST"},{"floor":32,"key":"REST"}],"neow_cost":"TEN_PERCENT_HP_LOSS","seed_source_timestamp":488291673041791,"circlet_count":0,"master_deck":["Defend_G","Defend_G","Defend_G","Defend_G","Strike_G","Strike_G","Survivor","Neutralize+1","Sucker Punch","Crippling Poison+1","Noxious Fumes+1","Bane","Caltrops+1","Crippling Poison","Caltrops+1","Glass Knife+1","Caltrops+1","RitualDagger","Infinite Blades+1","Noxious Fumes+1","Deadly Poison","Outmaneuver","Corpse Explosion","Tools of the Trade","Pain","Writhe","Footwork"],"relics":["Ring of the Snake","TwistedFunnel","Gremlin Horn","Sundial","Black Star","Regal Pillow","The Specimen","Bottled Flame","Whetstone","Strawberry","Calling Bell","Bronze Scales","Singing Bowl","Nunchaku"],"potions_floor_usage":[14,14,14,24,29,33,36,39],"damage_taken":[{"damage":0,"enemies":"2 Louse","floor":1,"turns":4},{"damage":0,"enemies":"Jaw Worm","floor":2,"turns":5},{"damage":0,"enemies":"Small Slimes","floor":5,"turns":3},{"damage":3,"enemies":"Exordium Wildlife","floor":10,"turns":3},{"damage":0,"enemies":"Large Slime","floor":11,"turns":4},{"damage":5,"enemies":"Gremlin Gang","floor":13,"turns":3},{"damage":17,"enemies":"Gremlin Nob","floor":14,"turns":4},{"damage":31,"enemies":"The Guardian","floor":16,"turns":9},{"damage":10,"enemies":"2 Thieves","floor":18,"turns":3},{"damage":29,"enemies":"Slavers","floor":24,"turns":3},{"damage":13,"enemies":"Spheric Guardian","floor":27,"turns":4},{"damage":15,"enemies":"Centurion and Healer","floor":29,"turns":4},{"damage":43,"enemies":"Book of Stabbing","floor":30,"turns":4},{"damage":39,"enemies":"Collector","floor":33,"turns":6},{"damage":33,"enemies":"3 Darklings","floor":35,"turns":3},{"damage":25,"enemies":"3 Shapes","floor":36,"turns":3},{"damage":19,"enemies":"Maw","floor":39,"turns":3}],"seed_played":"6435514155732171818","potions_obtained":[{"floor":1,"key":"Regen Potion"},{"floor":11,"key":"Swift Potion"},{"floor":13,"key":"SkillPotion"},{"floor":16,"key":"AttackPotion"},{"floor":24,"key":"AttackPotion"},{"floor":30,"key":"Strength Potion"},{"floor":33,"key":"Swift Potion"},{"floor":35,"key":"EssenceOfSteel"}],"is_trial":false,"path_per_floor":["M","M","?","?","M","R","$","R","T","M","M","R","M","?","R","B",null,"M","?","?","$","?","R","E","R","T","M","R","M","E","?","R","B",null,"M","M","?","?","M"],"character_chosen":"THE_SILENT","items_purchased":["TwistedFunnel","Infinite Blades"],"campfire_rested":4,"item_purchase_floors":[7,21],"current_hp_per_floor":[63,63,63,56,56,56,56,56,56,53,53,53,48,40,58,27,63,53,42,36,36,36,36,7,42,42,29,64,49,13,13,50,11,75,42,19,19,19,0],"gold":218,"neow_bonus":"TWO_FIFTY_GOLD","is_prod":false,"is_daily":false,"chose_seed":false,"campfire_upgraded":4,"win_rate":0,"timestamp":1558375204,"path_taken":["M","M","?","?","M","R","$","R","T","M","M","R","M","?","R","BOSS","M","?","?","?","?","R","E","R","T","M","R","?","E","?","R","BOSS","M","M","?","?","?"],"build_version":"2019-05-07","purchased_purges":2,"victory":false,"max_hp_per_floor":[63,63,63,63,63,63,63,63,63,63,63,63,63,63,63,63,63,63,68,68,68,68,68,68,68,68,68,68,68,75,75,75,75,75,75,77,77,77,77],"card_choices":[{"not_picked":["Outmaneuver","Flying Knee"],"picked":"Sucker Punch","floor":1},{"not_picked":["Eviscerate","Cloak And Dagger"],"picked":"Crippling Poison","floor":2},{"not_picked":["Masterful Stab","Footwork"],"picked":"Noxious Fumes","floor":5},{"not_picked":["Masterful Stab","Deflect"],"picked":"Bane","floor":10},{"not_picked":["Bane","Blade Dance"],"picked":"Caltrops","floor":11},{"not_picked":["Slice","Cloak And Dagger"],"picked":"Crippling Poison","floor":13},{"not_picked":["Underhanded Strike","Accuracy"],"picked":"Caltrops","floor":14},{"not_picked":["Unload","Wraith Form v2"],"picked":"Glass Knife","floor":16},{"not_picked":["Accuracy","Setup"],"picked":"Caltrops+1","floor":18},{"not_picked":["Prepared","Skewer"],"picked":"Deadly Poison","floor":24},{"not_picked":["Reflex+1","PiercingWail+1"],"picked":"Outmaneuver","floor":27},{"not_picked":["PiercingWail","Leg Sweep","Eviscerate"],"picked":"SKIP","floor":29},{"not_picked":["Deflect","Outmaneuver"],"picked":"Corpse Explosion","floor":30},{"not_picked":["Malaise","Phantasmal Killer"],"picked":"Tools of the Trade","floor":33},{"not_picked":["Masterful Stab+1","Prepared"],"picked":"Footwork","floor":35},{"not_picked":["Deadly Poison+1","Outmaneuver","Quick Slash+1"],"picked":"Singing Bowl","floor":36}],"player_experience":405953,"relics_obtained":[{"floor":9,"key":"Gremlin Horn"},{"floor":14,"key":"Sundial"},{"floor":24,"key":"Regal Pillow"},{"floor":24,"key":"The Specimen"},{"floor":26,"key":"Bottled Flame"},{"floor":30,"key":"Whetstone"},{"floor":30,"key":"Strawberry"},{"floor":34,"key":"Bronze Scales"},{"floor":34,"key":"Singing Bowl"},{"floor":34,"key":"Nunchaku"}],"event_choices":[{"cards_removed":["Strike_G"],"damage_healed":0,"gold_gain":0,"player_choice":"Card Removal","damage_taken":0,"max_hp_gain":0,"max_hp_loss":0,"event_name":"The Cleric","floor":3,"gold_loss":50},{"cards_removed":["Defend_G"],"damage_healed":0,"gold_gain":0,"player_choice":"Card Removal","damage_taken":7,"max_hp_gain":0,"max_hp_loss":0,"event_name":"Golden Wing","floor":4,"gold_loss":0},{"damage_healed":0,"gold_gain":30,"player_choice":"Searched \u00272\u0027 times","damage_taken":0,"max_hp_gain":0,"max_hp_loss":0,"event_name":"Dead Adventurer","floor":14,"gold_loss":0},{"damage_healed":0,"gold_gain":0,"player_choice":"Shed Blood","damage_taken":16,"max_hp_gain":5,"max_hp_loss":0,"event_name":"Forgotten Altar","floor":19,"gold_loss":0},{"damage_healed":0,"gold_gain":0,"player_choice":"Joined the Cult","damage_taken":6,"max_hp_gain":0,"max_hp_loss":0,"event_name":"Nest","floor":20,"gold_loss":0,"cards_obtained":["RitualDagger"]},{"damage_healed":0,"gold_gain":0,"player_choice":"Copied","damage_taken":0,"max_hp_gain":0,"max_hp_loss":0,"event_name":"Duplicator","floor":22,"gold_loss":0,"cards_obtained":["Noxious Fumes"]},{"damage_healed":0,"gold_gain":0,"player_choice":"Ignored","damage_taken":0,"max_hp_gain":0,"max_hp_loss":0,"event_name":"Vampires","floor":31,"gold_loss":0},{"damage_healed":0,"gold_gain":0,"player_choice":"Ignored","damage_taken":0,"max_hp_gain":0,"max_hp_loss":0,"event_name":"Mysterious Sphere","floor":37,"gold_loss":0},{"cards_removed":["Shame"],"damage_healed":0,"gold_gain":0,"player_choice":"Upgrade and Remove","damage_taken":0,"max_hp_gain":0,"max_hp_loss":0,"event_name":"Designer","floor":38,"gold_loss":90,"cards_upgraded":["Caltrops"]}],"is_beta":true,"boss_relics":[{"not_picked":["Busted Crown","Orrery"],"picked":"Black Star"},{"not_picked":["Runic Pyramid","Pandora\u0027s Box"],"picked":"Calling Bell"}],"items_purged_floors":[7,21],"is_endless":false,"potions_floor_spawned":[1,11,13,16,24,30,33,35],"killed_by":"Maw","ascension_level":1}