{"gold_per_floor":[12,62,81,156,331,331,346,377,377,377,397,411,411,243,243,341,341,354,354],"floor_reached":19,"playtime":934,"items_purged":[],"score":167,"play_id":"1e1aeb9b-50cb-4897-a2c6-2e7b1d7cc141","local_time":"20180822122906","is_ascension_mode":false,"campfire_choices":[{"data":"Zap","floor":6,"key":"SMITH"},{"floor":10,"key":"REST"},{"floor":15,"key":"REST"}],"neow_cost":"NO_GOLD","seed_source_timestamp":408267559637038,"circlet_count":0,"master_deck":["Strike_B","Strike_B+1","Strike_B","Strike_B","Defend_B","Defend_B","Defend_B","Defend_B","Zap+1","Dualcast","Ball Lightning+1","Hologram","Leap","Redo","Capacitor","Glacier","Coolheaded","Chaos","Madness","Static Discharge","Reboot","FTL+1"],"relics":["Cracked Core","Turnip","Whetstone","Dream Catcher","Orichalcum","Inserter"],"potions_floor_usage":[16],"damage_taken":[{"damage":1,"enemies":"Cultist","floor":1,"turns":3},{"damage":11,"enemies":"Jaw Worm","floor":3,"turns":3},{"damage":0,"enemies":"Small Slimes","floor":7,"turns":2},{"damage":18,"enemies":"Lagavulin","floor":8,"turns":6},{"damage":5,"enemies":"Blue Slaver","floor":11,"turns":3},{"damage":8,"enemies":"3 Louse","floor":12,"turns":3},{"damage":18,"enemies":"Hexaghost","floor":16,"turns":13},{"damage":40,"enemies":"3 Byrds","floor":18,"turns":7},{"damage":48,"floor":19,"turns":3}],"seed_played":"7178552065812821205","potions_obtained":[{"floor":7,"key":"Swift Potion"},{"floor":8,"key":"PowerPotion"},{"floor":16,"key":"SkillPotion"}],"is_trial":false,"path_per_floor":["M","T","M","?","?","R","M","E","T","R","M","M","?","$","R","B",null,"M"],"character_chosen":"DEFECT","items_purchased":["Chaos","Madness"],"campfire_rested":2,"item_purchase_floors":[14,14],"current_hp_per_floor":[74,74,63,52,52,52,52,34,34,56,51,43,36,36,58,40,75,35,0],"gold":354,"neow_bonus":"ONE_RARE_RELIC","is_prod":false,"is_daily":false,"chose_seed":false,"campfire_upgraded":1,"win_rate":0,"timestamp":1534955346,"path_taken":["M","?","M","?","?","R","M","E","T","R","?","M","?","$","R","BOSS","M","?"],"build_version":"2018-08-16","purchased_purges":0,"victory":false,"max_hp_per_floor":[75,75,75,75,75,75,75,75,75,75,75,75,75,75,75,75,75,75,75],"card_choices":[{"not_picked":["Rip and Tear","Rebound"],"picked":"Ball Lightning","floor":1},{"not_picked":["Compile Driver","Reinforced Body"],"picked":"Hologram","floor":3},{"not_picked":["Cold Snap","Ball Lightning"],"picked":"Leap","floor":7},{"not_picked":["Stack","Compile Driver"],"picked":"Redo","floor":8},{"not_picked":["Rebound","Lockon"],"picked":"Capacitor","floor":10},{"not_picked":["Gash","Aggregate"],"picked":"Glacier","floor":11},{"not_picked":["Auto Shields","Storm"],"picked":"Coolheaded","floor":12},{"not_picked":["Compile Driver","Glacier"],"picked":"Static Discharge","floor":15},{"not_picked":["Hyperbeam","Biased Cognition"],"picked":"Reboot","floor":16},{"not_picked":["Gash+1","Coolheaded"],"picked":"FTL+1","floor":18}],"player_experience":71288,"relics_obtained":[{"floor":2,"key":"Whetstone"},{"floor":8,"key":"Dream Catcher"},{"floor":9,"key":"Orichalcum"}],"event_choices":[{"event_name":"World of Goop","player_choice":"Gather Gold","floor":4,"damage_taken":0},{"event_name":"Liars Game","player_choice":"agreed","floor":5,"damage_taken":0},{"event_name":"Golden Wing","player_choice":"Card Removal","floor":13,"damage_taken":0},{"event_name":"Masked Bandits","player_choice":"Fought Bandits","floor":19,"damage_taken":0}],"is_beta":false,"boss_relics":[{"not_picked":["Cursed Key","Lizard Tail"],"picked":"Inserter"}],"items_purged_floors":[],"is_endless":false,"potions_floor_spawned":[7,8,16],"ascension_level":0}