{"gold_per_floor":[13,28,28,28,28,28,53,53,53,53,77,90,121,121,121,217,217,232,30,30,30,45,45,88,88,88,113,129,129,145,145],"floor_reached":31,"playtime":1292,"items_purged":[],"score":506,"play_id":"e77d393d-05cd-4a0b-916a-f0c056dfc696","local_time":"20190521194601","is_ascension_mode":true,"campfire_choices":[{"data":"Zap","floor":6.0,"key":"SMITH"},{"data":"Ball Lightning","floor":8.0,"key":"SMITH"},{"data":"Compile Driver","floor":10.0,"key":"SMITH"},{"data":"Compile Driver","floor":15.0,"key":"SMITH"},{"floor":23.0,"key":"REST"},{"floor":25.0,"key":"REST"},{"floor":29.0,"key":"REST"}],"neow_cost":"NO_GOLD","seed_source_timestamp":288478739537044,"circlet_count":0,"master_deck":["AscendersBane","Strike_B","Defend_B","Defend_B","Defend_B","Defend_B","Zap+1","Dualcast","Compile Driver+1","Ball Lightning+1","Compile Driver+1","BootSequence+1","White Noise+1","Echo Form","Conserve Battery+1","Turbo+1","Conserve Battery+1","Coolheaded+1","Chill+1","Biased Cognition"],"special_seed":0,"relics":["Cracked Core","Golden Idol","Potion Belt","Toxic Egg 2","Orichalcum","Happy Flower","Inserter","Anchor","CultistMask","Bottled Flame"],"potions_floor_usage":[31],"damage_taken":[{"damage":2.0,"enemies":"Small Slimes","floor":1.0,"turns":3.0},{"damage":2.0,"enemies":"Jaw Worm","floor":2.0,"turns":3.0},{"damage":0.0,"enemies":"Cultist","floor":7.0,"turns":3.0},{"damage":10.0,"enemies":"Exordium Thugs","floor":12.0,"turns":3.0},{"damage":5.0,"enemies":"Gremlin Nob","floor":13.0,"turns":3.0},{"damage":43.0,"enemies":"The Guardian","floor":16.0,"turns":9.0},{"damage":42.0,"enemies":"3 Byrds","floor":18.0,"turns":5.0},{"damage":5.0,"enemies":"Chosen","floor":22.0,"turns":4.0},{"damage":34.0,"enemies":"Book of Stabbing","floor":24.0,"turns":6.0},{"damage":9.0,"enemies":"Centurion and Healer","floor":27.0,"turns":7.0},{"damage":9.0,"enemies":"Shelled Parasite and Fungi","floor":28.0,"turns":5.0},{"damage":7.0,"enemies":"Sentry and Sphere","floor":30.0,"turns":6.0},{"damage":22,"enemies":"Chosen and Byrds","floor":31,"turns":3}],"seed_played":"-8479951988647269223","potions_obtained":[{"floor":2.0,"key":"SneckoOil"},{"floor":7.0,"key":"Poison Potion"},{"floor":18.0,"key":"Explosive Potion"},{"floor":22.0,"key":"Regen Potion"},{"floor":30.0,"key":"Strength Potion"}],"is_trial":false,"path_per_floor":["M","M","?","?","$","R","M","R","T","R","T","M","E","?","R","B",null,"M","$","?","?","M","R","E","R","T","M","M","R","M","M"],"character_chosen":"DEFECT","items_purchased":["Anchor","Turbo+1"],"campfire_rested":3,"item_purchase_floors":[19,19],"current_hp_per_floor":[62,60,60,60,60,60,60,60,60,60,60,50,45,45,45,2,49,7,7,7,7,2,21,2,21,21,12,3,22,15,0],"gold":145,"neow_bonus":"REMOVE_TWO","is_prod":false,"is_daily":false,"chose_seed":false,"campfire_upgraded":4,"win_rate":0,"timestamp":1558493161,"path_taken":["M","M","?","?","$","R","?","R","T","R","?","M","E","?","R","BOSS","M","$","?","?","M","R","E","R","T","M","M","R","M","M"],"build_version":"2019-05-07","purchased_purges":0,"victory":false,"max_hp_per_floor":[71,71,64,64,64,64,64,64,64,64,64,64,64,64,64,64,64,64,64,64,64,64,64,64,64,64,64,64,64,64,64],"card_choices":[{"not_picked":["Stack","Conserve Battery"],"picked":"Compile Driver","floor":1.0},{"not_picked":["Sweeping Beam","Reinforced Body"],"picked":"Ball Lightning","floor":2.0},{"not_picked":["Reinforced Body","Streamline"],"picked":"Compile Driver","floor":7.0},{"not_picked":["Gash","Recycle+1"],"picked":"BootSequence+1","floor":12.0},{"not_picked":["Go for the Eyes","Scrape"],"picked":"White Noise+1","floor":13.0},{"not_picked":["Fission+1","All For One"],"picked":"Echo Form","floor":16.0},{"not_picked":["Steam Power+1","Tempest+1"],"picked":"Conserve Battery+1","floor":18.0},{"not_picked":["Hologram+1","Lockon"],"picked":"Conserve Battery+1","floor":22.0},{"not_picked":["Rebound","Double Energy+1","Storm"],"picked":"SKIP","floor":24.0},{"not_picked":["Darkness+1","Leap+1"],"picked":"Coolheaded+1","floor":27.0},{"not_picked":["Conserve Battery+1","Gash+1"],"picked":"Chill+1","floor":28.0},{"not_picked":["Conserve Battery+1","Hologram+1"],"picked":"Biased Cognition","floor":30.0}],"player_experience":1570210,"relics_obtained":[{"floor":9.0,"key":"Toxic Egg 2"},{"floor":11.0,"key":"Orichalcum"},{"floor":13.0,"key":"Happy Flower"},{"floor":24.0,"key":"Bottled Flame"}],"event_choices":[{"damage_healed":0.0,"max_hp_gain":0.0,"max_hp_loss":7.0,"gold_gain":0.0,"event_name":"Golden Idol","player_choice":"Lose Max HP","floor":3.0,"gold_loss":0.0,"damage_taken":0.0,"relics_obtained":["Golden Idol"]},{"damage_healed":0.0,"max_hp_gain":0.0,"max_hp_loss":0.0,"gold_gain":0.0,"event_name":"WeMeetAgain","player_choice":"Gave Potion","floor":4.0,"gold_loss":0.0,"damage_taken":0.0,"relics_obtained":["Potion Belt"]},{"cards_removed":["Strike_B"],"damage_healed":0.0,"max_hp_gain":0.0,"max_hp_loss":0.0,"gold_gain":0.0,"event_name":"Purifier","player_choice":"Purged","floor":14.0,"gold_loss":0.0,"damage_taken":0.0},{"damage_healed":0.0,"max_hp_gain":0.0,"max_hp_loss":0.0,"gold_gain":0.0,"event_name":"FaceTrader","player_choice":"Trade","floor":21.0,"gold_loss":0.0,"damage_taken":0.0,"relics_obtained":["CultistMask"]}],"is_beta":true,"boss_relics":[{"not_picked":["Lizard Tail","Runic Dome"],"picked":"Inserter"}],"items_purged_floors":[],"is_endless":false,"potions_floor_spawned":[2,7,18,22,30],"killed_by":"Chosen and Byrds","ascension_level":20}