{"gold_per_floor":[117,164,19,0,16,46,46,80,80,5,22,41,74,92,92,189,189,209,209,222,235,249,249,278,278,278,278,278,378,413,423,423,528,528,542,589,589,360,122,132,163,163,163,188,200,229,229,240,240,240],"floor_reached":50,"playtime":4413,"items_purged":["Defend_R","Defend_R+1"],"score":1141,"play_id":"2f14d6b3-786d-47f6-9f82-1f50980a3705","local_time":"20190419220853","is_ascension_mode":true,"campfire_choices":[{"data":"Juggernaut","floor":7.0,"key":"SMITH"},{"data":"Bash","floor":15.0,"key":"SMITH"},{"data":"Spot Weakness","floor":23.0,"key":"SMITH"},{"data":"True Grit","floor":25.0,"key":"SMITH"},{"data":"Rage","floor":27.0,"key":"SMITH"},{"data":"Rage","floor":32.0,"key":"SMITH"},{"floor":42.0,"key":"RECALL"},{"floor":47.0,"key":"REST"},{"floor":49.0,"key":"DIG"}],"neow_cost":"PERCENT_DAMAGE","seed_source_timestamp":202442968089000,"circlet_count":0,"master_deck":["AscendersBane","Strike_R+1","Strike_R+1","Strike_R+1","Defend_R+1","Defend_R+1","Bash+1","Juggernaut+1","Anger","Rage+1","Rage+1","Pommel Strike","Cleave","Thunderclap","Clash","Shrug It Off","Offering","Spot Weakness+1","True Grit+1","Iron Wave","Intimidate","Berserk","Metallicize","Fiend Fire","Clash","Warcry","Flex+1","Seeing Red","Body Slam+1","Clash"],"special_seed":0,"relics":["Burning Blood","Oddly Smooth Stone","PreservedInsect","Orichalcum","Paper Frog","Ornamental Fan","Bronze Scales","Runic Pyramid","Ginger","StoneCalendar","Lantern","Fusion Hammer","Torii","Bottled Tornado","Bag of Preparation","Prayer Wheel","Happy Flower","Shovel","Boot"],"potions_floor_usage":[],"damage_taken":[{"damage":1.0,"enemies":"Cultist","floor":1.0,"turns":3.0},{"damage":0.0,"enemies":"Small Slimes","floor":5.0,"turns":3.0},{"damage":16.0,"enemies":"Gremlin Nob","floor":6.0,"turns":3.0},{"damage":5.0,"enemies":"Lagavulin","floor":8.0,"turns":4.0},{"damage":0.0,"enemies":"Jaw Worm","floor":11.0,"turns":3.0},{"damage":4.0,"enemies":"Exordium Thugs","floor":12.0,"turns":4.0},{"damage":8.0,"enemies":"Gremlin Nob","floor":13.0,"turns":3.0},{"damage":2.0,"enemies":"Blue Slaver","floor":14.0,"turns":2.0},{"damage":40.0,"enemies":"The Guardian","floor":16.0,"turns":7.0},{"damage":10.0,"enemies":"3 Byrds","floor":18.0,"turns":3.0},{"damage":1.0,"enemies":"2 Thieves","floor":20.0,"turns":4.0},{"damage":6.0,"enemies":"3 Cultists","floor":21.0,"turns":3.0},{"damage":0.0,"enemies":"Snecko","floor":22.0,"turns":4.0},{"damage":6.0,"enemies":"Book of Stabbing","floor":24.0,"turns":3.0},{"damage":14.0,"enemies":"Colosseum Slavers","floor":29.0,"turns":4.0},{"damage":2.0,"enemies":"Colosseum Nobs","floor":29.0,"turns":3.0},{"damage":13.0,"enemies":"Gremlin Leader","floor":30.0,"turns":5.0},{"damage":4.0,"enemies":"Shelled Parasite and Fungi","floor":31.0,"turns":4.0},{"damage":6.0,"enemies":"Collector","floor":33.0,"turns":7.0},{"damage":8.0,"enemies":"3 Darklings","floor":35.0,"turns":4.0},{"damage":31.0,"enemies":"2 Orb Walkers","floor":36.0,"turns":6.0},{"damage":2.0,"enemies":"3 Shapes","floor":40.0,"turns":3.0},{"damage":6.0,"enemies":"Nemesis","floor":41.0,"turns":3.0},{"damage":1.0,"enemies":"Reptomancer","floor":44.0,"turns":5.0},{"damage":35.0,"enemies":"Spire Growth","floor":45.0,"turns":4.0},{"damage":1.0,"enemies":"Giant Head","floor":46.0,"turns":4.0},{"damage":2.0,"enemies":"Maw","floor":48.0,"turns":5.0},{"damage":83,"enemies":"Time Eater","floor":50,"turns":7}],"seed_played":"-7192061712826473841","potions_obtained":[{"floor":5.0,"key":"FearPotion"},{"floor":8.0,"key":"Block Potion"},{"floor":21.0,"key":"SpeedPotion"},{"floor":35.0,"key":"Strength Potion"},{"floor":41.0,"key":"GamblersBrew"}],"is_trial":false,"path_per_floor":["M","T","$","?","M","E","R","E","T","$","M","M","E","M","R","B",null,"M","?","M","M","M","R","E","R","T","R","?","?","E","M","R","B",null,"M","?","?","$","$","M","E","R","T","E","M","E","R","M","R","B"],"character_chosen":"IRONCLAD","items_purchased":["PreservedInsect","Fiend Fire","Clash","Bottled Tornado"],"campfire_rested":1,"item_purchase_floors":[3,38,38,39],"current_hp_per_floor":[56,56,56,56,62,52,52,53,53,53,59,61,59,63,63,29,67,63,63,68,68,74,74,74,74,74,74,74,70,63,65,65,65,76,74,49,49,49,49,53,53,53,53,58,29,34,58,62,62,0],"gold":240,"neow_bonus":"TRANSFORM_TWO_CARDS","is_prod":false,"is_daily":false,"chose_seed":false,"campfire_upgraded":6,"win_rate":0,"timestamp":1555733333,"path_taken":["M","?","$","?","M","E","R","E","T","?","M","?","E","M","R","BOSS","M","?","M","M","M","R","E","R","T","R","?","?","E","M","R","BOSS","M","?","?","?","$","M","E","R","T","E","?","E","R","M","R","BOSS"],"build_version":"2019-01-23","purchased_purges":2,"victory":false,"max_hp_per_floor":[80,80,80,80,80,80,80,80,80,80,80,80,80,80,80,80,80,80,80,80,80,80,80,80,80,80,80,80,80,80,80,80,80,80,80,80,80,80,80,80,80,80,80,80,80,80,80,80,80,80],"card_choices":[{"not_picked":["True Grit","Pommel Strike"],"picked":"Rage","floor":1.0},{"not_picked":["Combust","Havoc"],"picked":"Rage","floor":5.0},{"not_picked":["Double Tap","Sentinel","Heavy Blade"],"picked":"SKIP","floor":6.0},{"not_picked":["Twin Strike","Rupture"],"picked":"Pommel Strike","floor":8.0},{"not_picked":["Corruption","Sword Boomerang"],"picked":"Cleave","floor":11.0},{"not_picked":["Sword Boomerang","Pummel"],"picked":"Thunderclap","floor":12.0},{"not_picked":["Carnage","Disarm"],"picked":"Clash","floor":13.0},{"not_picked":["Heavy Blade","True Grit"],"picked":"Shrug It Off","floor":14.0},{"not_picked":["Exhume","Limit Break"],"picked":"Offering","floor":16.0},{"not_picked":["Pommel Strike","Rage","Evolve+1"],"picked":"SKIP","floor":18.0},{"not_picked":["Shockwave","Warcry+1","Thunderclap"],"picked":"SKIP","floor":20.0},{"not_picked":["Seeing Red","Whirlwind"],"picked":"Spot Weakness","floor":21.0},{"not_picked":["Havoc","Perfected Strike+1","Iron Wave+1"],"picked":"SKIP","floor":22.0},{"not_picked":["Rage","Sever Soul"],"picked":"True Grit","floor":24.0},{"not_picked":["Battle Trance","Sword Boomerang"],"picked":"Iron Wave","floor":29.0},{"not_picked":["Burning Pact","Perfected Strike"],"picked":"Intimidate","floor":30.0},{"not_picked":["Wild Strike","Combust","Sword Boomerang"],"picked":"SKIP","floor":31.0},{"not_picked":["Dark Embrace","Feed"],"picked":"Berserk","floor":33.0},{"not_picked":["Armaments","Clothesline"],"picked":"Metallicize","floor":35.0},{"not_picked":["Body Slam","Spot Weakness"],"picked":"Warcry","floor":40.0},{"not_picked":["Perfected Strike","Reaper"],"picked":"Flex+1","floor":41.0},{"not_picked":["Sword Boomerang","Clash"],"picked":"Seeing Red","floor":44.0},{"not_picked":["Metallicize","Wild Strike+1"],"picked":"Body Slam+1","floor":45.0},{"not_picked":["Perfected Strike+1","Iron Wave","Clash"],"picked":"SKIP","floor":45.0},{"not_picked":["Fire Breathing","Immolate"],"picked":"Clash","floor":46.0},{"not_picked":["Reckless Charge","Seeing Red+1","Shrug It Off"],"picked":"SKIP","floor":48.0},{"not_picked":["Bloodletting","Body Slam+1","Flex+1"],"picked":"SKIP","floor":48.0}],"player_experience":596979,"relics_obtained":[{"floor":2.0,"key":"Oddly Smooth Stone"},{"floor":6.0,"key":"Orichalcum"},{"floor":8.0,"key":"Paper Frog"},{"floor":9.0,"key":"Ornamental Fan"},{"floor":13.0,"key":"Bronze Scales"},{"floor":24.0,"key":"Ginger"},{"floor":29.0,"key":"StoneCalendar"},{"floor":30.0,"key":"Lantern"},{"floor":36.0,"key":"Torii"},{"floor":41.0,"key":"Bag of Preparation"},{"floor":43.0,"key":"Prayer Wheel"},{"floor":44.0,"key":"Happy Flower"},{"floor":46.0,"key":"Shovel"},{"floor":49.0,"key":"Boot"}],"event_choices":[{"damage_healed":0.0,"max_hp_gain":0.0,"max_hp_loss":0.0,"gold_gain":0.0,"event_name":"World of Goop","player_choice":"Left Gold","floor":4.0,"gold_loss":19.0,"damage_taken":0.0},{"damage_healed":0.0,"max_hp_gain":0.0,"max_hp_loss":0.0,"gold_gain":0.0,"event_name":"Back to Basics","player_choice":"Simplicity","floor":19.0,"gold_loss":0.0,"damage_taken":0.0,"cards_upgraded":["Strike_R","Strike_R","Strike_R","Defend_R","Defend_R","Defend_R"]},{"damage_healed":0.0,"max_hp_gain":0.0,"max_hp_loss":0.0,"gold_gain":0.0,"event_name":"Ghosts","player_choice":"Ignored","floor":28.0,"gold_loss":0.0,"damage_taken":0.0},{"damage_healed":0.0,"max_hp_gain":0.0,"max_hp_loss":0.0,"gold_gain":0.0,"event_name":"Colosseum","player_choice":"Fight","floor":29.0,"gold_loss":0.0,"damage_taken":0.0},{"damage_healed":0.0,"max_hp_gain":0.0,"max_hp_loss":0.0,"gold_gain":0.0,"event_name":"Colosseum","player_choice":"Fought Nobs","floor":29.0,"gold_loss":0.0,"damage_taken":0.0},{"damage_healed":0.0,"max_hp_gain":0.0,"max_hp_loss":0.0,"gold_gain":0.0,"event_name":"Mysterious Sphere","player_choice":"Fight","floor":36.0,"gold_loss":0.0,"damage_taken":0.0},{"damage_healed":0.0,"max_hp_gain":0.0,"max_hp_loss":0.0,"gold_gain":0.0,"event_name":"Tomb of Lord Red Mask","player_choice":"Ignored","floor":37.0,"gold_loss":0.0,"damage_taken":0.0}],"is_beta":false,"boss_relics":[{"not_picked":["Black Blood","Velvet Choker"],"picked":"Runic Pyramid"},{"not_picked":["Eternal Feather","Snecko Eye"],"picked":"Fusion Hammer"}],"items_purged_floors":[10,38],"is_endless":false,"potions_floor_spawned":[5,8,11,13,14,16,18,21,29,29,33,35,41,44],"killed_by":"Time Eater","ascension_level":12}