{"gold_per_floor":[119,119,119,85,96,96,56,56,103,103,129,140,157,111,111,216,216,227,238,250,250,329,362,362,373,373,472,485,204,223,238,238,238],"floor_reached":33,"playtime":1862,"items_purged":[],"score":267,"play_id":"3467070a-06ee-4505-9992-be5814572687","local_time":"20181015142019","is_ascension_mode":false,"campfire_choices":[{"data":"Capacitor","floor":6,"key":"SMITH"},{"data":"Defragment","floor":8,"key":"SMITH"},{"floor":15,"key":"REST"},{"floor":24,"key":"REST"},{"floor":32,"key":"REST"}],"neow_cost":"TEN_PERCENT_HP_LOSS","seed_source_timestamp":362714002971566,"circlet_count":0,"master_deck":["Strike_B+1","Strike_B","Strike_B","Strike_B","Defend_B","Defend_B","Defend_B","Defend_B","Zap+1","Dualcast","Conserve Battery","Capacitor+1","Cold Snap","Defragment+1","Chaos","Coolheaded","Capacitor","Cold Snap","Buffer","Loop+1","Heatsinks","Static Discharge","Undo","Hologram+1","Rip and Tear","Defragment","The Bomb","All For One","Consume"],"relics":["Cracked Core","Orichalcum","Pen Nib","Kunai","White Beast Statue","Tiny Chest","Regal Pillow","Question Card"],"potions_floor_usage":[23,28,31,33,33],"damage_taken":[{"damage":1,"enemies":"Cultist","floor":1,"turns":4},{"damage":1,"enemies":"Jaw Worm","floor":5,"turns":5},{"damage":22,"enemies":"3 Sentries","floor":11,"turns":7},{"damage":0,"enemies":"Small Slimes","floor":12,"turns":3},{"damage":4,"enemies":"Red Slaver","floor":13,"turns":4},{"damage":15,"enemies":"Slime Boss","floor":16,"turns":10},{"damage":4,"enemies":"Chosen","floor":18,"turns":5},{"damage":13,"enemies":"3 Byrds","floor":19,"turns":4},{"damage":21,"enemies":"Sentry and Sphere","floor":20,"turns":8},{"damage":29,"enemies":"Book of Stabbing","floor":23,"turns":5},{"damage":12,"enemies":"Shelled Parasite and Fungi","floor":25,"turns":7},{"damage":1,"enemies":"Snecko","floor":28,"turns":6},{"damage":19,"enemies":"Centurion and Healer","floor":30,"turns":6},{"damage":15,"enemies":"Snake Plant","floor":31,"turns":5},{"damage":49,"enemies":"Collector","floor":33,"turns":5}],"seed_played":"-429286187775563175","potions_obtained":[{"floor":5,"key":"AttackPotion"},{"floor":13,"key":"Poison Potion"},{"floor":16,"key":"Ancient Potion"},{"floor":20,"key":"Explosive Potion"},{"floor":25,"key":"Energy Potion"},{"floor":28,"key":"Ancient Potion"},{"floor":31,"key":"Ancient Potion"}],"is_trial":false,"path_per_floor":["M","?","?","$","M","R","$","R","T","?","E","M","M","$","R","B",null,"M","M","M","?","T","E","R","M","T","?","M","$","M","M","R"],"character_chosen":"DEFECT","items_purchased":["Capacitor","Defragment","Cold Snap","Defragment","The Bomb"],"campfire_rested":3,"item_purchase_floors":[4,7,14,29,29],"current_hp_per_floor":[67,53,78,78,77,77,77,77,77,59,37,37,33,33,56,41,78,74,61,40,40,40,11,49,37,37,37,36,36,17,2,40,0],"gold":238,"neow_bonus":"THREE_RARE_CARDS","is_prod":false,"is_daily":false,"chose_seed":false,"campfire_upgraded":2,"win_rate":0,"timestamp":1539627619,"path_taken":["M","?","?","$","?","R","$","R","T","?","E","M","?","?","R","BOSS","M","M","M","?","?","E","R","?","T","?","M","$","M","M","R","BOSS"],"build_version":"2018-10-11","purchased_purges":0,"victory":false,"max_hp_per_floor":[68,68,78,78,78,78,78,78,78,78,78,78,78,78,78,78,78,78,78,78,78,78,78,78,78,78,78,78,78,78,78,78,78],"card_choices":[{"not_picked":["Reboot","Buffer"],"picked":"Machine Learning","floor":0},{"not_picked":["Gash","Ball Lightning"],"picked":"Conserve Battery","floor":1},{"not_picked":["Redo","Storm"],"picked":"Cold Snap","floor":5},{"not_picked":["Tempest","Static Discharge"],"picked":"Chaos","floor":11},{"not_picked":["Ball Lightning","Double Energy"],"picked":"Coolheaded","floor":12},{"not_picked":["Recycle","Turbo"],"picked":"Capacitor","floor":13},{"not_picked":["Hyperbeam","Biased Cognition"],"picked":"Buffer","floor":16},{"not_picked":["Self Repair+1","Coolheaded"],"picked":"Loop+1","floor":18},{"not_picked":["Gash","Rip and Tear","Rebound"],"picked":"SKIP","floor":19},{"not_picked":["Compile Driver","Coolheaded"],"picked":"Heatsinks","floor":20},{"not_picked":["Double Energy+1","Ball Lightning"],"picked":"Undo","floor":23},{"not_picked":["Scrape","Auto Shields"],"picked":"Hologram+1","floor":25},{"not_picked":["Steam","Rebound","Coolheaded+1"],"picked":"Rip and Tear","floor":28},{"not_picked":["Cold Snap+1","Sweeping Beam","Skim"],"picked":"All For One","floor":30},{"not_picked":["Defragment","Conserve Battery","Self Repair"],"picked":"Consume","floor":31}],"player_experience":135096,"relics_obtained":[{"floor":9,"key":"Orichalcum"},{"floor":11,"key":"Kunai"},{"floor":22,"key":"Tiny Chest"},{"floor":23,"key":"Regal Pillow"},{"floor":26,"key":"Question Card"}],"event_choices":[{"event_name":"Shining Light","player_choice":"Entered Light","floor":2,"damage_taken":0},{"event_name":"Bonfire Elementals","player_choice":"RARE","floor":3,"damage_taken":0},{"event_name":"Scrap Ooze","player_choice":"success","floor":10,"damage_taken":18},{"event_name":"The Library","player_choice":"Read","floor":21,"damage_taken":0},{"event_name":"Nest","player_choice":"Stole From Cult","floor":27,"damage_taken":0}],"is_beta":false,"boss_relics":[{"not_picked":["Calling Bell","Runic Pyramid"],"picked":"White Beast Statue"}],"items_purged_floors":[],"is_endless":false,"potions_floor_spawned":[5,13,16,18,19,20,23,25,28,30,31],"killed_by":"Collector","ascension_level":0}