{"gold_per_floor":[111,130,130,130,130,159,159,185,185,217,228,25,39,68,68,68],"floor_reached":16,"playtime":1033,"items_purged":[],"score":211,"play_id":"b4c615ea-918f-4159-95da-1f59f887bf2f","local_time":"20190423120815","is_ascension_mode":true,"campfire_choices":[{"data":"Rage","floor":7,"key":"SMITH"},{"data":"Limit Break","floor":15,"key":"SMITH"}],"neow_cost":"NONE","seed_source_timestamp":515927257559600,"circlet_count":0,"master_deck":["AscendersBane","Strike_R","Strike_R","Strike_R","Strike_R","Strike_R","Defend_R","Defend_R","Defend_R","Bash","Rage+1","Anger","Headbutt","Limit Break+1","Evolve","Rage+1"],"relics":["Burning Blood","Art of War","PreservedInsect","Orichalcum","Shuriken","Calipers","DollysMirror","Matryoshka"],"potions_floor_usage":[6,16,16],"damage_taken":[{"damage":1,"enemies":"Cultist","floor":1,"turns":3},{"damage":5,"enemies":"2 Louse","floor":2,"turns":3},{"damage":24,"enemies":"3 Sentries","floor":6,"turns":6},{"damage":20,"enemies":"Lagavulin","floor":8,"turns":6},{"damage":10,"enemies":"Gremlin Nob","floor":10,"turns":3},{"damage":6,"enemies":"Jaw Worm","floor":11,"turns":2},{"damage":2,"enemies":"Blue Slaver","floor":13,"turns":3},{"damage":11,"enemies":"Lagavulin","floor":14,"turns":6},{"damage":32,"enemies":"The Guardian","floor":16,"turns":9}],"seed_played":"-645494842087142902","potions_obtained":[{"floor":2,"key":"PowerPotion"},{"floor":5,"key":"Weak Potion"},{"floor":11,"key":"SpeedPotion"},{"floor":13,"key":"Ancient Potion"},{"floor":14,"key":"EssenceOfSteel"}],"is_trial":false,"path_per_floor":["M","M","?","?","?","E","R","E","T","E","M","$","M","E","R","B"],"character_chosen":"IRONCLAD","items_purchased":["DollysMirror"],"campfire_rested":0,"item_purchase_floors":[12],"current_hp_per_floor":[85,86,79,67,67,49,49,35,35,31,31,31,35,30,30,0],"gold":68,"neow_bonus":"TEN_PERCENT_HP_BONUS","is_prod":false,"is_daily":false,"chose_seed":false,"campfire_upgraded":2,"win_rate":0,"timestamp":1556042895,"path_taken":["M","M","?","?","?","E","R","E","T","E","M","$","?","E","R","BOSS"],"build_version":"2019-01-23","purchased_purges":0,"victory":false,"max_hp_per_floor":[88,88,88,88,88,88,88,88,88,88,88,88,88,88,88,88],"card_choices":[{"not_picked":["Sword Boomerang","Shrug It Off"],"picked":"Rage","floor":1},{"not_picked":["Heavy Blade","Seeing Red"],"picked":"Anger","floor":2},{"not_picked":["Twin Strike","Iron Wave"],"picked":"Headbutt","floor":6},{"not_picked":["Ghostly Armor","Sentinel"],"picked":"Limit Break","floor":8},{"not_picked":["Iron Wave","Uppercut","Spot Weakness"],"picked":"SKIP","floor":10},{"not_picked":["Pommel Strike","Perfected Strike"],"picked":"Evolve","floor":11},{"not_picked":["Thunderclap","Headbutt","Cleave"],"picked":"SKIP","floor":13},{"not_picked":["Perfected Strike","Shrug It Off","Sentinel"],"picked":"SKIP","floor":14}],"player_experience":649892,"relics_obtained":[{"floor":6,"key":"PreservedInsect"},{"floor":8,"key":"Orichalcum"},{"floor":9,"key":"Shuriken"},{"floor":10,"key":"Calipers"},{"floor":14,"key":"Matryoshka"}],"event_choices":[{"cards_removed":["Defend_R"],"damage_healed":0,"gold_gain":0,"player_choice":"Card Removal","damage_taken":7,"max_hp_gain":0,"max_hp_loss":0,"event_name":"Golden Wing","floor":3,"gold_loss":0},{"damage_healed":0,"gold_gain":0,"player_choice":"Success","damage_taken":12,"relics_obtained":["Art of War"],"max_hp_gain":0,"max_hp_loss":0,"event_name":"Scrap Ooze","floor":4,"gold_loss":0},{"damage_healed":0,"gold_gain":0,"player_choice":"Got Potions","damage_taken":0,"max_hp_gain":0,"max_hp_loss":0,"event_name":"Lab","floor":5,"gold_loss":0}],"is_beta":false,"boss_relics":[],"items_purged_floors":[],"is_endless":false,"potions_floor_spawned":[2,11,13,14],"killed_by":"The Guardian","ascension_level":13}