{"path_per_floor":["M","?","$","?","?","E","R","E","T","?","?","R","M","M","R","B",null,"M","?","M","$"],"character_chosen":"IRONCLAD","items_purchased":["Clothesline"],"gold_per_floor":[118,118,17,17,17,51,51,84,84,117,87,87,112,128,128,256,256,277,277,293,193],"floor_reached":22,"campfire_rested":2,"playtime":1143,"current_hp_per_floor":[68,68,68,52,52,17,41,31,31,28,28,52,54,59,59,12,63,39,39,11,11],"items_purged":["Regret","Injury"],"gold":193,"score":247,"play_id":"a60c03af-2a1d-4034-9639-7431bea61730","local_time":"20180305182043","is_prod":false,"is_daily":false,"is_ascension_mode":true,"campfire_upgraded":1,"timestamp":1520270443,"path_taken":["M","?","$","?","?","E","R","E","T","?","?","R","M","M","R","BOSS","M","?","M","$","M"],"build_version":"2018-03-02-BETA2","purchased_purges":2,"victory":false,"master_deck":["Strike_R","Strike_R","Strike_R+1","Strike_R","Strike_R","Defend_R","Defend_R","Defend_R+1","Defend_R","Bash","Limit Break","Rampage+1","Clothesline","Flex","Cleave+1","Limit Break","Whirlwind"],"max_hp_per_floor":[80,80,80,80,80,80,80,80,80,80,80,80,80,80,80,80,80,80,80,80,80],"relics":["Burning Blood","Juzu Bracelet","Golden Idol","Pen Nib","Art of War","Orichalcum","Odd Mushroom","Mark of Pain"],"card_choices":[{"not_picked":["Thunderclap","Wild Strike"],"picked":"Rampage"},{"not_picked":["Pommel Strike","Reaper"],"picked":"Flex"},{"not_picked":["Havoc","Body Slam"],"picked":"Cleave"},{"not_picked":["Wild Strike","Warcry"],"picked":"Whirlwind"}],"player_experience":170568,"potions_floor_usage":[],"damage_taken":[{"damage":10.0,"enemies":"Small Slimes","floor":1.0,"turns":3.0},{"damage":41.0,"enemies":"Lagavulin","floor":6.0,"turns":7.0},{"damage":16.0,"enemies":"Gremlin Nob","floor":8.0,"turns":4.0},{"damage":9.0,"enemies":"The Mushroom Lair","floor":10.0,"turns":4.0},{"damage":4.0,"enemies":"Jaw Worm","floor":13.0,"turns":2.0},{"damage":1.0,"enemies":"2 Louse","floor":14.0,"turns":3.0},{"damage":53.0,"enemies":"Hexaghost","floor":16.0,"turns":10.0},{"damage":30.0,"enemies":"3 Byrds","floor":18.0,"turns":7.0},{"damage":34.0,"enemies":"2 Thieves","floor":20.0,"turns":5.0},{"damage":12,"enemies":"Centurion and Healer","floor":22,"turns":4}],"event_choices":[{"event_name":"Big Fish","player_choice":"Box","floor":2.0,"damage_taken":0.0},{"event_name":"Shining Light","player_choice":"Entered Light","floor":4.0,"damage_taken":0.0},{"event_name":"Golden Idol","player_choice":"Take Wound","floor":5.0,"damage_taken":0.0},{"event_name":"Mushrooms","player_choice":"Fought Mushrooms","floor":10.0,"damage_taken":0.0},{"event_name":"The Woman in Blue","player_choice":"Bought 2 Potions","floor":11.0,"damage_taken":0.0},{"event_name":"Duplicator","player_choice":"One dupe","floor":19.0,"damage_taken":0.0}],"boss_relics":[],"potions_floor_spawned":[6,8,10],"seed_played":"5157517962225555420","killed_by":"Centurion and Healer","ascension_level":6,"is_trial":false}