{"gold_per_floor":[117,133,153,103,116,116,148,148,172,198,198,198,216,245,245,318,318,338,353,353,353,278,278,288,319,394,9,9,34,34,60,60,137,137,150,150,150,170,186,186,205,231,231,265,265],"floor_reached":45,"playtime":4588,"items_purged":["Defend_R","Strike_R"],"score":1121,"play_id":"674b9df6-4cbd-485e-bf43-40baca719f73","local_time":"20190420223954","is_ascension_mode":true,"campfire_choices":[{"data":"Feed","floor":6.0,"key":"SMITH"},{"data":"Exhume","floor":8.0,"key":"SMITH"},{"floor":11.0,"key":"REST"},{"data":"Juggernaut","floor":15.0,"key":"SMITH"},{"data":"Dark Embrace","floor":23.0,"key":"SMITH"},{"data":"Armaments","floor":28.0,"key":"SMITH"},{"data":"Juggernaut","floor":32.0,"key":"SMITH"},{"floor":40.0,"key":"REST"}],"neow_cost":"PERCENT_DAMAGE","seed_source_timestamp":289513342098100,"circlet_count":0,"master_deck":["AscendersBane","Strike_R","Strike_R","Defend_R","Defend_R","Defend_R","Bash","Feed+1","Thunderclap","Juggernaut+1","Iron Wave","Exhume+1","Rage","Juggernaut+1","Dark Embrace+1","True Grit","Ghostly Armor","Ghostly+1","Ghostly","Ghostly","Ghostly","Ghostly","True Grit","Armaments+1","Havoc","Good Instincts","Stack","Flash of Steel","Juggernaut","Leg Sweep+1","Purity","Finesse","Panacea","Dodge and Roll+1","Backflip"],"special_seed":0,"relics":["Burning Blood","Orichalcum","Anchor","Ancient Tea Set","Red Skull","Mark of Pain","Dodecahedron","Shuriken","PrismaticShard","Pen Nib","Gremlin Horn","Fusion Hammer","Magic Flower","Pantograph","War Paint"],"potions_floor_usage":[45],"damage_taken":[{"damage":0.0,"enemies":"Small Slimes","floor":1.0,"turns":2.0},{"damage":13.0,"enemies":"Jaw Worm","floor":2.0,"turns":4.0},{"damage":0.0,"enemies":"Cultist","floor":3.0,"turns":3.0},{"damage":12.0,"enemies":"Looter","floor":5.0,"turns":4.0},{"damage":49.0,"enemies":"Gremlin Nob","floor":7.0,"turns":5.0},{"damage":18.0,"enemies":"3 Sentries","floor":10.0,"turns":7.0},{"damage":0.0,"enemies":"3 Louse","floor":13.0,"turns":5.0},{"damage":20.0,"enemies":"Lagavulin","floor":14.0,"turns":6.0},{"damage":21.0,"enemies":"Hexaghost","floor":16.0,"turns":7.0},{"damage":33.0,"enemies":"Spheric Guardian","floor":18.0,"turns":5.0},{"damage":24.0,"enemies":"Chosen","floor":19.0,"turns":6.0},{"damage":15.0,"enemies":"Sentry and Sphere","floor":24.0,"turns":9.0},{"damage":0.0,"enemies":"Book of Stabbing","floor":25.0,"turns":7.0},{"damage":0.0,"enemies":"Gremlin Leader","floor":29.0,"turns":8.0},{"damage":22.0,"enemies":"Colosseum Slavers","floor":30.0,"turns":7.0},{"damage":0.0,"enemies":"Book of Stabbing","floor":31.0,"turns":7.0},{"damage":26.0,"enemies":"Champ","floor":33.0,"turns":12.0},{"damage":10.0,"enemies":"Orb Walker","floor":35.0,"turns":4.0},{"damage":3.0,"enemies":"3 Shapes","floor":38.0,"turns":4.0},{"damage":0.0,"enemies":"3 Darklings","floor":39.0,"turns":6.0},{"damage":0.0,"enemies":"Writhing Mass","floor":41.0,"turns":7.0},{"damage":71.0,"enemies":"Giant Head","floor":42.0,"turns":10.0},{"damage":0.0,"enemies":"Reptomancer","floor":44.0,"turns":6.0},{"damage":67,"enemies":"4 Shapes","floor":45,"turns":3}],"seed_played":"7461061718899152826","potions_obtained":[{"floor":2.0,"key":"Swift Potion"},{"floor":5.0,"key":"Explosive Potion"},{"floor":14.0,"key":"Fire Potion"},{"floor":18.0,"key":"FearPotion"},{"floor":19.0,"key":"Swift Potion"},{"floor":31.0,"key":"Swift Potion"},{"floor":33.0,"key":"Ancient Potion"},{"floor":38.0,"key":"Fire Potion"},{"floor":44.0,"key":"Regen Potion"}],"is_trial":false,"path_per_floor":["M","M","M","?","M","R","E","R","T","E","R","?","M","E","R","B",null,"M","M","?","?","$","R","M","E","T","$","R","E","?","E","R","B",null,"M","?","?","M","M","R","M","E","T","E","M"],"character_chosen":"IRONCLAD","items_purchased":["PrismaticShard","Good Instincts"],"campfire_rested":2,"item_purchase_floors":[27,27],"current_hp_per_floor":[60,56,65,65,62,62,19,19,19,11,39,39,49,39,39,28,88,65,51,51,51,51,51,46,52,52,52,52,62,54,64,64,44,70,66,66,56,59,69,82,82,17,17,32,0],"gold":265,"neow_bonus":"THREE_RARE_CARDS","is_prod":false,"is_daily":false,"chose_seed":false,"campfire_upgraded":6,"win_rate":0,"timestamp":1555821594,"path_taken":["M","M","M","?","M","R","E","R","T","E","R","?","M","E","R","BOSS","M","M","?","?","$","R","M","E","T","$","R","E","?","E","R","BOSS","M","?","?","M","M","R","M","E","T","E","M"],"build_version":"2019-01-23","purchased_purges":2,"victory":false,"max_hp_per_floor":[83,86,89,89,92,92,92,92,92,96,96,96,100,104,104,108,108,112,116,58,58,58,58,62,62,62,62,62,66,74,78,78,78,78,78,78,78,78,82,82,82,82,82,86,86],"card_choices":[{"not_picked":["Offering","Immolate"],"picked":"Feed","floor":0.0},{"not_picked":["Flex","Iron Wave"],"picked":"Thunderclap","floor":1.0},{"not_picked":["Clothesline","Perfected Strike","Entrench"],"picked":"SKIP","floor":2.0},{"not_picked":["Power Through","Combust"],"picked":"Juggernaut","floor":3.0},{"not_picked":["Heavy Blade","Hemokinesis"],"picked":"Iron Wave","floor":5.0},{"not_picked":["Sword Boomerang","Brutality"],"picked":"Exhume","floor":7.0},{"not_picked":["Sword Boomerang","Pommel Strike","Wild Strike"],"picked":"SKIP","floor":10.0},{"not_picked":["Rupture","Perfected Strike","Cleave"],"picked":"SKIP","floor":13.0},{"not_picked":["Reaper","Rupture"],"picked":"Juggernaut","floor":14.0},{"not_picked":["Bludgeon","Feed"],"picked":"Dark Embrace","floor":16.0},{"not_picked":["Shockwave","Clothesline"],"picked":"True Grit","floor":18.0},{"not_picked":["Warcry","Twin Strike"],"picked":"Ghostly Armor","floor":19.0},{"not_picked":["Pommel Strike","Clash+1"],"picked":"Armaments","floor":24.0},{"not_picked":["Iron Wave","Twin Strike"],"picked":"Havoc","floor":25.0},{"not_picked":["Flying Knee","Grand Finale"],"picked":"Stack","floor":29.0},{"not_picked":["Noxious Fumes","Tempest+1"],"picked":"Flash of Steel","floor":31.0},{"not_picked":["Rainbow","Meteor Strike"],"picked":"Juggernaut","floor":33.0},{"not_picked":["Twin Strike+1","Clothesline"],"picked":"Leg Sweep","floor":35.0},{"not_picked":["Discovery","Madness"],"picked":"Purity","floor":37.0},{"not_picked":["Trip","Jack Of All Trades"],"picked":"Finesse","floor":37.0},{"not_picked":["Trip","Dark Shackles"],"picked":"Panacea","floor":37.0},{"not_picked":["Cloak And Dagger+1","Auto Shields"],"picked":"Dodge and Roll+1","floor":38.0},{"not_picked":["Spot Weakness","Blade Dance"],"picked":"Backflip","floor":39.0},{"not_picked":["Flex+1","Anger+1","Hologram+1"],"picked":"SKIP","floor":41.0},{"not_picked":["Rebound+1","Reaper","Sword Boomerang"],"picked":"SKIP","floor":42.0},{"not_picked":["Sever Soul+1","Purity","Doom and Gloom"],"picked":"SKIP","floor":44.0}],"player_experience":628370,"relics_obtained":[{"floor":7.0,"key":"Orichalcum"},{"floor":9.0,"key":"Anchor"},{"floor":10.0,"key":"Ancient Tea Set"},{"floor":14.0,"key":"Red Skull"},{"floor":25.0,"key":"Dodecahedron"},{"floor":26.0,"key":"Shuriken"},{"floor":29.0,"key":"Pen Nib"},{"floor":31.0,"key":"Gremlin Horn"},{"floor":42.0,"key":"Magic Flower"},{"floor":43.0,"key":"Pantograph"},{"floor":44.0,"key":"War Paint"}],"event_choices":[{"cards_removed":["Strike_R"],"damage_healed":0.0,"max_hp_gain":0.0,"max_hp_loss":0.0,"gold_gain":0.0,"event_name":"The Cleric","player_choice":"Card Removal","floor":4.0,"gold_loss":50.0,"damage_taken":0.0},{"damage_healed":0.0,"max_hp_gain":0.0,"max_hp_loss":0.0,"gold_gain":0.0,"event_name":"Match and Keep!","player_choice":"1 cards matched","floor":12.0,"gold_loss":0.0,"damage_taken":0.0,"cards_obtained":["Rage"]},{"damage_healed":0.0,"max_hp_gain":0.0,"max_hp_loss":58.0,"gold_gain":0.0,"event_name":"Ghosts","player_choice":"Became a Ghost","floor":20.0,"gold_loss":0.0,"damage_taken":0.0,"cards_obtained":["Ghostly","Ghostly","Ghostly","Ghostly","Ghostly"]},{"damage_healed":0.0,"max_hp_gain":0.0,"max_hp_loss":0.0,"gold_gain":0.0,"event_name":"The Library","player_choice":"Read","floor":21.0,"gold_loss":0.0,"damage_taken":0.0,"cards_obtained":["True Grit"]},{"damage_healed":0.0,"max_hp_gain":0.0,"max_hp_loss":0.0,"gold_gain":0.0,"event_name":"Colosseum","player_choice":"Fight","floor":30.0,"gold_loss":0.0,"damage_taken":0.0},{"damage_healed":0.0,"max_hp_gain":0.0,"max_hp_loss":0.0,"gold_gain":0.0,"event_name":"Colosseum","player_choice":"Fled From Nobs","floor":30.0,"gold_loss":0.0,"damage_taken":0.0},{"cards_removed":["Strike_R"],"damage_healed":0.0,"max_hp_gain":0.0,"max_hp_loss":0.0,"gold_gain":0.0,"event_name":"Falling","player_choice":"Removed Attack","floor":36.0,"gold_loss":0.0,"damage_taken":0.0},{"damage_healed":0.0,"max_hp_gain":0.0,"max_hp_loss":0.0,"gold_gain":0.0,"event_name":"SensoryStone","player_choice":"Memory 3","floor":37.0,"gold_loss":0.0,"damage_taken":10.0}],"is_beta":false,"boss_relics":[{"not_picked":["Empty Cage","Cursed Key"],"picked":"Mark of Pain"},{"not_picked":["Sozu","Lizard Tail"],"picked":"Fusion Hammer"}],"items_purged_floors":[22,27],"is_endless":false,"potions_floor_spawned":[2,5,14,18,19,30,31,33,38,44],"killed_by":"4 Shapes","ascension_level":13}