{"gold_per_floor":[114,114,69,84,84,113,113,140,166,166,166,194,269,279,279,358,358,377,477,502,521,541,575,575,586,586,613,613,648,648,261,261,338,338,349,364,166,266,279,279,330,340,340,372,124,141,160,180,180,180,180,180,101,134,134],"floor_reached":56,"playtime":2698,"items_purged":["Writhe","Pain"],"score":2055,"play_id":"0f5505d4-732e-4e3a-9c27-27511a1c543b","local_time":"20190521202419","is_ascension_mode":true,"campfire_choices":[{"data":"Whirlwind","floor":7.0,"key":"SMITH"},{"data":"Flex","floor":10.0,"key":"SMITH"},{"floor":15.0,"key":"REST"},{"floor":24.0,"key":"REST"},{"floor":32.0,"key":"REST"},{"data":"Demon Form","floor":40.0,"key":"SMITH"},{"floor":49.0,"key":"RECALL"},{"data":"Shockwave","floor":52.0,"key":"SMITH"}],"neow_cost":"NONE","seed_source_timestamp":0,"circlet_count":0,"master_deck":["AscendersBane","Strike_R","Strike_R","Strike_R","Strike_R+1","Strike_R","Defend_R","Defend_R","Defend_R","Defend_R","Bash+1","Corruption+1","Cleave","Flex+1","Whirlwind+1","Dropkick","Thunderclap+1","Demon Form+1","Shockwave+1","Shrug It Off+1","Metallicize","Seeing Red+1","Flame Barrier+1","Flame Barrier+1","Intimidate+1","Limit Break+1","Limit Break+1","Battle Trance+1","Shrug It Off+1","Inflame","Shrug It Off+1","Double Tap+1"],"special_seed":0,"relics":["Burning Blood","NeowsBlessing","Happy Flower","Ice Cream","Anchor","Pen Nib","Lantern","Mark of Pain","Charon\u0027s Ashes","Toxic Egg 2","Red Mask","Whetstone","Mercury Hourglass","Shovel","Meat on the Bone","Singing Bowl","Pantograph","Cursed Key","Vajra","Torii","Mango","Gambling Chip","Unceasing Top","Bag of Marbles","Ornamental Fan"],"potions_floor_usage":[],"damage_taken":[{"damage":0.0,"enemies":"2 Louse","floor":1.0,"turns":1.0},{"damage":0.0,"enemies":"Cultist","floor":4.0,"turns":1.0},{"damage":0.0,"enemies":"3 Sentries","floor":6.0,"turns":2.0},{"damage":46.0,"enemies":"Lagavulin","floor":8.0,"turns":6.0},{"damage":0.0,"enemies":"3 Sentries","floor":12.0,"turns":2.0},{"damage":0.0,"enemies":"Jaw Worm","floor":14.0,"turns":1.0},{"damage":18.0,"enemies":"Slime Boss","floor":16.0,"turns":7.0},{"damage":22.0,"enemies":"Chosen","floor":18.0,"turns":5.0},{"damage":19.0,"enemies":"Colosseum Slavers","floor":19.0,"turns":4.0},{"damage":15.0,"enemies":"Colosseum Nobs","floor":19.0,"turns":3.0},{"damage":0.0,"enemies":"Masked Bandits","floor":20.0,"turns":2.0},{"damage":0.0,"enemies":"2 Thieves","floor":21.0,"turns":1.0},{"damage":11.0,"enemies":"Snecko","floor":22.0,"turns":4.0},{"damage":43.0,"enemies":"Book of Stabbing","floor":23.0,"turns":5.0},{"damage":0.0,"enemies":"Chosen and Byrds","floor":25.0,"turns":5.0},{"damage":27.0,"enemies":"Slavers","floor":27.0,"turns":4.0},{"damage":1.0,"enemies":"Book of Stabbing","floor":29.0,"turns":4.0},{"damage":24.0,"enemies":"Automaton","floor":33.0,"turns":6.0},{"damage":3.0,"enemies":"3 Shapes","floor":35.0,"turns":6.0},{"damage":5.0,"enemies":"Orb Walker","floor":36.0,"turns":3.0},{"damage":8.0,"enemies":"Mind Bloom Boss Battle","floor":38.0,"turns":6.0},{"damage":18.0,"enemies":"Writhing Mass","floor":39.0,"turns":3.0},{"damage":0.0,"enemies":"2 Orb Walkers","floor":41.0,"turns":2.0},{"damage":12.0,"enemies":"Maw","floor":42.0,"turns":5.0},{"damage":4.0,"enemies":"Giant Head","floor":44.0,"turns":6.0},{"damage":6.0,"enemies":"Sphere and 2 Shapes","floor":46.0,"turns":2.0},{"damage":11.0,"enemies":"Spire Growth","floor":47.0,"turns":4.0},{"damage":0.0,"enemies":"4 Shapes","floor":48.0,"turns":1.0},{"damage":26.0,"enemies":"Awakened One","floor":50.0,"turns":7.0},{"damage":33.0,"enemies":"Shield and Spear","floor":54.0,"turns":6.0},{"damage":102,"enemies":"The Heart","floor":55,"turns":8}],"seed_played":"4561426605078078744","potions_obtained":[{"floor":1.0,"key":"Regen Potion"},{"floor":12.0,"key":"BloodPotion"},{"floor":14.0,"key":"Ancient Potion"},{"floor":18.0,"key":"PowerPotion"},{"floor":20.0,"key":"SpeedPotion"},{"floor":21.0,"key":"Strength Potion"},{"floor":23.0,"key":"Ancient Potion"},{"floor":35.0,"key":"FearPotion"},{"floor":41.0,"key":"FearPotion"}],"is_trial":false,"path_per_floor":["M","?","$","M","?","E","R","E","T","R","?","E","?","M","R","B",null,"M","?","?","M","M","E","R","M","T","E","?","E","T","$","R","B",null,"M","M","$","?","M","R","?","M","T","E","$","M","M","M","R","B",null,"R","$","E","B",null],"character_chosen":"IRONCLAD","items_purchased":["Cleave","Limit Break+1","Pantograph","Vajra","Shrug It Off+1","Bag of Marbles","Double Tap+1"],"campfire_rested":3,"item_purchase_floors":[3,31,31,37,37,45,53],"current_hp_per_floor":[78,78,78,80,68,74,74,48,48,48,48,54,43,49,73,61,75,59,45,51,57,52,15,39,45,45,24,24,29,29,29,53,60,75,78,81,81,80,70,70,92,88,88,92,92,94,89,97,97,88,103,103,103,78,19],"gold":134,"neow_bonus":"THREE_ENEMY_KILL","is_prod":false,"is_daily":false,"chose_seed":false,"campfire_upgraded":4,"win_rate":0,"timestamp":1558463059,"path_taken":["M","?","$","?","?","E","R","E","T","R","?","E","?","M","R","BOSS","M","?","?","M","M","E","R","M","T","E","?","E","?","$","R","BOSS","M","M","$","?","M","R","?","?","T","E","?","M","M","M","R","BOSS","R","$","E","BOSS"],"build_version":"2019-05-07","purchased_purges":2,"victory":true,"max_hp_per_floor":[80,80,80,80,80,80,80,80,80,80,80,80,80,80,80,80,80,80,80,80,80,80,80,80,80,80,80,80,80,80,80,80,80,80,80,82,82,82,84,84,100,102,102,104,104,106,106,108,108,108,108,108,108,110,110],"card_choices":[{"not_picked":["Sentinel","Clash"],"picked":"Corruption","floor":1.0},{"not_picked":["Reckless Charge","Sword Boomerang"],"picked":"Flex","floor":4.0},{"not_picked":["Armaments","Sever Soul"],"picked":"Whirlwind","floor":6.0},{"not_picked":["Sword Boomerang","Corruption"],"picked":"Dropkick","floor":8.0},{"not_picked":["Perfected Strike","Flex"],"picked":"Thunderclap","floor":12.0},{"not_picked":["Dropkick","Ghostly Armor","Twin Strike"],"picked":"SKIP","floor":14.0},{"not_picked":["Feed","Limit Break"],"picked":"Demon Form","floor":16.0},{"not_picked":["Shrug It Off","Corruption+1"],"picked":"Shockwave","floor":18.0},{"not_picked":["Pommel Strike","Perfected Strike"],"picked":"Shrug It Off+1","floor":21.0},{"not_picked":["Combust","Dropkick"],"picked":"Metallicize","floor":22.0},{"not_picked":["Flame Barrier+1","Dual Wield+1"],"picked":"Seeing Red+1","floor":23.0},{"not_picked":["Thunderclap","Anger+1"],"picked":"Flame Barrier+1","floor":25.0},{"not_picked":["Heavy Blade","Combust"],"picked":"Flame Barrier+1","floor":27.0},{"not_picked":["Metallicize","Bludgeon"],"picked":"Intimidate+1","floor":29.0},{"not_picked":["Impervious+1","Dark Embrace"],"picked":"Limit Break+1","floor":33.0},{"not_picked":["Intimidate+1","Flex+1"],"picked":"Battle Trance+1","floor":35.0},{"not_picked":["Pommel Strike","Bloodletting+1","Iron Wave"],"picked":"Singing Bowl","floor":36.0},{"not_picked":["Rupture","Sword Boomerang+1"],"picked":"Inflame","floor":38.0},{"not_picked":["Reckless Charge","True Grit+1","Perfected Strike+1"],"picked":"Singing Bowl","floor":39.0},{"not_picked":["Twin Strike","True Grit+1","Anger"],"picked":"Singing Bowl","floor":41.0},{"not_picked":["Flex+1","Feel No Pain","Hemokinesis+1"],"picked":"Singing Bowl","floor":42.0},{"not_picked":["Burning Pact+1","Clothesline","Clash"],"picked":"Singing Bowl","floor":44.0},{"not_picked":["Ghostly Armor+1","Sword Boomerang","Burning Pact+1"],"picked":"Singing Bowl","floor":46.0},{"not_picked":["Body Slam","Flex+1"],"picked":"Shrug It Off+1","floor":47.0},{"not_picked":["Flex+1","True Grit+1","Intimidate+1"],"picked":"Singing Bowl","floor":48.0},{"not_picked":["Carnage","Dual Wield+1","Double Tap+1"],"picked":"Singing Bowl","floor":54.0}],"player_experience":412870,"relics_obtained":[{"floor":6.0,"key":"Ice Cream"},{"floor":8.0,"key":"Anchor"},{"floor":9.0,"key":"Pen Nib"},{"floor":12.0,"key":"Lantern"},{"floor":19.0,"key":"Charon\u0027s Ashes"},{"floor":19.0,"key":"Toxic Egg 2"},{"floor":20.0,"key":"Red Mask"},{"floor":23.0,"key":"Whetstone"},{"floor":27.0,"key":"Mercury Hourglass"},{"floor":29.0,"key":"Meat on the Bone"},{"floor":30.0,"key":"Singing Bowl"},{"floor":38.0,"key":"Torii"},{"floor":41.0,"key":"Mango"},{"floor":43.0,"key":"Gambling Chip"},{"floor":44.0,"key":"Unceasing Top"},{"floor":54.0,"key":"Ornamental Fan"}],"event_choices":[{"damage_healed":0.0,"max_hp_gain":0.0,"max_hp_loss":0.0,"gold_gain":0.0,"event_name":"Upgrade Shrine","player_choice":"Upgraded","floor":2.0,"gold_loss":0.0,"damage_taken":0.0,"cards_upgraded":["Corruption"]},{"damage_healed":0.0,"max_hp_gain":0.0,"max_hp_loss":0.0,"gold_gain":0.0,"event_name":"Scrap Ooze","player_choice":"Success","floor":5.0,"gold_loss":0.0,"damage_taken":12.0,"relics_obtained":["Happy Flower"]},{"damage_healed":0.0,"max_hp_gain":0.0,"max_hp_loss":0.0,"gold_gain":0.0,"event_name":"Living Wall","player_choice":"Grow","floor":11.0,"gold_loss":0.0,"damage_taken":0.0,"cards_upgraded":["Bash"]},{"damage_healed":0.0,"max_hp_gain":0.0,"max_hp_loss":0.0,"gold_gain":75.0,"event_name":"World of Goop","player_choice":"Gather Gold","floor":13.0,"gold_loss":0.0,"damage_taken":11.0},{"damage_healed":0.0,"max_hp_gain":0.0,"max_hp_loss":0.0,"gold_gain":0.0,"event_name":"Colosseum","player_choice":"Fight","floor":19.0,"gold_loss":0.0,"damage_taken":0.0},{"damage_healed":0.0,"max_hp_gain":0.0,"max_hp_loss":0.0,"gold_gain":0.0,"event_name":"Colosseum","player_choice":"Fought Nobs","floor":19.0,"gold_loss":0.0,"damage_taken":0.0},{"damage_healed":0.0,"max_hp_gain":0.0,"max_hp_loss":0.0,"gold_gain":0.0,"event_name":"Masked Bandits","player_choice":"Fought Bandits","floor":20.0,"gold_loss":0.0,"damage_taken":0.0},{"damage_healed":0.0,"max_hp_gain":0.0,"max_hp_loss":0.0,"gold_gain":0.0,"event_name":"The Mausoleum","player_choice":"Opened","floor":28.0,"gold_loss":0.0,"damage_taken":0.0,"relics_obtained":["Shovel"],"cards_obtained":["Writhe"]},{"damage_healed":0.0,"max_hp_gain":0.0,"max_hp_loss":0.0,"gold_gain":0.0,"event_name":"MindBloom","player_choice":"Fight","floor":38.0,"gold_loss":0.0,"damage_taken":0.0},{"damage_healed":0.0,"max_hp_gain":0.0,"max_hp_loss":0.0,"gold_gain":0.0,"event_name":"Mysterious Sphere","player_choice":"Fight","floor":41.0,"gold_loss":0.0,"damage_taken":0.0}],"is_beta":true,"boss_relics":[{"not_picked":["Calling Bell","Eternal Feather"],"picked":"Mark of Pain"},{"not_picked":["Pandora\u0027s Box","Busted Crown"],"picked":"Cursed Key"}],"items_purged_floors":[31,45],"is_endless":false,"potions_floor_spawned":[1,12,14,16,18,20,21,23,25,35,41,42,47,48],"ascension_level":13}