{"gold_per_floor":[113,188,205,205,228,267,267,286,286,286,319,319,343,343,343,474,474,487,501,33,69,19,19,42,58,114,114,114,137,137,167,167,268,268,284,384,606,343,343,377,46,59,59,69,69,69,69,121,121,121],"floor_reached":51,"playtime":2946,"items_purged":["Strike_R","Strike_R"],"score":801,"play_id":"b2421aa5-b57e-467c-84e2-cede75177060","local_time":"20190505111846","is_ascension_mode":false,"campfire_choices":[{"data":"Armaments","floor":7,"key":"SMITH"},{"data":"Inflame","floor":10,"key":"SMITH"},{"floor":15,"key":"REST"},{"data":"Seeing Red","floor":23,"key":"SMITH"},{"floor":28,"key":"REST"},{"floor":32,"key":"REST"},{"data":"Body Slam","floor":45,"key":"SMITH"},{"data":"Rampage","floor":47,"key":"SMITH"},{"floor":49,"key":"REST"}],"neow_cost":"NONE","seed_source_timestamp":1038013607549253,"circlet_count":0,"master_deck":["Strike_R","Strike_R","Strike_R","Defend_R","Defend_R","Defend_R","Defend_R","Bash","Iron Wave","Battle Trance","Armaments+1","Inflame+1","Entrench+1","Intimidate+1","Feed","Iron Wave+1","Seeing Red+1","Cleave","Double Tap","Shrug It Off+1","Barricade+1","Metallicize+1","Rampage+1","Bandage Up","Body Slam+1","Metallicize+1","Body Slam+1","Shockwave"],"relics":["Burning Blood","NeowsBlessing","Bloody Idol","Gremlin Horn","Bottled Tornado","Pantograph","Pen Nib","WarpedTongs","Empty Cage","Kunai","War Paint","Red Mask","Tiny Chest","Frozen Egg 2","Singing Bowl","Runic Cube","StoneCalendar","Bag of Marbles","Ornamental Fan","Ancient Tea Set","Girya","Dead Branch"],"potions_floor_usage":[11,21,40],"damage_taken":[{"damage":0,"enemies":"2 Louse","floor":1,"turns":1},{"damage":0,"enemies":"Jaw Worm","floor":3,"turns":1},{"damage":0,"enemies":"Cultist","floor":5,"turns":1},{"damage":43,"enemies":"Gremlin Nob","floor":6,"turns":5},{"damage":6,"enemies":"3 Louse","floor":8,"turns":3},{"damage":26,"enemies":"3 Sentries","floor":11,"turns":7},{"damage":0,"enemies":"Gremlin Gang","floor":13,"turns":4},{"damage":43,"enemies":"The Guardian","floor":16,"turns":12},{"damage":27,"enemies":"Shell Parasite","floor":18,"turns":6},{"damage":7,"enemies":"Chosen","floor":19,"turns":5},{"damage":28,"enemies":"Masked Bandits","floor":21,"turns":5},{"damage":15,"enemies":"Snake Plant","floor":24,"turns":4},{"damage":15,"enemies":"Centurion and Healer","floor":25,"turns":6},{"damage":13,"enemies":"Shelled Parasite and Fungi","floor":29,"turns":5},{"damage":18,"enemies":"Slavers","floor":31,"turns":5},{"damage":89,"enemies":"Automaton","floor":33,"turns":11},{"damage":13,"enemies":"3 Shapes","floor":35,"turns":7},{"damage":10,"enemies":"Mind Bloom Boss Battle","floor":36,"turns":8},{"damage":67,"enemies":"Nemesis","floor":40,"turns":7},{"damage":18,"enemies":"Orb Walker","floor":42,"turns":5},{"damage":23,"enemies":"Spire Growth","floor":44,"turns":6},{"damage":9,"enemies":"2 Orb Walkers","floor":48,"turns":6},{"damage":49,"enemies":"Time Eater","floor":50,"turns":13}],"seed_played":"-5601584080570482912","potions_obtained":[{"floor":6,"key":"SmokeBomb"},{"floor":8,"key":"Fire Potion"},{"floor":13,"key":"SteroidPotion"},{"floor":16,"key":"FairyPotion"},{"floor":21,"key":"Dexterity Potion"},{"floor":25,"key":"Fire Potion"},{"floor":44,"key":"BloodPotion"}],"is_trial":false,"path_per_floor":["M","?","M","?","M","E","R","M","T","R","E","?","M","?","R","B",null,"M","M","$","?","?","R","M","M","T","T","R","M","?","E","R","B",null,"M","?","?","$","?","E","$","M","T","M","R","T","R","?","R","B",null],"character_chosen":"IRONCLAD","items_purchased":["Kunai","War Paint","Metallicize+1","Rampage","Metallicize+1","Ornamental Fan"],"campfire_rested":4,"item_purchase_floors":[20,20,38,38,41,41],"current_hp_per_floor":[80,69,75,75,80,43,43,43,43,43,23,16,22,22,46,34,80,63,66,66,47,47,47,38,32,32,32,60,53,53,49,78,19,97,100,108,108,108,108,56,56,53,53,49,49,49,49,57,90,73],"gold":121,"neow_bonus":"THREE_ENEMY_KILL","is_prod":false,"is_daily":false,"chose_seed":false,"campfire_upgraded":5,"win_rate":0,"timestamp":1557047926,"path_taken":["M","?","M","?","M","E","R","M","T","R","E","?","?","?","R","BOSS","M","M","$","?","?","R","?","?","T","?","R","?","?","E","R","BOSS","M","?","?","?","?","E","$","M","T","?","R","?","R","?","R","BOSS"],"build_version":"2019-04-23","purchased_purges":2,"victory":true,"max_hp_per_floor":[80,80,80,80,80,80,80,80,80,80,80,80,80,80,80,80,80,84,88,88,91,91,91,91,94,94,94,94,94,94,97,97,97,97,102,108,108,108,108,108,108,108,108,110,110,110,110,110,110,110],"card_choices":[{"not_picked":["Warcry","Twin Strike"],"picked":"Iron Wave","floor":1},{"not_picked":["Wild Strike","Intimidate"],"picked":"Battle Trance","floor":3},{"not_picked":["Sever Soul","Thunderclap"],"picked":"Armaments","floor":5},{"not_picked":["True Grit","Evolve","Feel No Pain"],"picked":"SKIP","floor":6},{"not_picked":["Carnage","Brutality"],"picked":"Inflame","floor":8},{"not_picked":["Shrug It Off","Headbutt"],"picked":"Entrench","floor":11},{"not_picked":["Warcry","Hemokinesis"],"picked":"Intimidate","floor":13},{"not_picked":["Fiend Fire","Brutality"],"picked":"Feed","floor":16},{"not_picked":["Combust","Sword Boomerang"],"picked":"Iron Wave+1","floor":18},{"not_picked":["Flex","Sentinel","Evolve"],"picked":"SKIP","floor":19},{"not_picked":["Burning Pact","Pummel+1"],"picked":"Seeing Red","floor":21},{"not_picked":["Inflame","Bloodletting","Second Wind"],"picked":"SKIP","floor":24},{"not_picked":["Disarm+1","Second Wind"],"picked":"Cleave","floor":25},{"not_picked":["Inflame+1","Thunderclap+1"],"picked":"Double Tap","floor":29},{"not_picked":["Dual Wield+1","Clash+1"],"picked":"Shrug It Off+1","floor":31},{"not_picked":["Immolate","Double Tap"],"picked":"Barricade+1","floor":33},{"not_picked":["Pommel Strike","Cleave","Blood for Blood+1"],"picked":"Singing Bowl","floor":35},{"not_picked":["Sword Boomerang+1","Hemokinesis+1","Brutality+1"],"picked":"Singing Bowl","floor":36},{"not_picked":["Warcry","Armaments+1"],"picked":"Body Slam+1","floor":40},{"not_picked":["Clothesline","Warcry"],"picked":"Body Slam","floor":42},{"not_picked":["Clothesline","Anger+1","Thunderclap+1"],"picked":"Singing Bowl","floor":44},{"not_picked":["Armaments+1","Dropkick"],"picked":"Shockwave","floor":48}],"player_experience":333199,"relics_obtained":[{"floor":6,"key":"Gremlin Horn"},{"floor":9,"key":"Bottled Tornado"},{"floor":11,"key":"Pantograph"},{"floor":21,"key":"Red Mask"},{"floor":26,"key":"Tiny Chest"},{"floor":27,"key":"Frozen Egg 2"},{"floor":31,"key":"Singing Bowl"},{"floor":36,"key":"StoneCalendar"},{"floor":40,"key":"Bag of Marbles"},{"floor":43,"key":"Ancient Tea Set"},{"floor":46,"key":"Girya"},{"floor":48,"key":"Dead Branch"}],"event_choices":[{"damage_healed":0,"gold_gain":75,"player_choice":"Gather Gold","damage_taken":11,"max_hp_gain":0,"max_hp_loss":0,"event_name":"World of Goop","floor":2,"gold_loss":0},{"damage_healed":0,"gold_gain":0,"player_choice":"Take Wound","damage_taken":0,"relics_obtained":["Golden Idol"],"max_hp_gain":0,"max_hp_loss":0,"event_name":"Golden Idol","floor":4,"gold_loss":0,"cards_obtained":["Injury"]},{"damage_healed":0,"gold_gain":0,"player_choice":"Success","damage_taken":7,"relics_obtained":["Pen Nib"],"max_hp_gain":0,"max_hp_loss":0,"event_name":"Scrap Ooze","floor":12,"gold_loss":0},{"damage_healed":0,"gold_gain":0,"player_choice":"Rummage","damage_taken":0,"relics_obtained":["WarpedTongs"],"max_hp_gain":0,"max_hp_loss":0,"event_name":"Accursed Blacksmith","floor":14,"gold_loss":0,"cards_obtained":["Pain"]},{"damage_healed":0,"gold_gain":0,"player_choice":"Fought Bandits","damage_taken":0,"max_hp_gain":0,"max_hp_loss":0,"event_name":"Masked Bandits","floor":21,"gold_loss":0},{"damage_healed":0,"gold_gain":0,"player_choice":"Bet on Owner","damage_taken":0,"max_hp_gain":0,"max_hp_loss":0,"event_name":"The Joust","floor":22,"gold_loss":50},{"damage_healed":0,"gold_gain":0,"player_choice":"Gave Idol","damage_taken":0,"relics_obtained":["Bloody Idol"],"max_hp_gain":0,"max_hp_loss":0,"event_name":"Forgotten Altar","floor":30,"relics_lost":["Golden Idol"],"gold_loss":0},{"damage_healed":0,"gold_gain":0,"player_choice":"Fight","damage_taken":0,"max_hp_gain":0,"max_hp_loss":0,"event_name":"MindBloom","floor":36,"gold_loss":0},{"damage_healed":0,"gold_gain":222,"player_choice":"Wore Mask","damage_taken":0,"max_hp_gain":0,"max_hp_loss":0,"event_name":"Tomb of Lord Red Mask","floor":37,"gold_loss":0},{"damage_healed":0,"gold_gain":0,"player_choice":"1 cards matched","damage_taken":0,"max_hp_gain":0,"max_hp_loss":0,"event_name":"Match and Keep!","floor":39,"gold_loss":0,"cards_obtained":["Bandage Up"]},{"damage_healed":0,"gold_gain":0,"player_choice":"Fight","damage_taken":0,"max_hp_gain":0,"max_hp_loss":0,"event_name":"Mysterious Sphere","floor":48,"gold_loss":0}],"is_beta":true,"boss_relics":[{"not_picked":["Snecko Eye","Eternal Feather"],"picked":"Empty Cage"},{"not_picked":["White Beast Statue","Runic Pyramid"],"picked":"Runic Cube"}],"items_purged_floors":[20,38],"is_endless":false,"potions_floor_spawned":[6,8,13,16,18,21,25,35,44],"ascension_level":0}