{"gold_per_floor":[113,131,206,135,152,152,152,186,225,237,249,15,70,87,87,192,192,207,218,317,332,51,84,103,103,149,149],"floor_reached":27,"playtime":1369,"items_purged":[],"score":241,"play_id":"84a877e1-9e8d-4cd5-a3c8-3fb607ec41c2","local_time":"20181016191901","is_ascension_mode":false,"campfire_choices":[{"data":"Defragment","floor":7.0,"key":"SMITH"},{"floor":11.0,"key":"REST"},{"data":"Defragment","floor":15.0,"key":"SMITH"}],"neow_cost":"NONE","seed_source_timestamp":0,"circlet_count":0,"master_deck":["Strike_B","Strike_B","Strike_B","Strike_B","Defend_B","Defend_B","Zap","Dualcast","Machine Learning","Rip and Tear","Chill","Glacier","Defragment+1","Capacitor","Defragment+1","Defragment+1","Conserve Battery+1","Echo Form","White Noise+1","Barrage+1","Capacitor+1","Consume","Rebound","Ball Lightning+1","Static Discharge","Coolheaded"],"special_seed":0,"relics":["Cracked Core","MawBank","PreservedInsect","Strawberry","DollysMirror","Tiny Chest","Astrolabe","ClockworkSouvenir","Omamori","Lantern"],"potions_floor_usage":[23],"damage_taken":[{"damage":5.0,"enemies":"Jaw Worm","floor":1.0,"turns":4.0},{"damage":1.0,"enemies":"2 Louse","floor":2.0,"turns":2.0},{"damage":6.0,"enemies":"Small Slimes","floor":5.0,"turns":3.0},{"damage":8.0,"enemies":"3 Sentries","floor":8.0,"turns":11.0},{"damage":1.0,"enemies":"Gremlin Nob","floor":13.0,"turns":4.0},{"damage":2.0,"enemies":"Exordium Thugs","floor":14.0,"turns":6.0},{"damage":18.0,"enemies":"Slime Boss","floor":16.0,"turns":12.0},{"damage":10.0,"enemies":"Spheric Guardian","floor":18.0,"turns":5.0},{"damage":19.0,"enemies":"3 Byrds","floor":19.0,"turns":6.0},{"damage":13.0,"enemies":"Snecko","floor":21.0,"turns":6.0},{"damage":27,"enemies":"Book of Stabbing","floor":23,"turns":5},{"damage":8,"enemies":"Centurion and Healer","floor":24,"turns":8},{"damage":10,"enemies":"Shelled Parasite and Fungi","floor":27,"turns":1}],"seed_played":"-2717344314769815073","potions_obtained":[{"floor":1.0,"key":"AttackPotion"},{"floor":5.0,"key":"SkillPotion"},{"floor":14.0,"key":"Dexterity Potion"},{"floor":16.0,"key":"Fire Potion"},{"floor":23,"key":"SpeedPotion"},{"floor":24,"key":"FocusPotion"}],"is_trial":false,"path_per_floor":["M","M","?","$","M","?","R","E","T","?","R","$","E","M","R","B",null,"M","M","?","M","$","E","M","?","T"],"character_chosen":"DEFECT","items_purchased":["Glacier","DollysMirror","Hologram","ClockworkSouvenir","Static Discharge"],"campfire_rested":1,"item_purchase_floors":[4,12,12,22,22],"current_hp_per_floor":[70,69,58,58,52,52,52,44,44,18,42,42,41,39,39,21,82,72,53,53,40,40,13,5,5,5,0],"gold":149,"neow_bonus":"ONE_RANDOM_RARE_CARD","is_prod":false,"is_daily":false,"chose_seed":false,"campfire_upgraded":2,"win_rate":0,"timestamp":1539731941,"path_taken":["M","M","?","?","?","?","R","E","T","?","R","$","E","M","R","BOSS","M","M","?","M","$","E","M","?","T","M"],"build_version":"2018-10-11","purchased_purges":0,"victory":false,"max_hp_per_floor":[75,75,75,75,75,75,75,75,75,82,82,82,82,82,82,82,82,82,82,82,82,82,82,82,82,82,82],"card_choices":[{"not_picked":["Genetic Algorithm","Redo"],"picked":"Rip and Tear","floor":1.0},{"not_picked":["Double Energy","Reinforced Body"],"picked":"Chill","floor":2.0},{"not_picked":["Rebound","Turbo"],"picked":"Defragment","floor":5.0},{"not_picked":["Darkness","Defragment"],"picked":"Capacitor","floor":8.0},{"not_picked":["Stack","White Noise"],"picked":"Defragment","floor":13.0},{"not_picked":["Steam Power","Steam"],"picked":"Conserve Battery","floor":14.0},{"not_picked":["Buffer","Meteor Strike"],"picked":"Echo Form","floor":16.0},{"not_picked":["Auto Shields","Compile Driver+1"],"picked":"Consume","floor":18.0},{"not_picked":["BootSequence+1","Compile Driver"],"picked":"Rebound","floor":19.0},{"not_picked":["Conserve Battery","Stack"],"picked":"Ball Lightning+1","floor":21.0},{"not_picked":["Gash","Sweeping Beam","Thunder Strike"],"picked":"SKIP","floor":23},{"not_picked":["Rebound","Doom and Gloom+1"],"picked":"Coolheaded","floor":24}],"player_experience":144003,"relics_obtained":[{"floor":8.0,"key":"MawBank"},{"floor":9.0,"key":"PreservedInsect"},{"floor":13.0,"key":"Tiny Chest"},{"floor":23,"key":"Omamori"},{"floor":26,"key":"Lantern"}],"event_choices":[{"event_name":"World of Goop","player_choice":"Gather Gold","floor":3.0,"damage_taken":0.0},{"event_name":"Golden Wing","player_choice":"Ignored","floor":6.0,"damage_taken":0.0},{"event_name":"Scrap Ooze","player_choice":"success","floor":10.0,"damage_taken":33.0},{"event_name":"Nest","player_choice":"Stole From Cult","floor":20.0,"damage_taken":0.0},{"event_name":"Accursed Blacksmith","player_choice":"Forge","floor":25,"damage_taken":0}],"is_beta":false,"boss_relics":[{"not_picked":["Snecko Eye","Runic Dome"],"picked":"Astrolabe"}],"items_purged_floors":[],"is_endless":false,"potions_floor_spawned":[1,5,14,16,19,23,24],"killed_by":"Shelled Parasite and Fungi","ascension_level":0}