{"path_per_floor":["M","M","$","?","?","M","E","R","T","$","R","E","?","M","R","B",null,"M","$","T","M","?","R","E","R","T","?","T","M","M","M","R"],"character_chosen":"IRONCLAD","items_purchased":[],"gold_per_floor":[10,27,27,27,27,44,72,72,97,22,22,55,85,96,96,196,196,213,113,140,158,158,158,185,185,209,209,209,221,237,249,249],"floor_reached":33,"campfire_rested":2,"playtime":2695,"current_hp_per_floor":[80,80,80,80,80,79,38,62,62,62,62,50,50,46,46,44,80,71,71,71,67,67,67,44,44,44,44,44,30,7,13,51],"items_purged":["Defend_R","Strike_R"],"gold":249,"play_id":"b1388a11-12bc-49d7-af69-5889484456f2","is_prod":false,"is_daily":false,"is_ascension_mode":false,"campfire_upgraded":4,"path_taken":["M","M","$","?","?","?","E","R","T","?","R","E","?","M","R","BOSS","M","$","?","M","?","R","E","R","T","?","?","M","?","M","R","BOSS"],"build_version":"2018-02-02-BETA1","purchased_purges":2,"victory":false,"master_deck":["Strike_R","Strike_R","Strike_R","Strike_R","Defend_R","Defend_R","Defend_R","Bash+1","Seeing Red+1","Reckless Charge","Twin Strike+1","Inflame+1","Pommel Strike","Limit Break+1","Armaments+1","Parasite","Injury","Bloodletting","Flex+1","Twin Strike+1"],"max_hp_per_floor":[80,80,80,80,80,80,80,80,80,80,80,80,80,80,80,80,80,80,80,80,80,80,80,80,80,80,77,77,77,77,77,77],"relics":["Burning Blood","Ginger","Dream Catcher","Whetstone","Regal Pillow","Cursed Key","Happy Flower","Shuriken","Ancient Tea Set","Pen Nib"],"card_choices":[{"not_picked":["Shrug It Off","Bloodletting"],"picked":"Seeing Red"},{"not_picked":["Thunderclap","True Grit"],"picked":"Reckless Charge"},{"not_picked":["Rage","Burning Pact"],"picked":"Twin Strike"},{"not_picked":["True Grit","Berserk"],"picked":"Inflame"},{"not_picked":["Headbutt","Fire Breathing"],"picked":"Pommel Strike"},{"not_picked":["Bludgeon","Feed"],"picked":"Limit Break"},{"not_picked":["Iron Wave","Twin Strike"],"picked":"Armaments"},{"not_picked":["Headbutt","Corruption"],"picked":"Bloodletting"},{"not_picked":["Heavy Blade","True Grit"],"picked":"Flex"},{"not_picked":["Headbutt","Second Wind"],"picked":"Twin Strike"}],"player_experience":31248,"potions_floor_usage":[16,24,30,30,30],"damage_taken":[{"damage":6,"enemies":"Cultist","floor":1,"turns":3},{"damage":1,"enemies":"2 Louse","floor":2,"turns":3},{"damage":7,"enemies":"Blue Slaver","floor":6,"turns":2},{"damage":47,"enemies":"3 Sentries","floor":7,"turns":12},{"damage":18,"enemies":"Lagavulin","floor":12,"turns":3},{"damage":10,"enemies":"Looter","floor":14,"turns":2},{"damage":8,"enemies":"Slime Boss","floor":16,"turns":6},{"damage":15,"enemies":"Shell Parasite","floor":18,"turns":3},{"damage":10,"enemies":"3 Byrds","floor":21,"turns":6},{"damage":29,"enemies":"Slavers","floor":24,"turns":6},{"damage":20,"enemies":"Snecko","floor":29,"turns":4},{"damage":29,"enemies":"Centurion and Healer","floor":30,"turns":5},{"damage":0,"enemies":"Snake Plant","floor":31,"turns":2},{"damage":57,"enemies":"Champ","floor":33,"turns":6}],"event_choices":[{"event_name":"The Cleric","player_choice":"Leave","floor":4,"damage_taken":0},{"event_name":"Living Wall","player_choice":"Grow","floor":5,"damage_taken":0},{"event_name":"Dead Adventurer","player_choice":"Searched \u00271\u0027 times","floor":13,"damage_taken":0},{"event_name":"Vampires","player_choice":"Ignored","floor":22,"damage_taken":0},{"event_name":"Back to Basics","player_choice":"Elegance","floor":27,"damage_taken":0}],"boss_relics":[{"not_picked":["Runic Pyramid","Calling Bell"],"picked":"Cursed Key"}],"potions_floor_spawned":[1,12,16,18,21,29,31],"seed_played":"2659595686644391836","killed_by":"Champ","ascension_level":0,"is_trial":false}