{"gold_per_floor":[111,111,131,146,146,146,4,38,38,38,67,86,111,157,157,262,262,281,169,169,16,16,26,26,56,124,140,140,156,156,173,173,278,278,289,389,664,209,226,257,270,270,341,351,351,401,432,448,448,448],"floor_reached":51,"playtime":1834,"items_purged":["Strike_B","Heatsinks","Defend_B"],"score":918,"play_id":"ff03887d-eaa7-4428-9df5-d5008ec01592","local_time":"20190522195631","is_ascension_mode":false,"campfire_choices":[{"data":"Dualcast","floor":6,"key":"SMITH"},{"data":"Scrape","floor":10,"key":"SMITH"},{"data":"Seek","floor":15,"key":"SMITH"},{"data":"Reinforced Body","floor":24,"key":"SMITH"},{"data":"Scrape","floor":28,"key":"SMITH"},{"data":"Self Repair","floor":32,"key":"SMITH"},{"data":"Machine Learning","floor":42,"key":"SMITH"},{"data":"Go for the Eyes","floor":45,"key":"SMITH"},{"data":"BootSequence","floor":49,"key":"SMITH"}],"neow_cost":"NONE","seed_source_timestamp":508752012830100,"circlet_count":0,"master_deck":["Defend_B","Defend_B","Defend_B","Zap+1","Dualcast+1","Gash","Gash","Gash","Scrape+1","Glacier","Seek+1","Go for the Eyes+1","Static Discharge","Gash+1","Reinforced Body+1","FTL","Gash","Gash+1","Scrape+1","Self Repair+1","Rebound+1","Machine Learning+1","Gash","Gash+1","Gash+1","Leap+1","Skim+1","BootSequence+1"],"relics":["FrozenCore","Blue Candle","Pen Nib","Pantograph","Omamori","Mercury Hourglass","Bronze Scales","Gremlin Horn","Matryoshka","Smiling Mask","Black Star","Ice Cream","Membership Card","Centennial Puzzle","Pear","Shuriken","Anchor","Potion Belt","Kunai","Incense Burner","Molten Egg 2","Calipers"],"potions_floor_usage":[11,33,36,46,50,50],"damage_taken":[{"damage":1,"enemies":"Jaw Worm","floor":1,"turns":4},{"damage":1,"enemies":"Cultist","floor":3,"turns":3},{"damage":0,"enemies":"2 Louse","floor":4,"turns":2},{"damage":11,"enemies":"3 Sentries","floor":8,"turns":6},{"damage":5,"enemies":"Gremlin Nob","floor":11,"turns":3},{"damage":5,"enemies":"Blue Slaver","floor":12,"turns":3},{"damage":26,"enemies":"Lagavulin","floor":13,"turns":5},{"damage":0,"enemies":"Slime Boss","floor":16,"turns":6},{"damage":5,"enemies":"Shell Parasite","floor":18,"turns":4},{"damage":2,"enemies":"2 Thieves","floor":23,"turns":3},{"damage":5,"enemies":"Book of Stabbing","floor":25,"turns":3},{"damage":1,"enemies":"Sentry and Sphere","floor":27,"turns":3},{"damage":5,"enemies":"Snecko","floor":29,"turns":6},{"damage":0,"enemies":"3 Cultists","floor":31,"turns":4},{"damage":32,"enemies":"Collector","floor":33,"turns":6},{"damage":9,"enemies":"Orb Walker","floor":35,"turns":2},{"damage":21,"enemies":"Mind Bloom Boss Battle","floor":36,"turns":5},{"damage":11,"enemies":"3 Shapes","floor":39,"turns":2},{"damage":18,"enemies":"Reptomancer","floor":40,"turns":3},{"damage":10,"enemies":"Jaw Worm Horde","floor":41,"turns":2},{"damage":4,"enemies":"Writhing Mass","floor":44,"turns":3},{"damage":0,"enemies":"2 Orb Walkers","floor":46,"turns":3},{"damage":8,"enemies":"Giant Head","floor":47,"turns":6},{"damage":1,"enemies":"3 Darklings","floor":48,"turns":2},{"damage":0,"enemies":"Donu and Deca","floor":50,"turns":4}],"seed_played":"-7716919974647481809","potions_obtained":[{"floor":1,"key":"SkillPotion"},{"floor":8,"key":"Explosive Potion"},{"floor":16,"key":"LiquidBronze"},{"floor":25,"key":"Explosive Potion"},{"floor":31,"key":"FairyPotion"},{"floor":35,"key":"Poison Potion"},{"floor":39,"key":"Dexterity Potion"},{"floor":41,"key":"Weak Potion"},{"floor":46,"key":"GamblersBrew"},{"floor":48,"key":"FocusPotion"}],"is_trial":false,"path_per_floor":["M","?","M","M","?","R","$","E","T","R","E","M","E","T","R","B",null,"M","$","?","$","?","M","R","E","T","M","R","M","?","M","R","B",null,"M","?","?","$","M","E","M","R","T","M","R","?","E","M","R","B",null],"character_chosen":"DEFECT","items_purchased":["Scrape","Glacier","Reinforced Body","Gash","Membership Card","Centennial Puzzle","Pear"],"campfire_rested":0,"item_purchase_floors":[7,7,19,21,38,38,38],"current_hp_per_floor":[81,81,80,80,80,80,80,69,69,69,64,59,33,33,33,58,82,77,77,77,77,77,75,75,70,70,69,69,71,71,78,78,60,82,82,71,71,81,80,72,72,72,72,78,78,88,90,92,92,92],"gold":448,"neow_bonus":"TEN_PERCENT_HP_BONUS","is_prod":false,"is_daily":false,"chose_seed":false,"campfire_upgraded":9,"win_rate":0.0,"timestamp":1558572991,"path_taken":["M","?","M","?","?","R","?","E","T","R","E","?","E","?","R","BOSS","M","$","?","$","?","M","R","E","T","M","R","M","?","M","R","BOSS","M","?","?","$","M","E","?","R","T","M","R","?","E","M","R","BOSS"],"build_version":"2019-01-23","purchased_purges":3,"victory":true,"max_hp_per_floor":[82,82,82,82,82,82,82,82,82,82,82,82,82,82,82,82,82,82,82,82,82,82,82,82,82,82,82,82,82,82,82,82,82,82,82,82,82,92,92,92,92,92,92,92,92,92,92,92,92,92],"card_choices":[{"not_picked":["Rip and Tear","Steam"],"picked":"Gash","floor":1},{"not_picked":["Turbo","Streamline"],"picked":"Gash","floor":3},{"not_picked":["Cold Snap","Undo"],"picked":"Gash","floor":4},{"not_picked":["Auto Shields","Fusion","Beam Cell"],"picked":"SKIP","floor":8},{"not_picked":["Streamline","Compile Driver"],"picked":"Seek","floor":11},{"not_picked":["Turbo","Consume"],"picked":"Go for the Eyes","floor":12},{"not_picked":["Aggregate","Go for the Eyes"],"picked":"Static Discharge","floor":13},{"not_picked":["Capacitor","Chill"],"picked":"Gash+1","floor":18},{"not_picked":["Compile Driver","Coolheaded"],"picked":"Gash+1","floor":23},{"not_picked":["Turbo","Stack+1"],"picked":"Scrape","floor":25},{"not_picked":["Sunder","Rebound"],"picked":"Self Repair","floor":27},{"not_picked":["Storm+1","Glacier","Barrage"],"picked":"SKIP","floor":29},{"not_picked":["Steam","Lockon"],"picked":"Rebound+1","floor":31},{"not_picked":["Reboot","Thunder Strike"],"picked":"Machine Learning","floor":33},{"not_picked":["Fusion+1","Barrage+1"],"picked":"Gash","floor":35},{"not_picked":["Leap+1","Reprogram"],"picked":"Gash+1","floor":36},{"not_picked":["Seek","Steam"],"picked":"Gash+1","floor":39},{"not_picked":["Static Discharge","Heatsinks","Redo+1"],"picked":"SKIP","floor":40},{"not_picked":["Fusion","Go for the Eyes","Stack"],"picked":"SKIP","floor":41},{"not_picked":["FTL+1","Ball Lightning"],"picked":"Leap+1","floor":44},{"not_picked":["Scrape","Lockon+1"],"picked":"Skim+1","floor":47},{"not_picked":["Streamline+1","Defragment"],"picked":"BootSequence","floor":48}],"player_experience":31759,"relics_obtained":[{"floor":8,"key":"Pen Nib"},{"floor":9,"key":"Pantograph"},{"floor":11,"key":"Omamori"},{"floor":13,"key":"Mercury Hourglass"},{"floor":14,"key":"Bronze Scales"},{"floor":25,"key":"Gremlin Horn"},{"floor":26,"key":"Matryoshka"},{"floor":36,"key":"Ice Cream"},{"floor":40,"key":"Shuriken"},{"floor":40,"key":"Anchor"},{"floor":43,"key":"Potion Belt"},{"floor":43,"key":"Kunai"},{"floor":46,"key":"Incense Burner"},{"floor":47,"key":"Molten Egg 2"},{"floor":47,"key":"Calipers"}],"event_choices":[{"damage_healed":0,"gold_gain":0,"player_choice":"Forge","damage_taken":0,"max_hp_gain":0,"max_hp_loss":0,"event_name":"Accursed Blacksmith","floor":2,"gold_loss":0,"cards_upgraded":["Zap"]},{"damage_healed":0,"gold_gain":0,"player_choice":"Gave Potion","damage_taken":0,"relics_obtained":["Blue Candle"],"max_hp_gain":0,"max_hp_loss":0,"event_name":"WeMeetAgain","floor":5,"gold_loss":0},{"damage_healed":0,"gold_gain":0,"cards_transformed":["Strike_B","Strike_B"],"player_choice":"Became Test Subject","damage_taken":0,"max_hp_gain":0,"max_hp_loss":0,"event_name":"Drug Dealer","floor":20,"gold_loss":0,"cards_obtained":["FTL","Heatsinks"]},{"cards_removed":["Strike_B"],"damage_healed":0,"gold_gain":0,"player_choice":"Elegance","damage_taken":0,"max_hp_gain":0,"max_hp_loss":0,"event_name":"Back to Basics","floor":22,"gold_loss":0},{"damage_healed":0,"gold_gain":0,"player_choice":"Opened","damage_taken":0,"relics_obtained":["Smiling Mask"],"max_hp_gain":0,"max_hp_loss":0,"event_name":"The Mausoleum","floor":30,"gold_loss":0,"cards_obtained":["Writhe"]},{"damage_healed":0,"gold_gain":0,"player_choice":"Fight","damage_taken":0,"max_hp_gain":0,"max_hp_loss":0,"event_name":"MindBloom","floor":36,"gold_loss":0},{"damage_healed":0,"gold_gain":275,"player_choice":"Desecrate","damage_taken":0,"max_hp_gain":0,"max_hp_loss":0,"event_name":"Golden Shrine","floor":37,"gold_loss":0,"cards_obtained":["Regret"]},{"damage_healed":0,"gold_gain":0,"player_choice":"Fight","damage_taken":0,"max_hp_gain":0,"max_hp_loss":0,"event_name":"Mysterious Sphere","floor":46,"gold_loss":0}],"is_beta":false,"boss_relics":[{"not_picked":["Velvet Choker","Runic Pyramid"],"picked":"FrozenCore"},{"not_picked":["Coffee Dripper","Astrolabe"],"picked":"Black Star"}],"items_purged_floors":[19,21,38],"is_endless":false,"potions_floor_spawned":[1,8,16,25,31,35,39,41,46,48],"ascension_level":0}