{"path_per_floor":["M","M","M","?","?","R","?","M","T","E","M","M","R","M","R","B",null,"M","?","$","?","M","R","$","R","T"],"character_chosen":"IRONCLAD","items_purchased":["Whetstone","Armaments","Flex"],"gold_per_floor":[115,127,140,140,140,140,215,234,234,260,278,296,296,314,314,419,419,435,435,184,274,289,289,163,163,189],"floor_reached":27,"campfire_rested":1,"playtime":1706,"current_hp_per_floor":[80,67,68,68,68,68,57,58,58,33,31,27,27,23,47,28,80,80,80,80,40,18,18,18,18,18],"items_purged":["Strike_R","Strike_R"],"gold":189,"score":213,"play_id":"1c08cbe5-e811-42dd-9a33-a3a6d35025e3","is_prod":false,"is_daily":false,"is_ascension_mode":false,"campfire_upgraded":1,"path_taken":["M","M","M","?","?","R","?","M","T","E","M","?","R","M","R","BOSS","M","?","$","?","M","R","$","R","T","M"],"build_version":"2018-02-15-BETA1","purchased_purges":2,"victory":false,"master_deck":["Strike_R+1","Strike_R","Strike_R","Defend_R","Defend_R","Defend_R","Defend_R","Bash+1","Battle Trance","Cleave+1","Twin Strike","Battle Trance","Immolate+1","Metallicize","Wild Strike","Spot Weakness","Metallicize","Double Tap","Heavy Blade","Flame Barrier","Armaments","Panacea","Swift Strike","Deep Breath","Flex"],"max_hp_per_floor":[80,80,80,80,80,80,80,80,80,80,80,80,80,80,80,80,80,80,80,80,80,80,80,80,80,80],"relics":["Black Blood","Girya","Dream Catcher","Whetstone","Pen Nib"],"card_choices":[{"not_picked":["Headbutt","Pummel"],"picked":"Battle Trance"},{"not_picked":["True Grit","Anger"],"picked":"Cleave"},{"not_picked":["Clothesline","Thunderclap"],"picked":"Cleave"},{"not_picked":["Rupture","Twin Strike"],"picked":"Battle Trance"},{"not_picked":["Clash","Thunderclap"],"picked":"Immolate"},{"not_picked":["Uppercut","Rage"],"picked":"Metallicize"},{"not_picked":["True Grit","Rupture"],"picked":"Wild Strike"},{"not_picked":["Disarm","Warcry"],"picked":"Spot Weakness"},{"not_picked":["Thunderclap","Iron Wave"],"picked":"Metallicize"},{"not_picked":["Bludgeon","Limit Break"],"picked":"Double Tap"},{"not_picked":["True Grit","Clash"],"picked":"Heavy Blade"}],"player_experience":41689,"potions_floor_usage":[16,16,27],"damage_taken":[{"damage":2.0,"enemies":"Small Slimes","floor":1.0,"turns":4.0},{"damage":19.0,"enemies":"Jaw Worm","floor":2.0,"turns":4.0},{"damage":5.0,"enemies":"Cultist","floor":3.0,"turns":4.0},{"damage":5.0,"enemies":"Large Slime","floor":8.0,"turns":6.0},{"damage":31,"enemies":"Lagavulin","floor":10,"turns":5},{"damage":8,"enemies":"3 Louse","floor":11,"turns":2},{"damage":10,"enemies":"Looter","floor":12,"turns":2},{"damage":10,"enemies":"Gremlin Gang","floor":14,"turns":3},{"damage":25,"enemies":"Hexaghost","floor":16,"turns":8},{"damage":0,"enemies":"Chosen","floor":18,"turns":5},{"damage":32,"enemies":"Shell Parasite","floor":22,"turns":4},{"damage":18,"enemies":"Snake Plant","floor":27,"turns":2}],"event_choices":[{"event_name":"Living Wall","player_choice":"Grow","floor":4.0,"damage_taken":0.0},{"event_name":"Transmorgrifier","player_choice":"Transform","floor":5.0,"damage_taken":0.0},{"event_name":"World of Goop","player_choice":"Gather Gold","floor":7.0,"damage_taken":0.0},{"event_name":"The Library","player_choice":"Read","floor":19,"damage_taken":0},{"event_name":"Knowing Skull","player_choice":"CARD CARD CARD GOLD ","floor":21,"damage_taken":0}],"boss_relics":[{"not_picked":["Eternal Feather","Black Star"],"picked":"Black Blood"}],"potions_floor_spawned":[3,8,10,11,22],"seed_played":"8861434074985333012","killed_by":"Snake Plant","ascension_level":0,"is_trial":false}