{"path_per_floor":["M","?","?","?","?","E","R","M","T","M","M","E","M","M","R","B",null,"M","M","?","?","$","R","E"],"character_chosen":"IRONCLAD","items_purchased":["Shrug It Off+1","Body Slam"],"gold_per_floor":[113,188,188,188,188,213,213,232,257,268,288,319,333,346,346,442,442,458,468,468,468,349,349,377,377],"floor_reached":25,"campfire_rested":0,"playtime":1402,"item_purchase_floors":[22,22],"current_hp_per_floor":[78,67,67,67,67,73,73,79,79,80,80,72,78,80,80,66,77,73,56,56,56,56,56,10,0],"items_purged":["Writhe"],"gold":377,"score":371,"play_id":"7c01492f-246e-4a68-bd41-c3f3ccc173dd","local_time":"20180521015808","is_prod":false,"is_daily":false,"chose_seed":false,"is_ascension_mode":true,"campfire_upgraded":3,"timestamp":1526860688,"campfire_choices":[{"data":"Body Slam","floor":7,"key":"SMITH"},{"data":"Power Through","floor":15,"key":"SMITH"},{"data":"Body Slam","floor":23,"key":"SMITH"}],"path_taken":["M","?","?","?","?","E","R","M","T","?","M","E","M","M","R","BOSS","M","M","?","?","$","R","E","M"],"build_version":"2018-05-18","seed_source_timestamp":77106109179792,"purchased_purges":1,"victory":false,"master_deck":["Strike_R","Strike_R","Strike_R","Defend_R+1","Defend_R","Defend_R+1","Defend_R","Bash+1","Body Slam+1","Power Through+1","Entrench+1","True Grit+1","Entrench+1","Armaments+1","Headbutt","Feed","Shrug It Off+1","Body Slam+1","Intimidate+1"],"max_hp_per_floor":[80,80,80,80,80,80,80,80,80,80,80,80,80,80,80,80,80,83,86,86,86,86,86,89,89],"relics":["Burning Blood","NeowsBlessing","Toxic Egg 2","Dream Catcher","War Paint","Sozu","The Courier","Mummified Hand"],"card_choices":[{"not_picked":["Dropkick","Fire Breathing"],"picked":"Body Slam","floor":1},{"not_picked":["Second Wind","Thunderclap"],"picked":"Entrench","floor":6},{"not_picked":["Dual Wield+1","Flex+1"],"picked":"True Grit+1","floor":8},{"not_picked":["Clothesline","Searing Blow"],"picked":"Entrench+1","floor":10},{"not_picked":["Carnage","Burning Pact+1","Sword Boomerang"],"picked":"SKIP","floor":11},{"not_picked":["Headbutt","Brutality"],"picked":"Armaments+1","floor":12},{"not_picked":["Cleave","Wild Strike","Feel No Pain"],"picked":"SKIP","floor":13},{"not_picked":["Armaments+1","Warcry+1"],"picked":"Headbutt","floor":14},{"not_picked":["Reaper","Demon Form"],"picked":"Feed","floor":16},{"not_picked":["Heavy Blade","Cleave","Pommel Strike+1"],"picked":"SKIP","floor":18},{"not_picked":["Perfected Strike","Reaper","Anger"],"picked":"SKIP","floor":19},{"not_picked":["Flex+1","Anger+1"],"picked":"Intimidate+1","floor":24}],"player_experience":298634,"potions_floor_usage":[16,19,24,25],"damage_taken":[{"damage":0,"enemies":"Cultist","floor":1,"turns":1},{"damage":0,"enemies":"Lagavulin","floor":6,"turns":1},{"damage":0,"enemies":"Small Slimes","floor":8,"turns":1},{"damage":0,"enemies":"2 Louse","floor":10,"turns":3},{"damage":1,"enemies":"Looter","floor":11,"turns":4},{"damage":14,"enemies":"Gremlin Nob","floor":12,"turns":5},{"damage":0,"enemies":"2 Fungi Beasts","floor":13,"turns":5},{"damage":4,"enemies":"Blue Slaver","floor":14,"turns":3},{"damage":20,"enemies":"The Guardian","floor":16,"turns":9},{"damage":13,"enemies":"2 Thieves","floor":18,"turns":5},{"damage":26,"enemies":"3 Byrds","floor":19,"turns":8},{"damage":70,"enemies":"Slavers","floor":24,"turns":10},{"damage":19,"enemies":"Sentry and Sphere","floor":25,"turns":3}],"relics_obtained":[{"floor":6,"key":"Toxic Egg 2"},{"floor":9,"key":"Dream Catcher"},{"floor":12,"key":"War Paint"},{"floor":24,"key":"Mummified Hand"}],"event_choices":[{"event_name":"World of Goop","player_choice":"Gather Gold","floor":2,"damage_taken":0},{"event_name":"Accursed Blacksmith","player_choice":"Forge","floor":3,"damage_taken":0},{"event_name":"Living Wall","player_choice":"Forget","floor":4,"damage_taken":0},{"event_name":"Transmorgrifier","player_choice":"Transform","floor":5,"damage_taken":0},{"event_name":"The Mausoleum","player_choice":"Yes","floor":20,"damage_taken":0},{"event_name":"Ghosts","player_choice":"Ignored","floor":21,"damage_taken":0}],"boss_relics":[{"not_picked":["Cursed Key","Runic Cube"],"picked":"Sozu"}],"items_purged_floors":[22],"potions_floor_spawned":[1,6,14,16,18],"seed_played":"3210785140162979042","killed_by":"Sentry and Sphere","ascension_level":9,"potions_obtained":[{"floor":1,"key":"Regen Potion"},{"floor":6,"key":"Swift Potion"},{"floor":14,"key":"Fire Potion"},{"floor":16,"key":"PowerPotion"}],"is_trial":false}