{"gold_per_floor":[10,10,62,24,24,57,57,82,82,92,92],"floor_reached":11,"playtime":595,"items_purged":[],"score":134,"play_id":"02b7146d-3dc3-4fa3-ae23-3eda19413994","local_time":"20190521204200","is_ascension_mode":true,"campfire_choices":[{"data":"Sword Boomerang","floor":7,"key":"SMITH"}],"neow_cost":"NO_GOLD","seed_source_timestamp":578122623266228,"circlet_count":0,"master_deck":["AscendersBane","Strike_R","Strike_R","Strike_R","Strike_R","Strike_R","Defend_R","Defend_R","Defend_R+1","Defend_R","Bash","Sword Boomerang+1","Regret","Inflame+1","Thunderclap","Shrug It Off","Pummel"],"relics":["Burning Blood","Peace Pipe","Happy Flower","Centennial Puzzle","Pocketwatch","Darkstone Periapt","Ornamental Fan"],"potions_floor_usage":[8],"damage_taken":[{"damage":5,"enemies":"Small Slimes","floor":1,"turns":4},{"damage":19,"enemies":"Gremlin Nob","floor":6,"turns":3},{"damage":21,"enemies":"Lagavulin","floor":8,"turns":4},{"damage":7,"enemies":"Jaw Worm","floor":10,"turns":2},{"damage":28,"enemies":"3 Sentries","floor":11,"turns":2}],"seed_played":"-2086276955306997055","potions_obtained":[{"floor":1,"key":"Swift Potion"},{"floor":6,"key":"Weak Potion"}],"is_trial":false,"path_per_floor":["M","?","T","$","?","E","R","E","T","M","E"],"character_chosen":"IRONCLAD","items_purchased":["Inflame"],"campfire_rested":0,"item_purchase_floors":[4],"current_hp_per_floor":[69,69,69,69,54,41,41,26,26,25,0],"gold":92,"neow_bonus":"ONE_RARE_RELIC","is_prod":false,"is_daily":false,"chose_seed":false,"campfire_upgraded":1,"win_rate":0,"timestamp":1558464120,"path_taken":["M","?","?","$","?","E","R","E","T","M","E"],"build_version":"2019-05-07","purchased_purges":0,"victory":false,"max_hp_per_floor":[75,75,75,75,75,75,75,75,75,75,75],"card_choices":[{"not_picked":["Body Slam","Intimidate"],"picked":"Sword Boomerang","floor":1},{"not_picked":["Infernal Blade","Clash"],"picked":"Thunderclap","floor":6},{"not_picked":["Pommel Strike","Pummel"],"picked":"Shrug It Off","floor":8},{"not_picked":["Thunderclap","Combust"],"picked":"Pummel","floor":10}],"player_experience":415568,"relics_obtained":[{"floor":3,"key":"Centennial Puzzle"},{"floor":6,"key":"Pocketwatch"},{"floor":8,"key":"Darkstone Periapt"},{"floor":9,"key":"Ornamental Fan"}],"event_choices":[{"damage_healed":0,"gold_gain":0,"player_choice":"Box","damage_taken":0,"relics_obtained":["Happy Flower"],"max_hp_gain":0,"max_hp_loss":0,"event_name":"Big Fish","floor":2,"gold_loss":0,"cards_obtained":["Regret"]},{"damage_healed":0,"gold_gain":0,"player_choice":"Entered Light","damage_taken":15,"max_hp_gain":0,"max_hp_loss":0,"event_name":"Shining Light","floor":5,"gold_loss":0,"cards_upgraded":["Defend_R","Inflame"]}],"is_beta":true,"boss_relics":[],"items_purged_floors":[],"is_endless":false,"potions_floor_spawned":[1,6],"killed_by":"3 Sentries","ascension_level":14}