{"gold_per_floor":[115,132,47,47,47,47,75,94,94,121,121,46,46,46,46,119,119,139,13,13,32,32,32,42,54,54,81,81],"floor_reached":28,"playtime":896,"items_purged":["Strike_B"],"score":511,"play_id":"45b21fc5-54d8-43bf-b84d-3df2f8ea8d08","local_time":"20190426022445","is_ascension_mode":true,"campfire_choices":[{"data":"Loop","floor":6,"key":"SMITH"},{"floor":11,"key":"REST"},{"data":"Sunder","floor":13,"key":"SMITH"},{"floor":15,"key":"REST"},{"floor":23,"key":"REST"}],"neow_cost":"NONE","seed_source_timestamp":355436014192367,"circlet_count":0,"master_deck":["AscendersBane","Strike_B","Strike_B","Defend_B","Defend_B","Defend_B","Defend_B","Zap","Dualcast","Cold Snap","BootSequence","Loop+1","Rainbow","Consume","Hologram","Sunder+1","Heatsinks+1","Creative AI+1","Coolheaded","Defragment+1","Cold Snap","Decay","Defragment+1","Glacier","Coolheaded","Echo Form+1"],"special_seed":0,"relics":["FrozenCore","NeowsBlessing","Frozen Egg 2","Dream Catcher","Symbiotic Virus","Vajra","StoneCalendar","Anchor"],"potions_floor_usage":[10],"damage_taken":[{"damage":0.0,"enemies":"Small Slimes","floor":1.0,"turns":1.0},{"damage":0.0,"enemies":"2 Louse","floor":2.0,"turns":1.0},{"damage":0,"enemies":"3 Sentries","floor":7,"turns":1},{"damage":0,"enemies":"Jaw Worm","floor":8,"turns":3},{"damage":51,"enemies":"Gremlin Nob","floor":10,"turns":6},{"damage":26,"enemies":"The Guardian","floor":16,"turns":8},{"damage":21,"enemies":"3 Byrds","floor":18,"turns":4},{"damage":14,"enemies":"2 Thieves","floor":21,"turns":5},{"damage":13,"enemies":"Centurion and Healer","floor":24,"turns":7},{"damage":7,"enemies":"Sentry and Sphere","floor":25,"turns":8},{"damage":12,"enemies":"Slavers","floor":27,"turns":7},{"damage":17,"enemies":"Snake Plant","floor":28,"turns":3}],"seed_played":"-3824492421198068067","potions_obtained":[{"floor":2.0,"key":"SteroidPotion"},{"floor":8,"key":"FocusPotion"},{"floor":10,"key":"Strength Potion"},{"floor":16,"key":"Dexterity Potion"}],"is_trial":false,"path_per_floor":["M","M","$","?","?","R","E","M","T","E","R","$","R","?","R","B",null,"M","$","?","M","$","R","M","M","T","E","M"],"character_chosen":"DEFECT","items_purchased":["Loop","Defragment+1","Cold Snap"],"campfire_rested":3,"item_purchase_floors":[3,19,19],"current_hp_per_floor":[64,64,64,57,57,57,57,57,57,6,27,27,27,22,43,17,58,37,37,37,23,23,44,31,24,24,12,0],"gold":81,"neow_bonus":"THREE_ENEMY_KILL","is_prod":false,"is_daily":false,"chose_seed":false,"campfire_upgraded":2,"win_rate":0,"timestamp":1556213085,"path_taken":["M","M","$","?","?","R","E","M","T","E","R","?","R","?","R","BOSS","M","$","?","M","$","R","M","M","T","E","M"],"build_version":"2019-01-23","purchased_purges":1,"victory":false,"max_hp_per_floor":[71,71,71,71,71,71,71,71,71,71,71,71,71,71,71,71,71,71,71,71,71,71,71,71,71,71,71,71],"card_choices":[{"not_picked":["BootSequence","Doom and Gloom"],"picked":"Cold Snap","floor":1.0},{"not_picked":["Turbo","Beam Cell"],"picked":"BootSequence","floor":2.0},{"not_picked":["Beam Cell","Coolheaded"],"picked":"Rainbow","floor":7},{"not_picked":["Ball Lightning","Streamline"],"picked":"Consume","floor":8},{"not_picked":["Scrape","Static Discharge+1"],"picked":"Hologram","floor":10},{"not_picked":["Hologram","White Noise"],"picked":"Sunder","floor":11},{"not_picked":["Stack","Sunder"],"picked":"Heatsinks+1","floor":15},{"not_picked":["Biased Cognition+1","Multi-Cast"],"picked":"Creative AI+1","floor":16},{"not_picked":["Cold Snap","Go for the Eyes"],"picked":"Coolheaded","floor":18},{"not_picked":["Double Energy","Hello World+1"],"picked":"Defragment+1","floor":21},{"not_picked":["Hello World+1","White Noise"],"picked":"Glacier","floor":23},{"not_picked":["Barrage","Reinforced Body"],"picked":"Coolheaded","floor":24},{"not_picked":["Redo","Beam Cell","Aggregate"],"picked":"SKIP","floor":25},{"not_picked":["Gash","Conserve Battery"],"picked":"Echo Form+1","floor":27}],"player_experience":286590,"relics_obtained":[{"floor":7,"key":"Frozen Egg 2"},{"floor":9,"key":"Dream Catcher"},{"floor":10,"key":"Symbiotic Virus"},{"floor":26,"key":"StoneCalendar"},{"floor":27,"key":"Anchor"}],"event_choices":[{"cards_removed":["Strike_B"],"damage_healed":0.0,"max_hp_gain":0.0,"max_hp_loss":0.0,"gold_gain":0.0,"event_name":"Golden Wing","player_choice":"Card Removal","floor":4.0,"gold_loss":0.0,"damage_taken":7.0},{"damage_healed":0,"gold_gain":0,"player_choice":"Ignored","damage_taken":0,"max_hp_gain":0,"max_hp_loss":0,"event_name":"Shining Light","floor":5,"gold_loss":0},{"damage_healed":0,"gold_gain":0,"player_choice":"Success","damage_taken":5,"relics_obtained":["Vajra"],"max_hp_gain":0,"max_hp_loss":0,"event_name":"Scrap Ooze","floor":14,"gold_loss":0},{"damage_healed":0,"gold_gain":0,"player_choice":"Smashed Altar","damage_taken":0,"max_hp_gain":0,"max_hp_loss":0,"event_name":"Forgotten Altar","floor":20,"gold_loss":0,"cards_obtained":["Decay"]}],"is_beta":false,"boss_relics":[{"not_picked":["Busted Crown","Nuclear Battery"],"picked":"FrozenCore"}],"items_purged_floors":[12],"is_endless":false,"potions_floor_spawned":[2,8,10,16,24],"killed_by":"Snake Plant","ascension_level":18}