{"gold_per_floor":[117,42,55,135,149,179,179,208,208,208,208,240,240,253,253,346,346,359,397,65,78,78,117,117,160,160,35,49,49,49,65,65,160,160,179,26,26,44,69,104,104,137,137,153,153,153,184,197,197,197],"floor_reached":51,"playtime":2835,"items_purged":["Defend_R","Injury","Strike_R"],"score":1497,"play_id":"3416e2ab-caef-449f-b5cc-96a363a8c696","local_time":"20190521213224","is_ascension_mode":true,"campfire_choices":[{"floor":10.0,"key":"REST"},{"floor":15.0,"key":"REST"},{"data":"Limit Break","floor":24.0,"key":"SMITH"},{"data":"Heavy Blade","floor":29.0,"key":"SMITH"},{"floor":32.0,"key":"REST"},{"floor":41.0,"key":"REST"},{"floor":49,"key":"REST"}],"neow_cost":"NONE","seed_source_timestamp":578732959307419,"circlet_count":0,"master_deck":["AscendersBane","Strike_R","Strike_R+1","Strike_R","Defend_R","Defend_R+1","Defend_R+1","Bash+1","Thunderclap","Headbutt","Anger","Intimidate","Spot Weakness","Infernal Blade","Limit Break+1","Sword Boomerang+1","Rage+1","Inflame","Heavy Blade+1","Whirlwind+1","Uppercut+1","Iron Wave+1","RitualDagger+1","Double Tap","Barricade","Body Slam+1","Writhe","Battle Trance","Infernal Blade+1","Limit Break","Dropkick+1","Doubt","Metallicize","Body Slam+1"],"special_seed":0,"relics":["Burning Blood","NeowsBlessing","Kunai","Lantern","War Paint","Ornamental Fan","Blood Vial","Bag of Preparation","Golden Idol","Philosopher\u0027s Stone","Red Mask","Sling","Molten Egg 2","Dream Catcher","Matryoshka","Sozu","Juzu Bracelet","Centennial Puzzle","Pantograph","Gremlin Horn","Anchor","Regal Pillow"],"potions_floor_usage":[],"damage_taken":[{"damage":0.0,"enemies":"Cultist","floor":1.0,"turns":1.0},{"damage":0.0,"enemies":"2 Louse","floor":3.0,"turns":1.0},{"damage":0.0,"enemies":"Small Slimes","floor":5.0,"turns":1.0},{"damage":42.0,"enemies":"Lagavulin","floor":6.0,"turns":6.0},{"damage":16.0,"enemies":"Gremlin Nob","floor":8.0,"turns":4.0},{"damage":17.0,"enemies":"3 Sentries","floor":12.0,"turns":7.0},{"damage":0.0,"enemies":"3 Louse","floor":14.0,"turns":3.0},{"damage":35.0,"enemies":"The Guardian","floor":16.0,"turns":9.0},{"damage":12.0,"enemies":"Shell Parasite","floor":18.0,"turns":3.0},{"damage":16.0,"enemies":"Masked Bandits","floor":19.0,"turns":4.0},{"damage":2.0,"enemies":"Chosen","floor":21.0,"turns":3.0},{"damage":0.0,"enemies":"Slavers","floor":23.0,"turns":2.0},{"damage":42.0,"enemies":"Gremlin Leader","floor":25.0,"turns":4.0},{"damage":14.0,"enemies":"Snake Plant","floor":28.0,"turns":2.0},{"damage":17.0,"enemies":"Shelled Parasite and Fungi","floor":31.0,"turns":2.0},{"damage":0.0,"enemies":"Collector","floor":33.0,"turns":6.0},{"damage":8.0,"enemies":"Orb Walker","floor":35.0,"turns":2.0},{"damage":11.0,"enemies":"3 Darklings","floor":38.0,"turns":3.0},{"damage":18.0,"enemies":"4 Shapes","floor":39.0,"turns":5.0},{"damage":59.0,"enemies":"Nemesis","floor":40.0,"turns":5.0},{"damage":0.0,"enemies":"Giant Head","floor":42.0,"turns":5.0},{"damage":31.0,"enemies":"Maw","floor":44.0,"turns":6.0},{"damage":18.0,"enemies":"Nemesis","floor":47.0,"turns":5.0},{"damage":24,"enemies":"3 Darklings","floor":48,"turns":4},{"damage":61,"enemies":"Awakened One","floor":50,"turns":8}],"seed_played":"8214418484352803827","potions_obtained":[{"floor":1.0,"key":"EntropicBrew"},{"floor":3.0,"key":"EssenceOfSteel"},{"floor":8.0,"key":"Energy Potion"},{"floor":18.0,"key":"Swift Potion"},{"floor":19.0,"key":"PowerPotion"},{"floor":25.0,"key":"LiquidBronze"},{"floor":33.0,"key":"Swift Potion"}],"is_trial":false,"path_per_floor":["M","$","M","T","M","E","?","E","T","R","?","E","?","M","R","B",null,"M","?","$","M","?","E","R","E","T","$","M","R","?","M","R","B",null,"M","$","?","M","M","E","R","E","T","M","?","?","E","M","R","B",null],"character_chosen":"IRONCLAD","items_purchased":["Sling","Inflame","Juzu Bracelet"],"campfire_rested":5,"item_purchase_floors":[20,20,36],"current_hp_per_floor":[74,74,75,75,75,39,39,29,29,51,36,27,27,35,57,30,64,60,52,52,58,58,66,66,32,32,32,26,26,20,11,33,41,67,67,67,75,70,60,9,31,39,39,16,16,75,63,47,75,20],"gold":197,"neow_bonus":"THREE_ENEMY_KILL","is_prod":false,"is_daily":false,"chose_seed":false,"campfire_upgraded":2,"win_rate":0,"timestamp":1558467144,"path_taken":["M","$","?","?","M","E","?","E","T","R","?","E","?","M","R","BOSS","M","?","$","M","?","E","R","E","T","?","M","R","?","M","R","BOSS","M","$","?","M","M","E","R","E","T","M","?","?","E","M","R","BOSS"],"build_version":"2019-05-07","purchased_purges":3,"victory":true,"max_hp_per_floor":[75,75,75,75,75,75,75,75,75,75,75,75,75,75,75,75,75,75,75,75,75,75,75,75,75,75,75,75,75,75,75,75,75,75,75,75,75,75,75,75,75,75,75,75,75,75,75,75,75,75],"card_choices":[{"not_picked":["Power Through","Warcry"],"picked":"Thunderclap","floor":1.0},{"not_picked":["Blood for Blood","Heavy Blade"],"picked":"Headbutt","floor":3.0},{"not_picked":["Flame Barrier","Intimidate"],"picked":"Anger","floor":5.0},{"not_picked":["Seeing Red","Headbutt","Wild Strike"],"picked":"SKIP","floor":6.0},{"not_picked":["Sword Boomerang","Rupture"],"picked":"Intimidate","floor":8.0},{"not_picked":["Fire Breathing","Clash"],"picked":"Spot Weakness","floor":12.0},{"not_picked":["Fire Breathing","Combust"],"picked":"Infernal Blade","floor":14.0},{"not_picked":["Bludgeon","Immolate"],"picked":"Limit Break","floor":16.0},{"not_picked":["Armaments","Thunderclap"],"picked":"Sword Boomerang+1","floor":18.0},{"not_picked":["Bloodletting","Burning Pact"],"picked":"Rage+1","floor":19.0},{"not_picked":["Anger","Seeing Red"],"picked":"Heavy Blade","floor":21.0},{"not_picked":["Corruption","Blood for Blood"],"picked":"Whirlwind","floor":23.0},{"not_picked":["Disarm","Anger+1"],"picked":"Uppercut+1","floor":25.0},{"not_picked":["Pommel Strike+1","Second Wind"],"picked":"Iron Wave+1","floor":28.0},{"not_picked":["Armaments","Warcry"],"picked":"Double Tap","floor":31.0},{"not_picked":["Dark Embrace","Offering"],"picked":"Barricade","floor":33.0},{"not_picked":["Perfected Strike+1","Whirlwind+1"],"picked":"Body Slam+1","floor":35.0},{"not_picked":["Cleave+1","Heavy Blade+1"],"picked":"Battle Trance","floor":38.0},{"not_picked":["Flex","Hemokinesis+1"],"picked":"Infernal Blade+1","floor":39.0},{"not_picked":["Hemokinesis+1","Clash+1","Combust"],"picked":"SKIP","floor":40.0},{"not_picked":["Warcry+1","Wild Strike+1"],"picked":"Limit Break","floor":42.0},{"not_picked":["Cleave+1","Wild Strike+1"],"picked":"Dropkick+1","floor":44.0},{"not_picked":["Burning Pact","Whirlwind+1"],"picked":"Metallicize","floor":47.0},{"not_picked":["True Grit","Clash+1","Perfected Strike+1"],"picked":"SKIP","floor":48},{"not_picked":["Twin Strike+1","True Grit"],"picked":"Body Slam+1","floor":49}],"player_experience":416163,"relics_obtained":[{"floor":4.0,"key":"Kunai"},{"floor":6.0,"key":"Lantern"},{"floor":8.0,"key":"Ornamental Fan"},{"floor":9.0,"key":"Blood Vial"},{"floor":12.0,"key":"Bag of Preparation"},{"floor":19.0,"key":"Red Mask"},{"floor":23.0,"key":"Molten Egg 2"},{"floor":25.0,"key":"Dream Catcher"},{"floor":26.0,"key":"Matryoshka"},{"floor":40.0,"key":"Centennial Puzzle"},{"floor":42.0,"key":"Pantograph"},{"floor":43.0,"key":"Gremlin Horn"},{"floor":43.0,"key":"Anchor"},{"floor":47.0,"key":"Regal Pillow"}],"event_choices":[{"damage_healed":0.0,"max_hp_gain":0.0,"max_hp_loss":0.0,"gold_gain":0.0,"event_name":"Dead Adventurer","player_choice":"Searched \u00272\u0027 times","floor":7.0,"gold_loss":0.0,"damage_taken":0.0,"relics_obtained":["War Paint"]},{"damage_healed":0.0,"max_hp_gain":0.0,"max_hp_loss":0.0,"gold_gain":0.0,"event_name":"Shining Light","player_choice":"Entered Light","floor":11.0,"gold_loss":0.0,"damage_taken":15.0,"cards_upgraded":["Bash","Strike_R"]},{"damage_healed":0.0,"max_hp_gain":0.0,"max_hp_loss":0.0,"gold_gain":0.0,"event_name":"Golden Idol","player_choice":"Take Wound","floor":13.0,"gold_loss":0.0,"damage_taken":0.0,"relics_obtained":["Golden Idol"],"cards_obtained":["Injury"]},{"damage_healed":0.0,"max_hp_gain":0.0,"max_hp_loss":0.0,"gold_gain":0.0,"event_name":"Masked Bandits","player_choice":"Fought Bandits","floor":19.0,"gold_loss":0.0,"damage_taken":0.0},{"damage_healed":0.0,"max_hp_gain":0.0,"max_hp_loss":0.0,"gold_gain":0.0,"event_name":"Ghosts","player_choice":"Ignored","floor":22.0,"gold_loss":0.0,"damage_taken":0.0},{"damage_healed":0.0,"max_hp_gain":0.0,"max_hp_loss":0.0,"gold_gain":0.0,"event_name":"Nest","player_choice":"Joined the Cult","floor":30.0,"gold_loss":0.0,"damage_taken":6.0,"cards_obtained":["RitualDagger"]},{"damage_healed":19.0,"max_hp_gain":0.0,"max_hp_loss":0.0,"gold_gain":0.0,"event_name":"Winding Halls","player_choice":"Writhe","floor":37.0,"gold_loss":0.0,"damage_taken":0.0,"cards_obtained":["Writhe"]},{"cards_removed":["Strike_R"],"damage_healed":0.0,"max_hp_gain":0.0,"max_hp_loss":0.0,"gold_gain":0.0,"event_name":"Falling","player_choice":"Removed Attack","floor":45.0,"gold_loss":0.0,"damage_taken":0.0},{"damage_healed":59.0,"max_hp_gain":0.0,"max_hp_loss":0.0,"gold_gain":0.0,"event_name":"MindBloom","player_choice":"Heal","floor":46.0,"gold_loss":0.0,"damage_taken":0.0,"cards_obtained":["Doubt"]}],"is_beta":true,"boss_relics":[{"not_picked":["Eternal Feather","Runic Pyramid"],"picked":"Philosopher\u0027s Stone"},{"not_picked":["Calling Bell","Cursed Key"],"picked":"Sozu"}],"items_purged_floors":[2,20,27],"is_endless":false,"potions_floor_spawned":[1,3,8,18,19,21,25,33,38,42,48],"ascension_level":14}