{"gold_per_floor":[113,125,143,318,318,318,318,318,318,343,357,357,30,64,64,163,163,183,200,200,200,213,213,246,259,283,283,383,308,139,152,152,255,255,274,674,674,690,154,170,170,196,196,206,30,46,62,62,62,164,164,183,30,205,216,216,216,230,243,270,281,281,292,310,325,325,421,421,440,458,458,113,133,144,175,175,203,203,222,238,254,269,269,269],"floor_reached":84,"playtime":4837,"items_purged":["Strike_B","Strike_B","Pain","Writhe","Defend_B"],"score":1597,"play_id":"aee30ef0-92f2-4a40-8c11-c5532158773b","local_time":"20190513160127","daily_mods":["Heirloom"],"is_ascension_mode":false,"campfire_choices":[{"data":"Zap","floor":6.0,"key":"SMITH"},{"data":"Dualcast","floor":8.0,"key":"SMITH"},{"data":"Genetic Algorithm","floor":12.0,"key":"SMITH"},{"floor":15.0,"key":"REST"},{"data":"Defragment","floor":23.0,"key":"SMITH"},{"floor":27.0,"key":"REST"},{"floor":32.0,"key":"REST"},{"data":"Buffer","floor":41.0,"key":"SMITH"},{"data":"FTL","floor":49.0,"key":"SMITH"},{"data":"Fission","floor":57,"key":"SMITH"},{"data":"Static Discharge","floor":66,"key":"SMITH"},{"floor":78,"key":"REST"},{"floor":83,"key":"REST"}],"neow_cost":"","seed_source_timestamp":0,"circlet_count":0,"master_deck":["Strike_B","Defend_B","Defend_B","Defend_B","Zap+1","Dualcast+1","Coolheaded","Ball Lightning","Hologram","Genetic Algorithm+1","BootSequence","Gash","Electrodynamics","Cold Snap+1","Thunder Strike","Defragment+1","Storm+1","Static Discharge+1","Gash","Conserve Battery+1","FTL+1","Cold Snap","Buffer+1","Steam+1","Cold Snap+1","Reinforced Body","Compile Driver+1","All For One+1","Static Discharge+1","Gash+1","Gash+1","Scrape+1","Leap+1","Fission+1","Cold Snap+1","Defragment+1","Rebound+1","Coolheaded+1","Core Surge+1","Gash+1","Cold Snap+1","Lockon+1","Steam Power","Compile Driver+1","FTL+1","Conserve Battery","Reboot","Barrage+1","Double Energy+1","Buffer","Coolheaded","Cold Snap+1","Cold Snap+1"],"special_seed":0,"relics":["Cracked Core","Ginger","Symbiotic Virus","Bottled Lightning","Meat on the Bone","Lantern","Anchor","Inserter","WingedGreaves","Art of War","Ice Cream","Sundial","Calling Bell","Strawberry","Molten Egg 2","StoneCalendar","Old Coin","Emotion Chip","Bronze Scales","DataDisk","Orrery","Smiling Mask","White Beast Statue","Omamori","Regal Pillow"],"potions_floor_usage":[65,74,84,84,84],"damage_taken":[{"damage":0.0,"enemies":"Cultist","floor":1.0,"turns":4.0},{"damage":6.0,"enemies":"Jaw Worm","floor":2.0,"turns":3.0},{"damage":1.0,"enemies":"Small Slimes","floor":3.0,"turns":3.0},{"damage":36.0,"enemies":"Gremlin Nob","floor":10.0,"turns":5.0},{"damage":5.0,"enemies":"Gremlin Gang","floor":11.0,"turns":2.0},{"damage":23.0,"enemies":"Lagavulin","floor":14.0,"turns":5.0},{"damage":36.0,"enemies":"Hexaghost","floor":16.0,"turns":10.0},{"damage":5.0,"enemies":"Shell Parasite","floor":18.0,"turns":7.0},{"damage":15.0,"enemies":"Spheric Guardian","floor":19.0,"turns":4.0},{"damage":1.0,"enemies":"Snecko","floor":22.0,"turns":5.0},{"damage":8.0,"enemies":"Slavers","floor":24.0,"turns":4.0},{"damage":4.0,"enemies":"Snake Plant","floor":25.0,"turns":3.0},{"damage":25.0,"enemies":"Colosseum Slavers","floor":28.0,"turns":3.0},{"damage":14.0,"enemies":"Colosseum Nobs","floor":28.0,"turns":3.0},{"damage":9.0,"enemies":"Centurion and Healer","floor":31.0,"turns":3.0},{"damage":35.0,"enemies":"Automaton","floor":33.0,"turns":7.0},{"damage":8.0,"enemies":"Orb Walker","floor":35.0,"turns":4.0},{"damage":36.0,"enemies":"Mind Bloom Boss Battle","floor":36.0,"turns":8.0},{"damage":15.0,"enemies":"3 Darklings","floor":38.0,"turns":3.0},{"damage":5.0,"enemies":"Sphere and 2 Shapes","floor":40.0,"turns":4.0},{"damage":2.0,"enemies":"Transient","floor":44.0,"turns":5.0},{"damage":6.0,"enemies":"4 Shapes","floor":46.0,"turns":3.0},{"damage":30.0,"enemies":"Writhing Mass","floor":47.0,"turns":5.0},{"damage":39.0,"enemies":"Time Eater","floor":50.0,"turns":10.0},{"damage":1.0,"enemies":"Cultist","floor":52.0,"turns":2.0},{"damage":0,"enemies":"Jaw Worm","floor":55,"turns":2},{"damage":0,"enemies":"2 Louse","floor":58,"turns":2},{"damage":0,"enemies":"Looter","floor":59,"turns":3},{"damage":2,"enemies":"Lagavulin","floor":60,"turns":3},{"damage":8,"enemies":"Exordium Thugs","floor":61,"turns":3},{"damage":0,"enemies":"Red Slaver","floor":63,"turns":3},{"damage":4,"enemies":"2 Fungi Beasts","floor":64,"turns":2},{"damage":8,"enemies":"Exordium Thugs","floor":65,"turns":2},{"damage":12,"enemies":"The Guardian","floor":67,"turns":7},{"damage":6,"enemies":"2 Thieves","floor":69,"turns":2},{"damage":0,"enemies":"Chosen","floor":70,"turns":3},{"damage":1,"enemies":"3 Cultists","floor":73,"turns":5},{"damage":0,"enemies":"Snake Plant","floor":74,"turns":3},{"damage":0,"enemies":"Gremlin Leader","floor":75,"turns":4},{"damage":27,"enemies":"Book of Stabbing","floor":77,"turns":3},{"damage":19,"enemies":"Chosen and Byrds","floor":79,"turns":5},{"damage":0,"enemies":"3 Cultists","floor":80,"turns":4},{"damage":26,"enemies":"Snake Plant","floor":81,"turns":4},{"damage":6,"enemies":"Centurion and Healer","floor":82,"turns":3},{"damage":88,"enemies":"Automaton","floor":84,"turns":6}],"seed_played":"-2922661151323699638","potions_obtained":[{"floor":1.0,"key":"PowerPotion"},{"floor":2.0,"key":"Ancient Potion"},{"floor":10.0,"key":"Block Potion"},{"floor":11.0,"key":"PowerPotion"},{"floor":18.0,"key":"Swift Potion"},{"floor":22.0,"key":"Fruit Juice"},{"floor":24.0,"key":"Weak Potion"},{"floor":31.0,"key":"FearPotion"},{"floor":33.0,"key":"SteroidPotion"},{"floor":38.0,"key":"Block Potion"},{"floor":46.0,"key":"PowerPotion"},{"floor":55,"key":"Explosive Potion"},{"floor":59,"key":"Fire Potion"},{"floor":60,"key":"SkillPotion"},{"floor":67,"key":"SpeedPotion"},{"floor":73,"key":"Swift Potion"},{"floor":74,"key":"Explosive Potion"},{"floor":76,"key":"SkillPotion"},{"floor":80,"key":"AttackPotion"}],"is_trial":true,"path_per_floor":["M","M","M","?","?","R","?","R","T","E","M","R","$","E","R","B",null,"M","M","?","?","M","R","E","M","T","R","?","?","$","M","R","B",null,"M","?","?","M","$","M","R","T","T","M","$","M","M","?","R","B",null,"M","$","?","M","?","R","M","M","E","M","?","M","M","M","R","B",null,"M","M","?","$","M","M","E","?","E","R","M","M","M","M","R","B"],"character_chosen":"DEFECT","items_purchased":["Lantern","EntropicBrew","FTL","Emotion Chip","Compile Driver+1","All For One+1","Gash+1","Gash+1","Cold Snap+1","PowerPotion","Omamori","Regal Pillow"],"campfire_rested":5,"item_purchase_floors":[13,13,30,39,39,39,45,53,53,53,72,72],"current_hp_per_floor":[75,69,68,68,68,68,68,68,68,32,39,39,39,28,50,26,75,70,55,55,55,59,59,51,47,47,71,44,44,44,47,71,48,87,79,55,47,44,44,51,51,51,51,49,49,55,37,76,76,49,76,75,75,75,75,75,75,75,75,73,65,65,65,61,53,53,41,73,67,67,67,67,66,66,66,66,39,73,54,54,40,46,73,0],"gold":269,"neow_bonus":"","is_prod":false,"is_daily":false,"chose_seed":false,"campfire_upgraded":8,"win_rate":0,"timestamp":1557777687,"path_taken":["M","?","M","?","?","R","?","R","T","E","?","R","$","E","R","BOSS","M","?","?","?","M","R","E","M","T","R","?","?","?","M","R","BOSS","M","?","?","?","$","?","R","?","T","M","$","M","M","?","R","BOSS","M","$","?","M","?","R","?","M","E","M","?","?","M","M","R","BOSS","M","M","?","$","M","M","E","?","E","R","M","?","M","M","R","BOSS"],"build_version":"2019-01-23","purchased_purges":5,"victory":false,"max_hp_per_floor":[75,75,75,75,75,75,75,75,75,75,75,75,75,75,75,75,75,75,75,75,75,80,80,80,80,80,80,80,80,80,80,80,80,87,87,87,87,87,87,87,87,87,87,87,87,87,87,76,76,76,76,76,76,76,76,76,76,76,76,76,76,73,73,73,73,73,73,73,73,73,73,73,73,73,73,73,73,73,73,73,73,73,73,73],"card_choices":[{"not_picked":["Blizzard","Barrage"],"picked":"Coolheaded","floor":1.0},{"not_picked":["Rebound","Scrape"],"picked":"Ball Lightning","floor":2.0},{"not_picked":["Reboot","White Noise"],"picked":"Hologram","floor":3.0},{"not_picked":["Barrage","Hyperbeam"],"picked":"Genetic Algorithm","floor":10.0},{"not_picked":["Stack","Hologram"],"picked":"BootSequence","floor":11.0},{"not_picked":["Force Field","Beam Cell"],"picked":"Gash","floor":14.0},{"not_picked":["Creative AI","Meteor Strike"],"picked":"Electrodynamics","floor":16.0},{"not_picked":["Steam","Conserve Battery"],"picked":"Cold Snap+1","floor":18.0},{"not_picked":["Barrage","Sweeping Beam"],"picked":"Thunder Strike","floor":19.0},{"not_picked":["Darkness","Streamline+1"],"picked":"Storm+1","floor":22.0},{"not_picked":["Recycle+1","Lockon"],"picked":"Static Discharge+1","floor":24.0},{"not_picked":["Turbo+1","Force Field+1"],"picked":"Gash","floor":25.0},{"not_picked":["Redo+1","Coolheaded"],"picked":"Conserve Battery+1","floor":28.0},{"not_picked":["Force Field","Sweeping Beam"],"picked":"Cold Snap","floor":31.0},{"not_picked":["Meteor Strike","Electrodynamics"],"picked":"Buffer","floor":33.0},{"not_picked":["Reprogram","Ball Lightning+1"],"picked":"Steam+1","floor":35.0},{"not_picked":["Stack","Chill+1"],"picked":"Cold Snap+1","floor":36.0},{"not_picked":["Turbo","Genetic Algorithm+1"],"picked":"Reinforced Body","floor":38.0},{"not_picked":["Ball Lightning+1","Genetic Algorithm"],"picked":"Static Discharge","floor":40.0},{"not_picked":["Hologram+1","Reboot"],"picked":"Gash+1","floor":44.0},{"not_picked":["Ball Lightning+1","Hello World+1"],"picked":"Scrape+1","floor":46.0},{"not_picked":["Scrape+1","Rebound+1"],"picked":"Leap+1","floor":47.0},{"not_picked":["Electrodynamics","Rainbow"],"picked":"Fission","floor":50.0},{"not_picked":["Turbo+1","Lockon+1"],"picked":"Cold Snap+1","floor":51.0},{"not_picked":["Coolheaded+1","Conserve Battery+1"],"picked":"Defragment+1","floor":51.0},{"not_picked":["Melter+1","Streamline+1"],"picked":"Rebound+1","floor":51.0},{"not_picked":["Sweeping Beam+1","Hologram+1"],"picked":"Coolheaded+1","floor":51.0},{"not_picked":["Genetic Algorithm","Cold Snap+1"],"picked":"Core Surge+1","floor":52.0},{"not_picked":["Cold Snap+1","Rebound+1"],"picked":"Lockon+1","floor":55},{"not_picked":["Hologram","Sweeping Beam+1","Stack"],"picked":"SKIP","floor":58},{"not_picked":["Stack","Genetic Algorithm","Go for the Eyes+1"],"picked":"SKIP","floor":59},{"not_picked":["Leap","Thunder Strike+1"],"picked":"Steam Power","floor":60},{"not_picked":["Cold Snap+1","Force Field"],"picked":"Compile Driver+1","floor":61},{"not_picked":["Chaos","Rebound+1","Darkness"],"picked":"SKIP","floor":63},{"not_picked":["Rebound+1","Compile Driver+1"],"picked":"FTL+1","floor":64},{"not_picked":["Ball Lightning+1","Fusion"],"picked":"Conserve Battery","floor":65},{"not_picked":["Seek","Fission"],"picked":"Reboot","floor":67},{"not_picked":["Gash+1","Turbo"],"picked":"Barrage+1","floor":69},{"not_picked":["Lockon+1","Redo+1"],"picked":"Double Energy+1","floor":70},{"not_picked":["Undo","Steam","Ball Lightning+1"],"picked":"SKIP","floor":73},{"not_picked":["Sweeping Beam+1","Fusion"],"picked":"Buffer","floor":74},{"not_picked":["Streamline+1","Cold Snap+1","Go for the Eyes+1"],"picked":"SKIP","floor":75},{"not_picked":["Force Field","Ball Lightning+1"],"picked":"Coolheaded","floor":77},{"not_picked":["Static Discharge","Leap"],"picked":"Cold Snap+1","floor":79},{"not_picked":["Rebound+1","Force Field+1","Buffer"],"picked":"SKIP","floor":80},{"not_picked":["Fusion","Turbo+1"],"picked":"Cold Snap+1","floor":81},{"not_picked":["Leap","Scrape+1","Ball Lightning+1"],"picked":"SKIP","floor":82}],"player_experience":295296,"relics_obtained":[{"floor":9.0,"key":"Bottled Lightning"},{"floor":10.0,"key":"Meat on the Bone"},{"floor":14.0,"key":"Anchor"},{"floor":24.0,"key":"WingedGreaves"},{"floor":26.0,"key":"Art of War"},{"floor":28.0,"key":"Ice Cream"},{"floor":28.0,"key":"Sundial"},{"floor":34.0,"key":"Strawberry"},{"floor":34.0,"key":"Molten Egg 2"},{"floor":34.0,"key":"StoneCalendar"},{"floor":36.0,"key":"Old Coin"},{"floor":42.0,"key":"Bronze Scales"},{"floor":43.0,"key":"DataDisk"}],"event_choices":[{"damage_healed":0.0,"max_hp_gain":0.0,"max_hp_loss":0.0,"gold_gain":175.0,"event_name":"Liars Game","player_choice":"AGREE","floor":4.0,"gold_loss":0.0,"damage_taken":0.0,"cards_obtained":["Doubt"]},{"cards_removed":["Doubt"],"damage_healed":0.0,"max_hp_gain":0.0,"max_hp_loss":0.0,"gold_gain":0.0,"event_name":"Living Wall","player_choice":"Forget","floor":5.0,"gold_loss":0.0,"damage_taken":0.0},{"damage_healed":0.0,"max_hp_gain":0.0,"max_hp_loss":0.0,"gold_gain":0.0,"event_name":"WeMeetAgain","player_choice":"Gave Potion","floor":7.0,"gold_loss":0.0,"damage_taken":0.0,"relics_obtained":["Symbiotic Virus"]},{"damage_healed":0.0,"max_hp_gain":0.0,"max_hp_loss":0.0,"gold_gain":0.0,"event_name":"Vampires","player_choice":"Ignored","floor":20.0,"gold_loss":0.0,"damage_taken":0.0},{"damage_healed":0.0,"max_hp_gain":0.0,"max_hp_loss":0.0,"gold_gain":0.0,"event_name":"The Library","player_choice":"Read","floor":21.0,"gold_loss":0.0,"damage_taken":0.0,"cards_obtained":["Defragment"]},{"damage_healed":0.0,"max_hp_gain":0.0,"max_hp_loss":0.0,"gold_gain":0.0,"event_name":"Colosseum","player_choice":"Fight","floor":28.0,"gold_loss":0.0,"damage_taken":0.0},{"damage_healed":0.0,"max_hp_gain":0.0,"max_hp_loss":0.0,"gold_gain":0.0,"event_name":"Colosseum","player_choice":"Fought Nobs","floor":28.0,"gold_loss":0.0,"damage_taken":0.0},{"cards_removed":["Strike_B"],"damage_healed":0.0,"max_hp_gain":0.0,"max_hp_loss":0.0,"gold_gain":0.0,"event_name":"Beggar","player_choice":"Gave Gold","floor":29.0,"gold_loss":75.0,"damage_taken":0.0},{"damage_healed":0.0,"max_hp_gain":0.0,"max_hp_loss":0.0,"gold_gain":0.0,"event_name":"MindBloom","player_choice":"Fight","floor":36.0,"gold_loss":0.0,"damage_taken":0.0},{"damage_healed":0.0,"max_hp_gain":0.0,"max_hp_loss":0.0,"gold_gain":0.0,"event_name":"Wheel of Change","player_choice":"Damaged","floor":37.0,"gold_loss":0.0,"damage_taken":8.0},{"damage_healed":76.0,"max_hp_gain":0.0,"max_hp_loss":11.0,"gold_gain":0.0,"event_name":"The Moai Head","player_choice":"Heal","floor":48.0,"gold_loss":0.0,"damage_taken":0.0},{"damage_healed":0,"gold_gain":175,"player_choice":"AGREE","damage_taken":0,"max_hp_gain":0,"max_hp_loss":0,"event_name":"Liars Game","floor":54,"gold_loss":0,"cards_obtained":["Doubt"]},{"damage_healed":0,"gold_gain":0,"player_choice":"Gave Potion","damage_taken":0,"relics_obtained":["Smiling Mask"],"max_hp_gain":0,"max_hp_loss":0,"event_name":"WeMeetAgain","floor":56,"gold_loss":0},{"cards_removed":["Doubt","Parasite","Regret"],"damage_healed":0,"gold_gain":0,"player_choice":"Removed Curses","damage_taken":0,"max_hp_gain":0,"max_hp_loss":0,"event_name":"Fountain of Cleansing","floor":62,"gold_loss":0},{"damage_healed":0,"gold_gain":0,"player_choice":"Ignored","damage_taken":0,"max_hp_gain":0,"max_hp_loss":0,"event_name":"Ghosts","floor":71,"gold_loss":0},{"damage_healed":0,"gold_gain":0,"player_choice":"Got Potions","damage_taken":0,"max_hp_gain":0,"max_hp_loss":0,"event_name":"Lab","floor":76,"gold_loss":0}],"is_beta":false,"boss_relics":[{"not_picked":["Cursed Key","Empty Cage"],"picked":"Inserter"},{"not_picked":["Busted Crown","Lizard Tail"],"picked":"Calling Bell"},{"not_picked":["Philosopher\u0027s Stone","Pandora\u0027s Box"],"picked":"Orrery"},{"not_picked":["Fusion Hammer","Eternal Feather"],"picked":"White Beast Statue"}],"items_purged_floors":[13,30,39,45,72],"is_endless":true,"potions_floor_spawned":[1,2,10,11,18,19,22,24,31,33,38,46,47,55,59,60,67,69,70,73,74,75,77,79,80,81,82],"killed_by":"Automaton","ascension_level":0}