{"gold_per_floor":[111,121,121,136,136,136,172,187,187,187],"floor_reached":10,"playtime":254,"items_purged":[],"score":136,"play_id":"f201b4a5-b69e-4316-830d-aba3daed8bb7","local_time":"20190430104154","is_ascension_mode":true,"campfire_choices":[{"data":"White Noise","floor":6,"key":"SMITH"}],"neow_cost":"NONE","seed_source_timestamp":731562906536018,"circlet_count":0,"master_deck":["AscendersBane","Strike_B","Strike_B","Strike_B+1","Strike_B","Defend_B","Defend_B","Defend_B","Defend_B","Zap","Dualcast","Cold Snap+1","White Noise+1","Redo"],"relics":["Cracked Core","NeowsBlessing","Golden Idol","Whetstone","Regal Pillow"],"potions_floor_usage":[7],"damage_taken":[{"damage":0,"enemies":"Cultist","floor":1,"turns":1},{"damage":0,"enemies":"Jaw Worm","floor":2,"turns":1},{"damage":0,"enemies":"Small Slimes","floor":4,"turns":1},{"damage":21,"enemies":"Lagavulin","floor":7,"turns":7},{"damage":8,"enemies":"3 Louse","floor":8,"turns":3},{"damage":33,"enemies":"3 Sentries","floor":10,"turns":6}],"seed_played":"-3789193918546078003","potions_obtained":[{"floor":1,"key":"Energy Potion"},{"floor":4,"key":"AttackPotion"},{"floor":8,"key":"FearPotion"}],"is_trial":false,"path_per_floor":["M","M","?","M","?","R","E","M","T","E"],"character_chosen":"DEFECT","items_purchased":[],"campfire_rested":0,"item_purchase_floors":[],"current_hp_per_floor":[64,64,64,64,69,69,48,40,40,7],"gold":187,"neow_bonus":"THREE_ENEMY_KILL","is_prod":false,"is_daily":false,"chose_seed":false,"campfire_upgraded":1,"win_rate":0,"timestamp":1556588514,"path_taken":["M","?","?","M","?","R","E","M","T","E"],"build_version":"2019-01-23","purchased_purges":0,"victory":false,"max_hp_per_floor":[71,71,64,64,69,69,69,69,69,69],"card_choices":[{"not_picked":["Storm","Sweeping Beam","Lockon"],"picked":"SKIP","floor":1},{"not_picked":["Static Discharge","Genetic Algorithm"],"picked":"Cold Snap","floor":2},{"not_picked":["Sweeping Beam","Aggregate"],"picked":"White Noise","floor":4},{"not_picked":["Rebound","Reinforced Body"],"picked":"Redo","floor":7},{"not_picked":["Go for the Eyes","Redo","Stack"],"picked":"SKIP","floor":8}],"player_experience":316063,"relics_obtained":[{"floor":7,"key":"Whetstone"},{"floor":9,"key":"Regal Pillow"}],"event_choices":[{"damage_healed":0,"gold_gain":0,"player_choice":"Lose Max HP","damage_taken":0,"relics_obtained":["Golden Idol"],"max_hp_gain":0,"max_hp_loss":7,"event_name":"Golden Idol","floor":3,"gold_loss":0},{"damage_healed":0,"gold_gain":0,"player_choice":"Donut","damage_taken":0,"max_hp_gain":5,"max_hp_loss":0,"event_name":"Big Fish","floor":5,"gold_loss":0}],"is_beta":false,"boss_relics":[],"items_purged_floors":[],"is_endless":false,"potions_floor_spawned":[1,4,8],"killed_by":"3 Sentries","ascension_level":20}