{"gold_per_floor":[110,285,285,362,137,137,150,163,189,201,213],"floor_reached":11,"playtime":426,"items_purged":["Regret"],"score":61,"play_id":"922eb87c-3006-4e24-90cf-547530c7bf27","local_time":"20190508214324","is_ascension_mode":false,"campfire_choices":[{"data":"Zap","floor":6,"key":"SMITH"},{"data":"Hologram","floor":10,"key":"SMITH"}],"neow_cost":"NONE","seed_source_timestamp":216513029202118,"circlet_count":0,"master_deck":["Strike_B","Strike_B","Strike_B","Strike_B","Defend_B","Defend_B","Defend_B","Defend_B","Zap+1","Dualcast","Doubt","Cold Snap","Doubt","Capacitor","Hologram+1","Self Repair"],"relics":["Calling Bell","Smiling Mask","The Courier","Du-Vu Doll","Shuriken","Juzu Bracelet","MawBank"],"potions_floor_usage":[],"damage_taken":[{"damage":5,"enemies":"Small Slimes","floor":1,"turns":3},{"damage":6,"enemies":"Jaw Worm","floor":7,"turns":4},{"damage":0,"enemies":"2 Louse","floor":8,"turns":3},{"damage":83,"enemies":"Gremlin Nob","floor":11,"turns":6}],"seed_played":"-4332400912449642448","potions_obtained":[{"floor":7,"key":"Energy Potion"}],"is_trial":false,"path_per_floor":["M","?","?","T","$","R","M","M","T","R","E"],"character_chosen":"DEFECT","items_purchased":["Capacitor","Juzu Bracelet"],"campfire_rested":0,"item_purchase_floors":[5,5],"current_hp_per_floor":[70,70,63,63,63,63,57,57,57,57,0],"gold":213,"neow_bonus":"BOSS_RELIC","is_prod":false,"is_daily":false,"chose_seed":false,"campfire_upgraded":2,"win_rate":0,"timestamp":1557366204,"path_taken":["M","?","?","?","$","R","M","M","T","R","E"],"build_version":"2019-01-23","purchased_purges":1,"victory":false,"max_hp_per_floor":[75,75,75,75,75,75,75,75,75,75,75],"card_choices":[{"not_picked":["Lockon","Hologram"],"picked":"Cold Snap","floor":1},{"not_picked":["Steam","Reprogram"],"picked":"Hologram","floor":7},{"not_picked":["Beam Cell","Redo"],"picked":"Self Repair","floor":8}],"player_experience":281767,"relics_obtained":[{"floor":0,"key":"Smiling Mask"},{"floor":0,"key":"The Courier"},{"floor":0,"key":"Du-Vu Doll"},{"floor":4,"key":"Shuriken"},{"floor":9,"key":"MawBank"}],"event_choices":[{"damage_healed":0,"gold_gain":175,"player_choice":"AGREE","damage_taken":0,"max_hp_gain":0,"max_hp_loss":0,"event_name":"Liars Game","floor":2,"gold_loss":0,"cards_obtained":["Doubt"]},{"cards_removed":["Normality"],"damage_healed":0,"gold_gain":0,"player_choice":"Card Removal","damage_taken":7,"max_hp_gain":0,"max_hp_loss":0,"event_name":"Golden Wing","floor":3,"gold_loss":0}],"is_beta":false,"boss_relics":[],"items_purged_floors":[5],"is_endless":false,"potions_floor_spawned":[7],"killed_by":"Gremlin Nob","ascension_level":0}