{"gold_per_floor":[115,190,190,214,292,292,328,503,503,503,517,517,538,488,488,608,608,608,608,376,376,376,376,376,376,376,376,376,376,376,376],"floor_reached":31,"playtime":1141,"items_purged":["Injury"],"score":280,"play_id":"75733da7-b205-44d5-9b51-5ffff4d2a7ea","local_time":"20190423110738","is_ascension_mode":false,"campfire_choices":[{"data":"Zap","floor":6,"key":"SMITH"},{"data":"Ball Lightning","floor":10,"key":"SMITH"},{"data":"Conserve Battery","floor":12,"key":"SMITH"},{"data":"Dualcast","floor":15,"key":"SMITH"},{"floor":23,"key":"REST"}],"neow_cost":"NONE","seed_source_timestamp":1012298028571191,"circlet_count":0,"master_deck":["Strike_B+1","Strike_B+1","Strike_B+1","Strike_B+1","Defend_B+1","Defend_B+1","Defend_B+1","Defend_B+1","Zap+1","Dualcast+1","Conserve Battery+1","Conserve Battery","Ball Lightning+1","Rebound","Seek","Lockon","Defragment","FTL","Lockon+1","Rebound+1","Sweeping Beam+1","Capacitor+1"],"relics":["Cracked Core","NeowsBlessing","Golden Idol","Singing Bowl","Ancient Tea Set","Cables","Ectoplasm","Nilry\u0027s Codex","Lantern","PreservedInsect","Pen Nib"],"potions_floor_usage":[27],"damage_taken":[{"damage":0,"enemies":"Small Slimes","floor":1,"turns":1},{"damage":0,"enemies":"Jaw Worm","floor":4,"turns":1},{"damage":0,"enemies":"3 Sentries","floor":7,"turns":1},{"damage":0,"enemies":"2 Louse","floor":11,"turns":2},{"damage":3,"enemies":"2 Fungi Beasts","floor":13,"turns":3},{"damage":38,"enemies":"Slime Boss","floor":16,"turns":10},{"damage":16,"enemies":"Shell Parasite","floor":18,"turns":6},{"damage":5,"enemies":"Spheric Guardian","floor":21,"turns":3},{"damage":7,"enemies":"3 Cultists","floor":24,"turns":5},{"damage":14,"enemies":"Snake Plant","floor":25,"turns":3},{"damage":0,"enemies":"Sentry and Sphere","floor":27,"turns":3},{"damage":37,"enemies":"Book of Stabbing","floor":28,"turns":5},{"damage":0,"enemies":"Cultist and Chosen","floor":30,"turns":3},{"damage":13,"enemies":"Centurion and Healer","floor":31,"turns":1}],"seed_played":"2666330740968167847","potions_obtained":[{"floor":1,"key":"Strength Potion"},{"floor":11,"key":"Explosive Potion"},{"floor":16,"key":"Strength Potion"},{"floor":28,"key":"Block Potion"}],"is_trial":false,"path_per_floor":["M","?","?","M","T","R","E","?","T","R","M","R","M","?","R","B",null,"M","?","$","M","?","R","M","M","T","M","E","T","M","M"],"character_chosen":"DEFECT","items_purchased":["Defragment","FTL"],"campfire_rested":1,"item_purchase_floors":[20,20],"current_hp_per_floor":[75,64,64,64,64,64,64,64,64,64,64,64,63,63,63,25,77,61,45,45,40,40,63,56,42,42,44,9,9,9,0],"gold":376,"neow_bonus":"THREE_ENEMY_KILL","is_prod":false,"is_daily":false,"chose_seed":false,"campfire_upgraded":4,"win_rate":0,"timestamp":1556032058,"path_taken":["M","?","?","M","?","R","E","?","T","R","M","R","M","?","R","BOSS","M","?","$","M","?","R","M","M","T","M","E","?","?","M"],"build_version":"2019-01-23","purchased_purges":1,"victory":false,"max_hp_per_floor":[75,75,75,75,75,75,75,75,75,75,75,75,77,77,77,77,77,77,77,77,77,77,77,77,77,77,79,81,81,81,81],"card_choices":[{"not_picked":["Sunder","Compile Driver"],"picked":"Conserve Battery","floor":1},{"not_picked":["Genetic Algorithm","Beam Cell"],"picked":"Conserve Battery","floor":4},{"not_picked":["Melter","Recycle"],"picked":"Ball Lightning","floor":7},{"not_picked":["Hello World","Blizzard"],"picked":"Rebound","floor":11},{"not_picked":["Compile Driver","Rip and Tear","Streamline"],"picked":"Singing Bowl","floor":13},{"not_picked":["Thunder Strike","Creative AI"],"picked":"Seek","floor":16},{"not_picked":["Streamline","Rip and Tear"],"picked":"Lockon","floor":18},{"not_picked":["Beam Cell","Streamline"],"picked":"Lockon+1","floor":21},{"not_picked":["Aggregate","Recycle"],"picked":"Rebound+1","floor":24},{"not_picked":["Steam","Conserve Battery"],"picked":"Sweeping Beam+1","floor":25},{"not_picked":["Compile Driver","Beam Cell+1","Barrage"],"picked":"Singing Bowl","floor":27},{"not_picked":["Stack+1","Compile Driver+1","Lockon"],"picked":"Singing Bowl","floor":28},{"not_picked":["Ball Lightning+1","Genetic Algorithm"],"picked":"Capacitor+1","floor":30}],"player_experience":235157,"relics_obtained":[{"floor":5,"key":"Singing Bowl"},{"floor":7,"key":"Ancient Tea Set"},{"floor":9,"key":"Cables"},{"floor":19,"key":"Nilry\u0027s Codex"},{"floor":26,"key":"Lantern"},{"floor":28,"key":"PreservedInsect"},{"floor":29,"key":"Pen Nib"}],"event_choices":[{"damage_healed":0,"gold_gain":75,"player_choice":"Gather Gold","damage_taken":11,"max_hp_gain":0,"max_hp_loss":0,"event_name":"World of Goop","floor":2,"gold_loss":0},{"damage_healed":0,"gold_gain":0,"player_choice":"Take Wound","damage_taken":0,"relics_obtained":["Golden Idol"],"max_hp_gain":0,"max_hp_loss":0,"event_name":"Golden Idol","floor":3,"gold_loss":0,"cards_obtained":["Injury"]},{"damage_healed":0,"gold_gain":175,"player_choice":"AGREE","damage_taken":0,"max_hp_gain":0,"max_hp_loss":0,"event_name":"Liars Game","floor":8,"gold_loss":0,"cards_obtained":["Doubt"]},{"cards_removed":["Doubt"],"damage_healed":0,"gold_gain":0,"player_choice":"Card Removal","damage_taken":0,"max_hp_gain":0,"max_hp_loss":0,"event_name":"The Cleric","floor":14,"gold_loss":50},{"damage_healed":0,"gold_gain":0,"player_choice":"Obtained Book","damage_taken":16,"max_hp_gain":0,"max_hp_loss":0,"event_name":"Cursed Tome","floor":19,"gold_loss":0},{"damage_healed":0,"gold_gain":0,"player_choice":"Simplicity","damage_taken":0,"max_hp_gain":0,"max_hp_loss":0,"event_name":"Back to Basics","floor":22,"gold_loss":0,"cards_upgraded":["Strike_B","Strike_B","Strike_B","Strike_B","Defend_B","Defend_B","Defend_B","Defend_B"]}],"is_beta":false,"boss_relics":[{"not_picked":["Eternal Feather","Calling Bell"],"picked":"Ectoplasm"}],"items_purged_floors":[20],"is_endless":false,"potions_floor_spawned":[1,11,16,21,25,28],"killed_by":"Centurion and Healer","ascension_level":0}