{"gold_per_floor":[112,62,237,237,247,277,288,299,299,299,299,311,386,399,399,399],"floor_reached":16,"playtime":421,"items_purged":[],"score":159,"play_id":"ff746c75-da49-4e63-a5cb-45945a537cd3","local_time":"20190417233858","is_ascension_mode":true,"campfire_choices":[{"data":"Zap","floor":10,"key":"SMITH"},{"data":"Go for the Eyes","floor":15,"key":"SMITH"}],"neow_cost":"NONE","seed_source_timestamp":1656386483442043,"circlet_count":0,"master_deck":["Strike_B","Strike_B+1","Strike_B","Strike_B","Defend_B","Defend_B","Defend_B","Defend_B","Zap+1","Dualcast","Go for the Eyes+1","Gash","Doubt","Go for the Eyes+1","Conserve Battery"],"relics":["Cracked Core","NeowsBlessing","Torii","Kunai","Darkstone Periapt"],"potions_floor_usage":[16,16,16,16,16],"damage_taken":[{"damage":0,"enemies":"2 Louse","floor":1,"turns":1},{"damage":0,"enemies":"Jaw Worm","floor":5,"turns":1},{"damage":0,"enemies":"Gremlin Nob","floor":6,"turns":1},{"damage":1,"enemies":"Small Slimes","floor":7,"turns":3},{"damage":1,"enemies":"2 Fungi Beasts","floor":8,"turns":3},{"damage":0,"enemies":"Exordium Wildlife","floor":12,"turns":3},{"damage":1,"enemies":"Looter","floor":14,"turns":3},{"damage":35,"enemies":"Slime Boss","floor":16,"turns":9}],"seed_played":"6315183913707589936","potions_obtained":[{"floor":5,"key":"EntropicBrew"},{"floor":7,"key":"SneckoOil"},{"floor":8,"key":"FocusPotion"},{"floor":12,"key":"SpeedPotion"}],"is_trial":false,"path_per_floor":["M","$","?","?","M","E","M","M","T","R","?","M","?","M","R","B"],"character_chosen":"DEFECT","items_purchased":["Gash"],"campfire_rested":0,"item_purchase_floors":[2],"current_hp_per_floor":[75,75,75,60,60,60,59,58,58,58,46,46,35,34,34,0],"gold":399,"neow_bonus":"THREE_ENEMY_KILL","is_prod":false,"is_daily":false,"chose_seed":false,"campfire_upgraded":2,"win_rate":0,"timestamp":1555511938,"path_taken":["M","$","?","?","M","E","M","M","T","R","?","M","?","M","R","BOSS"],"build_version":"2019-01-23","purchased_purges":0,"victory":false,"max_hp_per_floor":[75,75,75,75,75,75,75,75,75,75,75,75,75,75,75,75],"card_choices":[{"not_picked":["Hologram","Leap"],"picked":"Go for the Eyes","floor":1},{"not_picked":["Stack","Steam"],"picked":"Go for the Eyes","floor":5},{"not_picked":["Glacier","Rip and Tear"],"picked":"Conserve Battery","floor":6},{"not_picked":["Compile Driver","Redo","Tempest"],"picked":"SKIP","floor":7},{"not_picked":["Stack","Aggregate","Go for the Eyes"],"picked":"SKIP","floor":8},{"not_picked":["Coolheaded","Compile Driver","Blizzard"],"picked":"SKIP","floor":12},{"not_picked":["Aggregate","Go for the Eyes","Sweeping Beam"],"picked":"SKIP","floor":14}],"player_experience":225594,"relics_obtained":[{"floor":6,"key":"Torii"},{"floor":9,"key":"Kunai"}],"event_choices":[{"damage_healed":0,"gold_gain":175,"player_choice":"AGREE","damage_taken":0,"max_hp_gain":0,"max_hp_loss":0,"event_name":"Liars Game","floor":3,"gold_loss":0,"cards_obtained":["Doubt"]},{"damage_healed":0,"gold_gain":0,"player_choice":"Entered Light","damage_taken":15,"max_hp_gain":0,"max_hp_loss":0,"event_name":"Shining Light","floor":4,"gold_loss":0,"cards_upgraded":["Strike_B","Go for the Eyes"]},{"damage_healed":0,"gold_gain":0,"player_choice":"Success","damage_taken":12,"relics_obtained":["Darkstone Periapt"],"max_hp_gain":0,"max_hp_loss":0,"event_name":"Scrap Ooze","floor":11,"gold_loss":0},{"damage_healed":0,"gold_gain":75,"player_choice":"Gather Gold","damage_taken":11,"max_hp_gain":0,"max_hp_loss":0,"event_name":"World of Goop","floor":13,"gold_loss":0}],"is_beta":false,"boss_relics":[],"items_purged_floors":[],"is_endless":false,"potions_floor_spawned":[5,7,8,12],"killed_by":"Slime Boss","ascension_level":5}