{"gold_per_floor":[114,114,114,127,143,143,168,168,168,182,84,117,117,137,137,216,216,198,248,267,122,134,164,164,197,220,253,117,117,117,135,135,207,207,226,226,28,45,65,65,81,81],"floor_reached":42,"playtime":2846,"items_purged":["Strike_R","Decay"],"score":953,"play_id":"de46bf3d-2df6-4fd1-8b4e-e9a05d149137","local_time":"20190522190949","is_ascension_mode":true,"campfire_choices":[{"data":"Bludgeon","floor":6.0,"key":"SMITH"},{"data":"Spot Weakness","floor":8.0,"key":"SMITH"},{"data":"Shockwave","floor":13.0,"key":"SMITH"},{"floor":15.0,"key":"REST"},{"data":"Barricade","floor":24.0,"key":"SMITH"},{"floor":29.0,"key":"REST"},{"data":"Entrench","floor":32.0,"key":"SMITH"},{"data":"Impervious","floor":40.0,"key":"SMITH"}],"neow_cost":"PERCENT_DAMAGE","seed_source_timestamp":0,"circlet_count":0,"master_deck":["AscendersBane","Strike_R","Strike_R","Strike_R","Defend_R","Defend_R","Defend_R","Defend_R","Bash","Bludgeon+1","Shockwave+1","Reaper","Spot Weakness+1","Iron Wave","Entrench+1","Iron Wave","Shrug It Off","Shrug It Off","Armaments","Barricade+1","Shrug It Off","Shrug It Off","Headbutt","Flame Barrier+1","Feel No Pain","Juggernaut","Feel No Pain","Metallicize","Impervious+1","Rage","Thunderclap","Sever Soul","Shrug It Off","Shrug It Off+1","Sentinel+1","Limit Break"],"special_seed":0,"relics":["Burning Blood","Dodecahedron","Champion Belt","Orichalcum","Prayer Wheel","Cursed Key","PreservedInsect","The Courier","Regal Pillow","Bag of Marbles","Peace Pipe","Lizard Tail","Darkstone Periapt"],"potions_floor_usage":[],"damage_taken":[{"damage":0.0,"enemies":"Small Slimes","floor":1.0,"turns":3.0},{"damage":5.0,"enemies":"2 Louse","floor":4.0,"turns":3.0},{"damage":1.0,"enemies":"Cultist","floor":5.0,"turns":3.0},{"damage":19.0,"enemies":"Gremlin Nob","floor":7.0,"turns":4.0},{"damage":4.0,"enemies":"Red Slaver","floor":10.0,"turns":2.0},{"damage":17.0,"enemies":"3 Sentries","floor":12.0,"turns":7.0},{"damage":10.0,"enemies":"Large Slime","floor":14.0,"turns":7.0},{"damage":40.0,"enemies":"Hexaghost","floor":16.0,"turns":12.0},{"damage":5.0,"enemies":"2 Thieves","floor":18.0,"turns":4.0},{"damage":6.0,"enemies":"Shell Parasite","floor":20.0,"turns":5.0},{"damage":29.0,"enemies":"Sentry and Sphere","floor":22.0,"turns":9.0},{"damage":12.0,"enemies":"Gremlin Leader","floor":23.0,"turns":5.0},{"damage":39.0,"enemies":"Book of Stabbing","floor":25.0,"turns":6.0},{"damage":23.0,"enemies":"Slavers","floor":27.0,"turns":8.0},{"damage":4.0,"enemies":"Centurion and Healer","floor":31.0,"turns":5.0},{"damage":0.0,"enemies":"Champ","floor":33.0,"turns":10.0},{"damage":4.0,"enemies":"3 Shapes","floor":35.0,"turns":5.0},{"damage":21.0,"enemies":"3 Darklings","floor":38.0,"turns":9.0},{"damage":0.0,"enemies":"Maw","floor":39.0,"turns":9.0},{"damage":18.0,"enemies":"Sphere and 2 Shapes","floor":41.0,"turns":8.0},{"damage":180,"enemies":"Giant Head","floor":42,"turns":11}],"seed_played":"-6623844591630914949","potions_obtained":[{"floor":1.0,"key":"BloodPotion"},{"floor":10.0,"key":"SteroidPotion"},{"floor":12.0,"key":"Dexterity Potion"},{"floor":20.0,"key":"SkillPotion"},{"floor":23.0,"key":"PowerPotion"},{"floor":31.0,"key":"Explosive Potion"},{"floor":35.0,"key":"BloodPotion"},{"floor":39.0,"key":"FairyPotion"}],"is_trial":false,"path_per_floor":["M","?","?","M","M","R","E","R","T","M","$","E","R","M","R","B",null,"M","?","M","$","M","E","R","E","T","E","$","R","?","M","R","B",null,"M","?","$","M","M","R","M","E"],"character_chosen":"IRONCLAD","items_purchased":["Shrug It Off","PreservedInsect","Metallicize","Darkstone Periapt"],"campfire_rested":2,"item_purchase_floors":[11,21,28,37],"current_hp_per_floor":[56,38,38,47,52,52,45,45,45,47,47,43,43,51,73,39,66,71,71,71,71,48,66,66,33,33,28,28,65,85,85,85,85,85,85,85,85,85,85,85,73,0],"gold":81,"neow_bonus":"THREE_RARE_CARDS","is_prod":false,"is_daily":false,"chose_seed":false,"campfire_upgraded":6,"win_rate":0,"timestamp":1558544989,"path_taken":["M","?","?","M","?","R","E","R","T","M","?","E","R","M","R","BOSS","M","?","M","$","M","E","R","E","T","E","$","R","?","?","R","BOSS","M","?","$","M","M","R","M","E"],"build_version":"2019-05-07","purchased_purges":2,"victory":false,"max_hp_per_floor":[75,75,75,75,75,75,75,75,75,75,75,75,75,75,75,75,75,75,75,75,75,75,75,75,75,75,75,75,75,85,85,85,85,85,85,85,85,85,85,85,85,85],"card_choices":[{"not_picked":["Barricade","Immolate"],"picked":"Bludgeon","floor":0.0},{"not_picked":["Wild Strike","Headbutt"],"picked":"Shockwave","floor":1.0},{"not_picked":["Disarm","Perfected Strike"],"picked":"Iron Wave","floor":4.0},{"not_picked":["Pummel","Pommel Strike"],"picked":"Entrench","floor":5.0},{"not_picked":["Second Wind","Bloodletting"],"picked":"Iron Wave","floor":7.0},{"not_picked":["Evolve","Wild Strike","Seeing Red"],"picked":"SKIP","floor":10.0},{"not_picked":["Dropkick","Feel No Pain","Havoc"],"picked":"SKIP","floor":12.0},{"not_picked":["Bloodletting","Heavy Blade"],"picked":"Shrug It Off","floor":14.0},{"not_picked":["Hemokinesis","Bloodletting"],"picked":"Armaments","floor":14.0},{"not_picked":["Reaper","Fiend Fire"],"picked":"Barricade","floor":16.0},{"not_picked":["Ghostly Armor","Feel No Pain"],"picked":"Shrug It Off","floor":18.0},{"not_picked":["True Grit+1","Blood for Blood"],"picked":"Shrug It Off","floor":18.0},{"not_picked":["Combust+1","Rupture"],"picked":"Headbutt","floor":20.0},{"not_picked":["Spot Weakness","Inflame"],"picked":"Flame Barrier+1","floor":20.0},{"not_picked":["Clash+1","Sword Boomerang"],"picked":"Feel No Pain","floor":22.0},{"not_picked":["Headbutt","Havoc","Flex"],"picked":"SKIP","floor":22.0},{"not_picked":["Iron Wave+1","Clothesline"],"picked":"Feed","floor":23.0},{"not_picked":["Feel No Pain","Twin Strike"],"picked":"Juggernaut","floor":25.0},{"not_picked":["Perfected Strike","Ghostly Armor"],"picked":"Feel No Pain","floor":27.0},{"not_picked":["Twin Strike","Armaments","Warcry+1"],"picked":"SKIP","floor":31.0},{"not_picked":["Sword Boomerang","Dropkick","Evolve"],"picked":"SKIP","floor":31.0},{"not_picked":["Brutality","Immolate"],"picked":"Impervious","floor":33.0},{"not_picked":["Warcry","Cleave"],"picked":"Rage","floor":35.0},{"not_picked":["Sword Boomerang","Perfected Strike"],"picked":"Thunderclap","floor":35.0},{"not_picked":["Flex","Dark Embrace"],"picked":"Shrug It Off","floor":38.0},{"not_picked":["Warcry","Thunderclap","Rupture"],"picked":"SKIP","floor":38.0},{"not_picked":["Pummel","Rage"],"picked":"Shrug It Off+1","floor":39.0},{"not_picked":["Burning Pact","Twin Strike"],"picked":"Sentinel+1","floor":39.0},{"not_picked":["Intimidate","Searing Blow"],"picked":"Limit Break","floor":41.0},{"not_picked":["Cleave","Wild Strike+1","Rage+1"],"picked":"SKIP","floor":41.0}],"player_experience":422192,"relics_obtained":[{"floor":7.0,"key":"Champion Belt"},{"floor":9.0,"key":"Orichalcum"},{"floor":12.0,"key":"Prayer Wheel"},{"floor":23.0,"key":"The Courier"},{"floor":25.0,"key":"Regal Pillow"},{"floor":26.0,"key":"Bag of Marbles"},{"floor":27.0,"key":"Peace Pipe"}],"event_choices":[{"damage_healed":0.0,"max_hp_gain":0.0,"max_hp_loss":0.0,"gold_gain":0.0,"event_name":"Scrap Ooze","player_choice":"Success","floor":2.0,"gold_loss":0.0,"damage_taken":18.0,"relics_obtained":["Dodecahedron"]},{"damage_healed":0.0,"max_hp_gain":0.0,"max_hp_loss":0.0,"gold_gain":0.0,"event_name":"Match and Keep!","player_choice":"2 cards matched","floor":3.0,"gold_loss":0.0,"damage_taken":0.0,"cards_obtained":["Reaper","Spot Weakness"]},{"damage_healed":0.0,"max_hp_gain":0.0,"max_hp_loss":0.0,"gold_gain":50.0,"event_name":"Nest","player_choice":"Stole From Cult","floor":19.0,"gold_loss":0.0,"damage_taken":0.0},{"cards_removed":["Feed"],"damage_healed":10.0,"max_hp_gain":10.0,"max_hp_loss":0.0,"gold_gain":0.0,"event_name":"Bonfire Elementals","player_choice":"Offered Rare","floor":30.0,"gold_loss":0.0,"damage_taken":0.0},{"damage_healed":0.0,"max_hp_gain":0.0,"max_hp_loss":0.0,"gold_gain":0.0,"cards_transformed":["Strike_R"],"event_name":"Transmorgrifier","player_choice":"Transformed","floor":36.0,"gold_loss":0.0,"damage_taken":0.0,"cards_obtained":["Sever Soul"]}],"is_beta":true,"boss_relics":[{"not_picked":["Orrery","Snecko Eye"],"picked":"Cursed Key"},{"not_picked":["Runic Pyramid","Runic Cube"],"picked":"Lizard Tail"}],"items_purged_floors":[11,28],"is_endless":false,"potions_floor_spawned":[1,10,12,16,20,23,25,31,35,39],"killed_by":"Giant Head","ascension_level":15}