{"gold_per_floor":[109,34,184,184,197,227,227,104,129,159,159,159,170,170],"floor_reached":14,"playtime":902,"items_purged":["Doubt"],"score":151,"play_id":"c738d895-cd7d-4469-8ae8-77f2fc50e4c1","local_time":"20190517222039","is_ascension_mode":true,"campfire_choices":[{"floor":11,"key":"REST"}],"neow_cost":"NONE","seed_source_timestamp":7203809638400,"circlet_count":0,"master_deck":["AscendersBane","Strike_R","Strike_R","Strike_R","Strike_R","Defend_R","Defend_R","Defend_R","Bash","Cleave","Metallicize","Dual Wield","True Grit","Offering"],"relics":["Burning Blood","Juzu Bracelet","Dodecahedron","Dream Catcher","NlothsMask"],"potions_floor_usage":[14],"damage_taken":[{"damage":4,"enemies":"Small Slimes","floor":1,"turns":5},{"damage":6,"enemies":"2 Louse","floor":5,"turns":4},{"damage":56,"enemies":"3 Sentries","floor":6,"turns":12},{"damage":15,"enemies":"Jaw Worm","floor":13,"turns":6},{"damage":37,"enemies":"Gremlin Nob","floor":14,"turns":4}],"seed_played":"1148760353609336442","potions_obtained":[{"floor":13,"key":"Dexterity Potion"}],"is_trial":false,"path_per_floor":["M","?","?","T","M","E","?","$","T","?","R","?","M","E"],"character_chosen":"IRONCLAD","items_purchased":["True Grit"],"campfire_rested":1,"item_purchase_floors":[8],"current_hp_per_floor":[70,70,70,70,70,20,20,20,20,20,42,35,26,0],"gold":170,"neow_bonus":"RANDOM_COMMON_RELIC","is_prod":false,"is_daily":false,"chose_seed":false,"campfire_upgraded":0,"win_rate":0,"timestamp":1558153239,"path_taken":["M","?","?","?","M","E","?","$","T","?","R","?","M","E"],"build_version":"2019-01-23","purchased_purges":1,"victory":false,"max_hp_per_floor":[75,75,75,75,75,75,75,75,75,75,75,75,75,75],"card_choices":[{"not_picked":["Anger","Warcry"],"picked":"Cleave","floor":1},{"not_picked":["Intimidate","Anger"],"picked":"Metallicize","floor":5},{"not_picked":["Sever Soul","Clothesline"],"picked":"Dual Wield","floor":6},{"not_picked":["Warcry","Carnage"],"picked":"Offering","floor":13}],"player_experience":724424,"relics_obtained":[{"floor":4,"key":"Dodecahedron"},{"floor":6,"key":"Dream Catcher"}],"event_choices":[{"cards_removed":["Strike_R"],"damage_healed":0,"gold_gain":0,"player_choice":"Card Removal","damage_taken":0,"max_hp_gain":0,"max_hp_loss":0,"event_name":"The Cleric","floor":2,"gold_loss":75},{"damage_healed":0,"gold_gain":150,"player_choice":"AGREE","damage_taken":0,"max_hp_gain":0,"max_hp_loss":0,"event_name":"Liars Game","floor":3,"gold_loss":0,"cards_obtained":["Doubt"]},{"damage_healed":0,"gold_gain":0,"player_choice":"Trade","damage_taken":0,"relics_obtained":["NlothsMask"],"max_hp_gain":0,"max_hp_loss":0,"event_name":"FaceTrader","floor":7,"gold_loss":0},{"damage_healed":0,"gold_gain":30,"player_choice":"Searched \u00271\u0027 times","damage_taken":0,"max_hp_gain":0,"max_hp_loss":0,"event_name":"Dead Adventurer","floor":10,"gold_loss":0},{"cards_removed":["Defend_R"],"damage_healed":0,"gold_gain":0,"player_choice":"Card Removal","damage_taken":7,"max_hp_gain":0,"max_hp_loss":0,"event_name":"Golden Wing","floor":12,"gold_loss":0}],"is_beta":false,"boss_relics":[],"items_purged_floors":[8],"is_endless":false,"potions_floor_spawned":[13],"killed_by":"Gremlin Nob","ascension_level":15}