{"gold_per_floor":[113,113,113,35,53,53,65,85,85,85,110,110,127,147,147,249,249,268,367,57,57,70,97,97,97],"floor_reached":25,"playtime":1088,"items_purged":[],"score":296,"play_id":"f1ae42ff-099d-40ca-bdc9-23b903c94934","local_time":"20190521082727","is_ascension_mode":true,"campfire_choices":[{"data":"Seek","floor":6,"key":"SMITH"},{"data":"Defragment","floor":10,"key":"SMITH"},{"data":"Darkness","floor":15,"key":"SMITH"},{"data":"Chill","floor":24,"key":"SMITH"}],"neow_cost":"NONE","seed_source_timestamp":311606331378217,"circlet_count":0,"master_deck":["Strike_B","Strike_B","Strike_B","Strike_B","Defend_B","Defend_B","Defend_B","Defend_B","Zap","Dualcast","Seek+1","Redo","Storm","Undo","Hologram","Defragment+1","Double Energy","Darkness+1","Chill+1","Meteor Strike","Cold Snap","Glacier","Loop+1"],"relics":["Cracked Core","Pear","Symbiotic Virus","PreservedInsect","Nuclear Battery","Dead Branch","Oddly Smooth Stone"],"potions_floor_usage":[13,16,16,16],"damage_taken":[{"damage":4,"enemies":"2 Louse","floor":1,"turns":3},{"damage":9,"enemies":"Jaw Worm","floor":5,"turns":3},{"damage":1,"enemies":"Cultist","floor":7,"turns":3},{"damage":7,"enemies":"Exordium Wildlife","floor":8,"turns":4},{"damage":31,"enemies":"Lagavulin","floor":11,"turns":5},{"damage":4,"enemies":"Red Slaver","floor":13,"turns":3},{"damage":5,"enemies":"Blue Slaver","floor":14,"turns":4},{"damage":21,"enemies":"Hexaghost","floor":16,"turns":8},{"damage":17,"enemies":"Shell Parasite","floor":18,"turns":4},{"damage":0,"enemies":"Spheric Guardian","floor":22,"turns":3},{"damage":0,"enemies":"Book of Stabbing","floor":23,"turns":4},{"damage":60,"enemies":"Gremlin Leader","floor":25,"turns":9}],"seed_played":"-5775292964413344043","potions_obtained":[{"floor":5,"key":"EssenceOfSteel"},{"floor":7,"key":"Poison Potion"},{"floor":8,"key":"SkillPotion"},{"floor":14,"key":"SneckoOil"},{"floor":22,"key":"FocusPotion"}],"is_trial":false,"path_per_floor":["M","?","?","$","M","R","M","M","T","R","E","?","M","M","R","B",null,"M","?","$","?","M","E","R","E"],"character_chosen":"DEFECT","items_purchased":["Storm","Dead Branch"],"campfire_rested":0,"item_purchase_floors":[4,20],"current_hp_per_floor":[71,69,69,69,60,60,59,52,52,52,21,49,45,40,40,19,85,68,68,68,52,52,52,52,0],"gold":97,"neow_bonus":"ONE_RANDOM_RARE_CARD","is_prod":false,"is_daily":false,"chose_seed":false,"campfire_upgraded":4,"win_rate":0,"timestamp":1558441647,"path_taken":["M","?","?","$","M","R","M","M","T","R","E","?","M","M","R","BOSS","M","?","$","?","?","E","R","E"],"build_version":"2019-01-23","purchased_purges":0,"victory":false,"max_hp_per_floor":[75,85,85,85,85,85,85,85,85,85,85,85,85,85,85,85,85,85,85,85,90,90,90,90,90],"card_choices":[{"not_picked":["Go for the Eyes","Steam"],"picked":"Redo","floor":1},{"not_picked":["Redo","Sweeping Beam"],"picked":"Undo","floor":5},{"not_picked":["Stack","Blizzard"],"picked":"Hologram","floor":7},{"not_picked":["Stack","Hologram"],"picked":"Defragment","floor":8},{"not_picked":["Hologram","Tempest"],"picked":"Double Energy","floor":11},{"not_picked":["Conserve Battery","Go for the Eyes"],"picked":"Darkness","floor":13},{"not_picked":["Thunder Strike","Turbo"],"picked":"Chill","floor":14},{"not_picked":["Biased Cognition","Hyperbeam"],"picked":"Meteor Strike","floor":16},{"not_picked":["Genetic Algorithm","Ball Lightning"],"picked":"Cold Snap","floor":18},{"not_picked":["Conserve Battery","Go for the Eyes+1"],"picked":"Glacier","floor":22},{"not_picked":["Gash","Rip and Tear"],"picked":"Loop+1","floor":23}],"player_experience":314327,"relics_obtained":[{"floor":9,"key":"Symbiotic Virus"},{"floor":11,"key":"PreservedInsect"},{"floor":23,"key":"Oddly Smooth Stone"}],"event_choices":[{"damage_healed":0,"gold_gain":0,"player_choice":"Success","damage_taken":12,"relics_obtained":["Pear"],"max_hp_gain":0,"max_hp_loss":0,"event_name":"Scrap Ooze","floor":2,"gold_loss":0},{"damage_healed":0,"gold_gain":0,"player_choice":"Leave","damage_taken":0,"max_hp_gain":0,"max_hp_loss":0,"event_name":"The Cleric","floor":3,"gold_loss":0},{"damage_healed":28,"gold_gain":0,"player_choice":"Banana","damage_taken":0,"max_hp_gain":0,"max_hp_loss":0,"event_name":"Big Fish","floor":12,"gold_loss":0},{"damage_healed":0,"gold_gain":99,"player_choice":"Stole From Cult","damage_taken":0,"max_hp_gain":0,"max_hp_loss":0,"event_name":"Nest","floor":19,"gold_loss":0},{"damage_healed":0,"gold_gain":0,"player_choice":"Shed Blood","damage_taken":21,"max_hp_gain":5,"max_hp_loss":0,"event_name":"Forgotten Altar","floor":21,"gold_loss":0}],"is_beta":false,"boss_relics":[{"not_picked":["Velvet Choker","Snecko Eye"],"picked":"Nuclear Battery"}],"items_purged_floors":[],"is_endless":false,"potions_floor_spawned":[5,7,8,14,22],"killed_by":"Gremlin Leader","ascension_level":2}