{"gold_per_floor":[115,115,40,57,57,82,82,93,119,119,194,94,94,126,126,126],"floor_reached":16,"playtime":1109,"items_purged":["Defend_R","Strike_R"],"score":156,"play_id":"40b4bfb8-7da8-44ee-9f27-165b3223a05c","local_time":"20190308070825","is_ascension_mode":false,"campfire_choices":[{"data":"Second Wind","floor":7,"key":"SMITH"},{"floor":10,"key":"REST"},{"floor":15,"key":"REST"}],"neow_cost":"NONE","seed_source_timestamp":0,"circlet_count":0,"master_deck":["Strike_R","Strike_R","Strike_R","Defend_R","Defend_R","Defend_R","Bash+1","Second Wind+1"],"special_seed":0,"relics":["Burning Blood","Lantern","Nunchaku","Bag of Marbles","Meat on the Bone"],"potions_floor_usage":[14],"damage_taken":[{"damage":0,"enemies":"Small Slimes","floor":1,"turns":4},{"damage":6,"enemies":"Jaw Worm","floor":4,"turns":3},{"damage":20,"enemies":"Gremlin Nob","floor":6,"turns":4},{"damage":0,"enemies":"Cultist","floor":8,"turns":3},{"damage":25,"enemies":"Lagavulin","floor":14,"turns":6},{"damage":78,"enemies":"Slime Boss","floor":16,"turns":15}],"seed_played":"-6981126844772509023","potions_obtained":[{"floor":6,"key":"EssenceOfSteel"}],"is_trial":false,"path_per_floor":["M","?","$","M","?","E","R","M","T","R","?","$","?","E","R","B"],"character_chosen":"IRONCLAD","items_purchased":[],"campfire_rested":2,"item_purchase_floors":[],"current_hp_per_floor":[80,62,62,62,62,48,48,54,54,78,67,67,67,48,72,0],"gold":126,"neow_bonus":"REMOVE_CARD","is_prod":false,"is_daily":false,"chose_seed":false,"campfire_upgraded":1,"win_rate":0,"timestamp":1552054105,"path_taken":["M","?","$","M","?","E","R","M","T","R","?","$","?","E","R","BOSS"],"build_version":"2019-01-23","purchased_purges":2,"victory":false,"max_hp_per_floor":[80,80,80,80,80,80,80,80,80,80,80,80,80,80,80,80],"card_choices":[{"not_picked":["Sword Boomerang","Body Slam","Pummel"],"picked":"SKIP","floor":1},{"not_picked":["Iron Wave","Anger"],"picked":"Second Wind","floor":4},{"not_picked":["Evolve","Metallicize","Headbutt"],"picked":"SKIP","floor":6},{"not_picked":["Armaments","Pommel Strike","Reckless Charge"],"picked":"SKIP","floor":8},{"not_picked":["Clash","Sword Boomerang","Sever Soul"],"picked":"SKIP","floor":14}],"player_experience":475678,"relics_obtained":[{"floor":6,"key":"Nunchaku"},{"floor":9,"key":"Bag of Marbles"},{"floor":14,"key":"Meat on the Bone"}],"event_choices":[{"damage_healed":0,"gold_gain":0,"player_choice":"Success","damage_taken":18,"relics_obtained":["Lantern"],"max_hp_gain":0,"max_hp_loss":0,"event_name":"Scrap Ooze","floor":2,"gold_loss":0},{"damage_healed":0,"gold_gain":0,"player_choice":"Ignored","damage_taken":0,"max_hp_gain":0,"max_hp_loss":0,"event_name":"Liars Game","floor":5,"gold_loss":0},{"damage_healed":0,"gold_gain":75,"player_choice":"Gather Gold","damage_taken":11,"max_hp_gain":0,"max_hp_loss":0,"event_name":"World of Goop","floor":11,"gold_loss":0},{"damage_healed":0,"gold_gain":0,"player_choice":"Forge","damage_taken":0,"max_hp_gain":0,"max_hp_loss":0,"event_name":"Accursed Blacksmith","floor":13,"gold_loss":0,"cards_upgraded":["Bash"]}],"is_beta":false,"boss_relics":[],"items_purged_floors":[3,12],"is_endless":false,"potions_floor_spawned":[6],"killed_by":"Slime Boss","ascension_level":0}