{"gold_per_floor":[110,285,10,22,22,22,50,61,61,80,96,111,111,144,144,249,249,269,194,208,2,2,2,33,33,60,60,77,91,91,91,91,194,194,206,206,224,15,26,53,53,53,53,67,79,90,90,106,106,106],"floor_reached":51,"playtime":3635,"items_purged":["Doubt"],"score":851,"play_id":"0a2c7097-7eb1-4e0a-ab6b-43f99c719055","local_time":"20190519193935","is_ascension_mode":true,"campfire_choices":[{"data":"Zap","floor":6,"key":"SMITH"},{"data":"Go for the Eyes","floor":13,"key":"SMITH"},{"data":"Coolheaded","floor":15,"key":"SMITH"},{"data":"Buffer","floor":23,"key":"SMITH"},{"data":"Glacier","floor":27,"key":"SMITH"},{"data":"Dualcast","floor":30,"key":"SMITH"},{"data":"Rebound","floor":32,"key":"SMITH"},{"data":"Self Repair","floor":42,"key":"SMITH"},{"floor":47,"key":"REST"},{"data":"Echo Form","floor":49,"key":"SMITH"}],"neow_cost":"NONE","seed_source_timestamp":26122870484736,"circlet_count":0,"master_deck":["Strike_B","Strike_B","Strike_B","Defend_B","Defend_B+1","Defend_B+1","Zap+1","Dualcast+1","Gash","Echo Form+1","Rebound+1","Go for the Eyes+1","Glacier+1","Coolheaded+1","Gash","Gash","Reboot","Sweeping Beam+1","Self Repair+1","Compile Driver","Defragment+1","Barrage+1","Capacitor","Parasite"],"relics":["Cracked Core","NeowsBlessing","ClockworkSouvenir","Cables","Pen Nib","Gremlin Horn","Meat on the Bone","Black Star","Frozen Eye","Pantograph","Symbiotic Virus","Orichalcum","Runic Pyramid","Runic Capacitor","War Paint","Matryoshka","Dodecahedron","Bottled Tornado"],"potions_floor_usage":[20,22,37,40,44,50,50],"damage_taken":[{"damage":0,"enemies":"2 Louse","floor":1,"turns":1},{"damage":0,"enemies":"Jaw Worm","floor":4,"turns":1},{"damage":0,"enemies":"3 Sentries","floor":7,"turns":1},{"damage":0,"enemies":"Small Slimes","floor":8,"turns":2},{"damage":0,"enemies":"3 Louse","floor":10,"turns":2},{"damage":3,"enemies":"Looter","floor":11,"turns":2},{"damage":7,"enemies":"Red Slaver","floor":12,"turns":4},{"damage":10,"enemies":"Gremlin Nob","floor":14,"turns":4},{"damage":9,"enemies":"The Guardian","floor":16,"turns":15},{"damage":12,"enemies":"Chosen","floor":18,"turns":4},{"damage":13,"enemies":"2 Thieves","floor":20,"turns":4},{"damage":12,"enemies":"Colosseum Slavers","floor":22,"turns":5},{"damage":24,"enemies":"Book of Stabbing","floor":24,"turns":8},{"damage":12,"enemies":"Chosen and Byrds","floor":28,"turns":4},{"damage":7,"enemies":"Sentry and Sphere","floor":29,"turns":8},{"damage":55,"enemies":"Champ","floor":33,"turns":8},{"damage":11,"enemies":"Orb Walker","floor":35,"turns":4},{"damage":29,"enemies":"3 Darklings","floor":37,"turns":4},{"damage":23,"enemies":"Sphere and 2 Shapes","floor":39,"turns":4},{"damage":29,"enemies":"Nemesis","floor":40,"turns":5},{"damage":18,"enemies":"Writhing Mass","floor":44,"turns":5},{"damage":20,"enemies":"Maw","floor":45,"turns":6},{"damage":41,"enemies":"Sphere and 2 Shapes","floor":46,"turns":8},{"damage":12,"enemies":"Writhing Mass","floor":48,"turns":5},{"damage":58,"enemies":"Time Eater","floor":50,"turns":8}],"seed_played":"7010776903038623592","potions_obtained":[{"floor":7,"key":"Fire Potion"},{"floor":11,"key":"Explosive Potion"},{"floor":14,"key":"Ancient Potion"},{"floor":20,"key":"Swift Potion"},{"floor":24,"key":"Fire Potion"},{"floor":40,"key":"AttackPotion"},{"floor":44,"key":"Energy Potion"},{"floor":48,"key":"SkillPotion"}],"is_trial":false,"path_per_floor":["M","?","$","M","?","R","E","M","T","M","M","M","R","E","R","B",null,"M","?","M","$","?","R","E","?","T","R","M","M","R","?","R","B",null,"M","?","M","$","M","E","?","R","T","M","M","M","R","M","R","B",null],"character_chosen":"DEFECT","items_purchased":["ClockworkSouvenir","Frozen Eye","Runic Capacitor"],"campfire_rested":1,"item_purchase_floors":[3,21,38],"current_hp_per_floor":[75,75,75,75,72,72,72,72,72,72,69,62,62,52,52,43,75,63,63,50,50,38,38,26,85,85,85,73,66,66,66,66,42,85,74,74,45,45,41,31,31,31,31,45,57,48,73,81,81,39],"gold":106,"neow_bonus":"THREE_ENEMY_KILL","is_prod":false,"is_daily":false,"chose_seed":false,"campfire_upgraded":9,"win_rate":0,"timestamp":1558287575,"path_taken":["M","?","$","M","?","R","E","M","T","?","M","M","R","E","R","BOSS","M","?","M","$","?","R","E","?","T","R","?","M","R","?","R","BOSS","M","?","M","$","M","E","?","R","T","M","M","?","R","M","R","BOSS"],"build_version":"2019-01-23","purchased_purges":1,"victory":true,"max_hp_per_floor":[75,75,75,75,75,75,75,75,75,75,75,75,75,75,75,75,75,75,75,75,75,75,75,75,85,85,85,85,85,85,85,85,85,85,85,85,85,85,85,85,85,85,85,85,85,85,85,85,85,85],"card_choices":[{"not_picked":["Hologram","Steam"],"picked":"Gash","floor":1},{"not_picked":["Rebound","Sweeping Beam","Double Energy"],"picked":"SKIP","floor":4},{"not_picked":["Steam","Barrage"],"picked":"Echo Form","floor":7},{"not_picked":["BootSequence","Sunder"],"picked":"Rebound","floor":8},{"not_picked":["Compile Driver","Barrage"],"picked":"Go for the Eyes","floor":10},{"not_picked":["Compile Driver","Beam Cell"],"picked":"Glacier","floor":11},{"not_picked":["Steam","Undo","Conserve Battery"],"picked":"SKIP","floor":12},{"not_picked":["Cold Snap","Loop"],"picked":"Coolheaded","floor":14},{"not_picked":["Multi-Cast","Amplify"],"picked":"Buffer","floor":16},{"not_picked":["Auto Shields+1","Cold Snap+1","Redo+1"],"picked":"SKIP","floor":18},{"not_picked":["Blizzard","Turbo","Rip and Tear"],"picked":"SKIP","floor":20},{"not_picked":["Rebound+1","Compile Driver","Steam+1"],"picked":"SKIP","floor":24},{"not_picked":["Thunder Strike","Steam","Go for the Eyes"],"picked":"SKIP","floor":28},{"not_picked":["Beam Cell+1","Chill+1"],"picked":"Gash","floor":29},{"not_picked":["Fission","Meteor Strike"],"picked":"Reboot","floor":33},{"not_picked":["Sweeping Beam+1","Steam+1","Turbo+1"],"picked":"SKIP","floor":35},{"not_picked":["Steam+1","Turbo+1"],"picked":"Sweeping Beam+1","floor":35},{"not_picked":["Echo Form","Rebound"],"picked":"Self Repair","floor":37},{"not_picked":["Coolheaded+1","Genetic Algorithm+1","Compile Driver"],"picked":"SKIP","floor":39},{"not_picked":["Coolheaded+1","Genetic Algorithm+1"],"picked":"Compile Driver","floor":39},{"not_picked":["Coolheaded+1","Undo+1"],"picked":"Defragment","floor":40},{"not_picked":["Rebound+1","Go for the Eyes"],"picked":"Barrage+1","floor":44},{"not_picked":["Rip and Tear","Streamline"],"picked":"Capacitor","floor":45},{"not_picked":["Chill","White Noise+1","Stack+1"],"picked":"SKIP","floor":46},{"not_picked":["Thunder Strike","Coolheaded+1","Beam Cell"],"picked":"SKIP","floor":48}],"player_experience":74857,"relics_obtained":[{"floor":7,"key":"Pen Nib"},{"floor":9,"key":"Gremlin Horn"},{"floor":14,"key":"Meat on the Bone"},{"floor":24,"key":"Pantograph"},{"floor":24,"key":"Symbiotic Virus"},{"floor":26,"key":"Orichalcum"},{"floor":40,"key":"War Paint"},{"floor":40,"key":"Matryoshka"},{"floor":43,"key":"Dodecahedron"},{"floor":43,"key":"Bottled Tornado"}],"event_choices":[{"damage_healed":0,"gold_gain":175,"player_choice":"AGREE","damage_taken":0,"max_hp_gain":0,"max_hp_loss":0,"event_name":"Liars Game","floor":2,"gold_loss":0,"cards_obtained":["Doubt"]},{"damage_healed":0,"gold_gain":0,"player_choice":"Success","damage_taken":3,"relics_obtained":["Cables"],"max_hp_gain":0,"max_hp_loss":0,"event_name":"Scrap Ooze","floor":5,"gold_loss":0},{"cards_removed":["Strike_B"],"damage_healed":0,"gold_gain":0,"player_choice":"Gave Gold","damage_taken":0,"max_hp_gain":0,"max_hp_loss":0,"event_name":"Beggar","floor":19,"gold_loss":75},{"damage_healed":0,"gold_gain":0,"player_choice":"Fight","damage_taken":0,"max_hp_gain":0,"max_hp_loss":0,"event_name":"Colosseum","floor":22,"gold_loss":0},{"damage_healed":0,"gold_gain":0,"player_choice":"Fled From Nobs","damage_taken":0,"max_hp_gain":0,"max_hp_loss":0,"event_name":"Colosseum","floor":22,"gold_loss":0},{"cards_removed":["Buffer"],"damage_healed":49,"gold_gain":0,"player_choice":"Offered Rare","damage_taken":0,"max_hp_gain":10,"max_hp_loss":0,"event_name":"Bonfire Elementals","floor":25,"gold_loss":0},{"damage_healed":0,"gold_gain":0,"player_choice":"Read","damage_taken":0,"max_hp_gain":0,"max_hp_loss":0,"event_name":"The Library","floor":31,"gold_loss":0,"cards_obtained":["Gash"]},{"cards_removed":["Defend_B"],"damage_healed":0,"gold_gain":0,"player_choice":"Removed Skill","damage_taken":0,"max_hp_gain":0,"max_hp_loss":0,"event_name":"Falling","floor":36,"gold_loss":0},{"damage_healed":0,"gold_gain":0,"player_choice":"Upgraded","damage_taken":0,"max_hp_gain":0,"max_hp_loss":0,"event_name":"Upgrade Shrine","floor":41,"gold_loss":0,"cards_upgraded":["Defragment"]}],"is_beta":false,"boss_relics":[{"not_picked":["White Beast Statue","Busted Crown"],"picked":"Black Star"},{"not_picked":["Snecko Eye","Eternal Feather"],"picked":"Runic Pyramid"}],"items_purged_floors":[3],"is_endless":false,"potions_floor_spawned":[7,11,14,16,20,24,40,44,48],"ascension_level":4}