{"gold_per_floor":[113,288,288,363,638,638,358,375,375,375,402,402,402,418,418,523,523,523],"floor_reached":18,"playtime":410,"items_purged":["Doubt"],"score":181,"play_id":"3b18b87d-484d-4755-984c-cbbad9b182be","local_time":"20190515021553","is_ascension_mode":false,"campfire_choices":[{"data":"Metallicize","floor":6,"key":"SMITH"},{"data":"Bash","floor":10,"key":"SMITH"},{"floor":13,"key":"REST"},{"floor":15,"key":"REST"}],"neow_cost":"NONE","seed_source_timestamp":0,"circlet_count":0,"master_deck":["Strike_R","Strike_R","Strike_R","Strike_R","Defend_R","Defend_R","Defend_R","Bash+1","Metallicize+1","Regret","Shrug It Off","Regret","Heavy Blade","Double Tap"],"special_seed":0,"relics":["Black Blood","Brimstone","Boot","Girya"],"potions_floor_usage":[11],"damage_taken":[{"damage":0.0,"enemies":"Small Slimes","floor":1.0,"turns":3.0},{"damage":12,"enemies":"2 Louse","floor":8,"turns":2},{"damage":44,"enemies":"3 Sentries","floor":11,"turns":7},{"damage":4,"enemies":"Cultist","floor":14,"turns":3},{"damage":47,"enemies":"The Guardian","floor":16,"turns":9},{"damage":84,"enemies":"3 Byrds","floor":18,"turns":6}],"seed_played":"9216331364399410117","potions_obtained":[{"floor":1,"key":"Explosive Potion"},{"floor":8,"key":"Energy Potion"}],"is_trial":false,"path_per_floor":["M","?","?","?","?","R","$","M","T","R","E","?","R","M","R","B",null,"M"],"character_chosen":"IRONCLAD","items_purchased":["Brimstone"],"campfire_rested":2,"item_purchase_floors":[7],"current_hp_per_floor":[80,80,73,62,62,62,62,56,56,56,18,18,42,44,68,27,80,0],"gold":523,"neow_bonus":"TRANSFORM_CARD","is_prod":false,"is_daily":false,"chose_seed":false,"campfire_upgraded":2,"win_rate":0,"timestamp":1557879353,"path_taken":["M","?","?","?","?","R","$","?","T","R","E","?","R","M","R","BOSS","M"],"build_version":"2019-05-07","purchased_purges":1,"victory":false,"max_hp_per_floor":[80,80,80,80,80,80,80,80,80,80,80,80,80,80,80,80,80,80],"card_choices":[{"not_picked":["Corruption","Flex","True Grit"],"picked":"SKIP","floor":1},{"not_picked":["Bloodletting","Havoc","True Grit"],"picked":"SKIP","floor":8},{"not_picked":["Rupture","Flex"],"picked":"Shrug It Off","floor":11},{"not_picked":["Feel No Pain","Anger"],"picked":"Heavy Blade","floor":14},{"not_picked":["Reaper","Juggernaut"],"picked":"Double Tap","floor":16}],"player_experience":375004,"relics_obtained":[{"floor":11,"key":"Boot"}],"event_choices":[{"damage_healed":0,"gold_gain":175,"player_choice":"AGREE","damage_taken":0,"max_hp_gain":0,"max_hp_loss":0,"event_name":"Liars Game","floor":2,"gold_loss":0,"cards_obtained":["Doubt"]},{"cards_removed":["Strike_R"],"damage_healed":0,"gold_gain":0,"player_choice":"Card Removal","damage_taken":7,"max_hp_gain":0,"max_hp_loss":0,"event_name":"Golden Wing","floor":3,"gold_loss":0},{"damage_healed":0,"gold_gain":75,"player_choice":"Gather Gold","damage_taken":11,"max_hp_gain":0,"max_hp_loss":0,"event_name":"World of Goop","floor":4,"gold_loss":0},{"damage_healed":0,"gold_gain":275,"player_choice":"Desecrate","damage_taken":0,"max_hp_gain":0,"max_hp_loss":0,"event_name":"Golden Shrine","floor":5,"gold_loss":0,"cards_obtained":["Regret"]},{"damage_healed":0,"gold_gain":0,"player_choice":"Box","damage_taken":0,"relics_obtained":["Girya"],"max_hp_gain":0,"max_hp_loss":0,"event_name":"Big Fish","floor":12,"gold_loss":0,"cards_obtained":["Regret"]}],"is_beta":true,"boss_relics":[{"not_picked":["Eternal Feather","Orrery"],"picked":"Black Blood"}],"items_purged_floors":[7],"is_endless":false,"potions_floor_spawned":[1,8],"killed_by":"3 Byrds","ascension_level":0}