{"gold_per_floor":[119,119,119,138,313,313,9,9,36,65,84,46,62,78,78,182,182,196,196,24,124,124,149,149,168,191,191,202,202,219,239,239,344,344,359,379,390,214,214,214,234,260,260,277,65,84,84,84,84,84],"floor_reached":51,"playtime":1992,"items_purged":["Doubt","Defend_R","Strike_R"],"score":747,"play_id":"3519625d-28cc-4b12-aa3d-fb09cf78cbde","local_time":"20190424221329","is_ascension_mode":false,"campfire_choices":[{"data":"Pommel Strike","floor":6.0,"key":"SMITH"},{"data":"Apotheosis","floor":8.0,"key":"SMITH"},{"floor":15.0,"key":"REST"},{"data":"Writhe","floor":24.0,"key":"PURGE"},{"floor":27,"key":"REST"},{"data":"Defend_R","floor":29,"key":"PURGE"},{"floor":32,"key":"REST"},{"data":"Strike_R","floor":40,"key":"PURGE"},{"floor":49,"key":"REST"}],"neow_cost":"NONE","seed_source_timestamp":0,"circlet_count":0,"master_deck":["Strike_R","Strike_R","Strike_R","Defend_R","Bash","Clash","Pommel Strike+1","Shrug It Off","Apotheosis+1","Clash","Clash","Thunderclap","Dual Wield","Offering","Intimidate","Panache","Seeing Red+1","Clash+1","Reaper","Feed","Clash+1","Good Instincts","Secret Weapon","Purity","Disarm+1","Clash+1","Madness","Madness"],"special_seed":0,"relics":["Black Blood","Regal Pillow","Question Card","Membership Card","Strawberry","Lantern","Fusion Hammer","Orichalcum","Peace Pipe","Mercury Hourglass","Ginger","Centennial Puzzle","Bag of Marbles","Paper Frog","Anchor","Ice Cream","Torii"],"potions_floor_usage":[31,50,50,50],"damage_taken":[{"damage":2.0,"enemies":"Small Slimes","floor":1.0,"turns":3.0},{"damage":1.0,"enemies":"Jaw Worm","floor":4.0,"turns":3.0},{"damage":44.0,"enemies":"Gremlin Nob","floor":10.0,"turns":5.0},{"damage":0.0,"enemies":"Cultist","floor":11.0,"turns":3.0},{"damage":14.0,"enemies":"3 Louse","floor":13.0,"turns":2.0},{"damage":0.0,"enemies":"Looter","floor":14.0,"turns":1.0},{"damage":8.0,"enemies":"Slime Boss","floor":16.0,"turns":5.0},{"damage":13.0,"enemies":"Shell Parasite","floor":18.0,"turns":3.0},{"damage":20.0,"enemies":"Colosseum Slavers","floor":21.0,"turns":3.0},{"damage":13.0,"enemies":"Colosseum Nobs","floor":21.0,"turns":3.0},{"damage":43.0,"enemies":"Slavers","floor":23.0,"turns":6.0},{"damage":0.0,"enemies":"3 Byrds","floor":25.0,"turns":2.0},{"damage":6,"enemies":"Snecko","floor":28,"turns":2},{"damage":13,"enemies":"Centurion and Healer","floor":30,"turns":2},{"damage":15,"enemies":"Snake Plant","floor":31,"turns":2},{"damage":38,"enemies":"Champ","floor":33,"turns":6},{"damage":0,"enemies":"Orb Walker","floor":35,"turns":2},{"damage":8,"enemies":"3 Darklings","floor":36,"turns":3},{"damage":6,"enemies":"Maw","floor":37,"turns":5},{"damage":6,"enemies":"Transient","floor":41,"turns":5},{"damage":6,"enemies":"Nemesis","floor":42,"turns":1},{"damage":13,"enemies":"Jaw Worm Horde","floor":44,"turns":3},{"damage":29,"enemies":"Writhing Mass","floor":46,"turns":4},{"damage":80,"enemies":"Donu and Deca","floor":50,"turns":8}],"seed_played":"5672569718164843052","potions_obtained":[{"floor":4.0,"key":"SneckoOil"},{"floor":10.0,"key":"PowerPotion"},{"floor":18.0,"key":"Fire Potion"},{"floor":30,"key":"Energy Potion"},{"floor":37,"key":"LiquidBronze"}],"is_trial":false,"path_per_floor":["M","?","T","M","?","R","$","R","T","E","M","$","M","M","R","B",null,"M","?","$","?","?","E","R","M","T","R","M","R","M","M","R","B",null,"M","M","M","$","?","R","M","E","T","M","$","M","?","?","R","B",null],"character_chosen":"IRONCLAD","items_purchased":["Membership Card","Apotheosis","Panache","Orichalcum","Paper Frog","Torii"],"campfire_rested":4,"item_purchase_floors":[7,7,20,20,38,45],"current_hp_per_floor":[80,68,68,73,73,73,73,73,80,42,48,48,40,46,87,85,87,80,80,80,59,59,22,22,28,28,69,69,69,62,53,87,61,87,87,87,87,87,77,77,87,91,91,94,94,80,68,68,94,27],"gold":84,"neow_bonus":"THREE_CARDS","is_prod":false,"is_daily":false,"chose_seed":false,"campfire_upgraded":2,"win_rate":0,"timestamp":1556162009,"path_taken":["M","?","?","?","?","R","$","R","T","E","M","$","M","M","R","BOSS","M","?","$","?","?","E","R","?","T","R","M","R","M","M","R","BOSS","M","M","M","$","?","R","M","E","T","M","$","M","?","?","R","BOSS"],"build_version":"2019-01-23","purchased_purges":3,"victory":true,"max_hp_per_floor":[80,80,80,80,80,80,80,80,87,87,87,87,87,87,87,87,87,87,87,87,87,87,87,87,87,87,87,87,87,87,87,87,87,87,87,87,87,87,87,87,87,91,91,94,94,94,94,94,94,94],"card_choices":[{"not_picked":["Perfected Strike","Wild Strike"],"picked":"Clash","floor":0.0},{"not_picked":["Armaments","Blood for Blood"],"picked":"Pommel Strike","floor":1.0},{"not_picked":["Bloodletting","Reckless Charge","Blood for Blood"],"picked":"Shrug It Off","floor":4.0},{"not_picked":["Rage","Cleave","Whirlwind"],"picked":"Clash","floor":10.0},{"not_picked":["Searing Blow","Entrench","Blood for Blood"],"picked":"Clash","floor":11.0},{"not_picked":["Armaments","Sword Boomerang","Cleave"],"picked":"Thunderclap","floor":13.0},{"not_picked":["Immolate","Anger","Cleave"],"picked":"Dual Wield","floor":14.0},{"not_picked":["Berserk","Dark Embrace","Brutality"],"picked":"Offering","floor":16.0},{"not_picked":["Uppercut","Searing Blow","Battle Trance"],"picked":"Intimidate","floor":18.0},{"not_picked":["Heavy Blade","Anger","Second Wind+1"],"picked":"Seeing Red+1","floor":21.0},{"not_picked":["Disarm","Entrench","Dropkick","Feel No Pain"],"picked":"SKIP","floor":23.0},{"not_picked":["Thunderclap","Shrug It Off+1","True Grit+1"],"picked":"Clash+1","floor":25.0},{"not_picked":["Dual Wield","Pommel Strike","Searing Blow","Cleave+1"],"picked":"SKIP","floor":28},{"not_picked":["Bloodletting","Anger+1","Shockwave","Second Wind+1"],"picked":"SKIP","floor":30},{"not_picked":["Fire Breathing","Heavy Blade+1","Anger"],"picked":"Reaper","floor":31},{"not_picked":["Berserk","Bludgeon","Immolate"],"picked":"Feed","floor":33},{"not_picked":["Twin Strike","Carnage","Hemokinesis","Heavy Blade+1"],"picked":"SKIP","floor":35},{"not_picked":["Perfected Strike","Headbutt","Sword Boomerang+1"],"picked":"Clash+1","floor":36},{"not_picked":["Rupture+1","Flex","Perfected Strike","Pommel Strike+1"],"picked":"SKIP","floor":37},{"not_picked":["Deep Breath","Violence","Madness"],"picked":"Good Instincts","floor":39},{"not_picked":["Good Instincts","Apotheosis","Purity"],"picked":"Secret Weapon","floor":39},{"not_picked":["Bandage Up","Forethought","Transmutation"],"picked":"Purity","floor":39},{"not_picked":["Battle Trance+1","Anger+1","Searing Blow","Sword Boomerang+1"],"picked":"SKIP","floor":41},{"not_picked":["Headbutt","Dropkick+1","True Grit+1"],"picked":"Disarm+1","floor":42},{"not_picked":["Headbutt+1","Clothesline+1","Spot Weakness"],"picked":"Clash+1","floor":44},{"not_picked":["Reckless Charge","Sword Boomerang+1","Clothesline+1","Body Slam+1"],"picked":"SKIP","floor":46}],"player_experience":9460,"relics_obtained":[{"floor":3.0,"key":"Question Card"},{"floor":9.0,"key":"Strawberry"},{"floor":10.0,"key":"Lantern"},{"floor":21.0,"key":"Peace Pipe"},{"floor":21.0,"key":"Mercury Hourglass"},{"floor":23.0,"key":"Centennial Puzzle"},{"floor":26.0,"key":"Bag of Marbles"},{"floor":42,"key":"Anchor"},{"floor":43,"key":"Ice Cream"}],"event_choices":[{"damage_healed":0.0,"max_hp_gain":0.0,"max_hp_loss":0.0,"gold_gain":0.0,"event_name":"Scrap Ooze","player_choice":"Success","floor":2.0,"gold_loss":0.0,"damage_taken":12.0,"relics_obtained":["Regal Pillow"]},{"damage_healed":0.0,"max_hp_gain":0.0,"max_hp_loss":0.0,"gold_gain":175.0,"event_name":"Liars Game","player_choice":"AGREE","floor":5.0,"gold_loss":0.0,"damage_taken":0.0,"cards_obtained":["Doubt"]},{"damage_healed":0.0,"max_hp_gain":0.0,"max_hp_loss":0.0,"gold_gain":0.0,"event_name":"Ghosts","player_choice":"Ignored","floor":19.0,"gold_loss":0.0,"damage_taken":0.0},{"damage_healed":0.0,"max_hp_gain":0.0,"max_hp_loss":0.0,"gold_gain":0.0,"event_name":"Colosseum","player_choice":"Fight","floor":21.0,"gold_loss":0.0,"damage_taken":0.0},{"damage_healed":0.0,"max_hp_gain":0.0,"max_hp_loss":0.0,"gold_gain":0.0,"event_name":"Colosseum","player_choice":"Fought Nobs","floor":21.0,"gold_loss":0.0,"damage_taken":0.0},{"damage_healed":0.0,"max_hp_gain":0.0,"max_hp_loss":0.0,"gold_gain":0.0,"event_name":"The Mausoleum","player_choice":"Opened","floor":22.0,"gold_loss":0.0,"damage_taken":0.0,"relics_obtained":["Ginger"],"cards_obtained":["Writhe"]},{"damage_healed":0,"gold_gain":0,"player_choice":"Memory 3","damage_taken":10,"max_hp_gain":0,"max_hp_loss":0,"event_name":"SensoryStone","floor":39,"gold_loss":0},{"damage_healed":0,"gold_gain":0,"player_choice":"Embrace Madness","damage_taken":12,"max_hp_gain":0,"max_hp_loss":0,"event_name":"Winding Halls","floor":47,"gold_loss":0,"cards_obtained":["Madness","Madness"]},{"cards_removed":["Defend_R"],"damage_healed":0,"gold_gain":0,"player_choice":"Removed Skill","damage_taken":0,"max_hp_gain":0,"max_hp_loss":0,"event_name":"Falling","floor":48,"gold_loss":0}],"is_beta":false,"boss_relics":[{"not_picked":["Snecko Eye","Tiny House"],"picked":"Fusion Hammer"},{"not_picked":["Lizard Tail","Eternal Feather"],"picked":"Black Blood"}],"items_purged_floors":[12,38,45],"is_endless":false,"potions_floor_spawned":[4,10,18,25,28,30,37,41,42],"ascension_level":0}