{"gold_per_floor":[110,11,31,51,69,69,69,83,83,83,101,121,139,154,154,231,231,251,176,176,190,13,13,31,59,107,124,124,224,224,224,224,301,301,318,318,318,418,430,430,136,136,162,162,181,191,210,230,230,230],"floor_reached":50,"playtime":2767,"items_purged":["Strike_B"],"score":804,"play_id":"6cb14221-eab0-40a3-9a2a-13ccfcda8e30","local_time":"20190422121412","is_ascension_mode":true,"campfire_choices":[{"data":"Zap","floor":6.0,"key":"SMITH"},{"floor":15.0,"key":"REST"},{"data":"Creative AI","floor":23.0,"key":"SMITH"},{"data":"Go for the Eyes","floor":28.0,"key":"SMITH"},{"data":"Beam Cell","floor":30.0,"key":"SMITH"},{"floor":32.0,"key":"REST"},{"data":"1","floor":40.0,"key":"LIFT"},{"data":"Hologram","floor":42.0,"key":"SMITH"},{"floor":49,"key":"REST"}],"neow_cost":"TEN_PERCENT_HP_LOSS","seed_source_timestamp":43239952214563,"circlet_count":0,"master_deck":["AscendersBane","Defend_B+1","Defend_B+1","Defend_B+1","Zap+1","Dualcast+1","Self Repair+1","Gash","Conserve Battery","Conserve Battery","Gash+1","Sweeping Beam","All For One+1","Turbo","FTL","Creative AI+1","Beam Cell+1","Rebound+1","Gash","Steam","Go for the Eyes+1","Leap","Echo Form","Gash","Force Field+1","Hologram+1","Conserve Battery","Steam","Consume"],"special_seed":0,"relics":["Cracked Core","Mummified Hand","Inserter","Juzu Bracelet","Strawberry","Oddly Smooth Stone","Girya","Sundial","Philosopher\u0027s Stone","Incense Burner","StoneCalendar","Whetstone"],"potions_floor_usage":[50],"damage_taken":[{"damage":14.0,"enemies":"2 Louse","floor":1.0,"turns":2.0},{"damage":7.0,"enemies":"Jaw Worm","floor":3.0,"turns":3.0},{"damage":9.0,"enemies":"Small Slimes","floor":4.0,"turns":4.0},{"damage":6.0,"enemies":"3 Louse","floor":5.0,"turns":4.0},{"damage":18.0,"enemies":"2 Fungi Beasts","floor":8.0,"turns":4.0},{"damage":3.0,"enemies":"Blue Slaver","floor":11.0,"turns":4.0},{"damage":6.0,"enemies":"Looter","floor":12.0,"turns":3.0},{"damage":19.0,"enemies":"Gremlin Gang","floor":13.0,"turns":4.0},{"damage":6.0,"enemies":"Exordium Wildlife","floor":14.0,"turns":3.0},{"damage":18.0,"enemies":"The Guardian","floor":16.0,"turns":8.0},{"damage":28.0,"enemies":"2 Thieves","floor":18.0,"turns":5.0},{"damage":0.0,"enemies":"Chosen","floor":21.0,"turns":3.0},{"damage":20.0,"enemies":"3 Cultists","floor":24.0,"turns":4.0},{"damage":7.0,"enemies":"Gremlin Leader","floor":25.0,"turns":6.0},{"damage":6.0,"enemies":"Centurion and Healer","floor":27.0,"turns":5.0},{"damage":24.0,"enemies":"Colosseum Slavers","floor":29.0,"turns":4.0},{"damage":17.0,"enemies":"Colosseum Nobs","floor":29.0,"turns":4.0},{"damage":9.0,"enemies":"Champ","floor":33.0,"turns":8.0},{"damage":10.0,"enemies":"Orb Walker","floor":35.0,"turns":4.0},{"damage":0.0,"enemies":"Mind Bloom Boss Battle","floor":38.0,"turns":9.0},{"damage":28.0,"enemies":"3 Darklings","floor":39.0,"turns":7.0},{"damage":34.0,"enemies":"Writhing Mass","floor":45.0,"turns":4.0},{"damage":19.0,"enemies":"Spire Growth","floor":46.0,"turns":5.0},{"damage":10.0,"enemies":"Jaw Worm Horde","floor":47.0,"turns":4.0},{"damage":14,"enemies":"Writhing Mass","floor":48,"turns":7},{"damage":65,"enemies":"Time Eater","floor":50,"turns":6}],"seed_played":"-3020190977505828872","potions_obtained":[{"floor":5.0,"key":"Block Potion"},{"floor":12.0,"key":"SpeedPotion"},{"floor":13.0,"key":"EntropicBrew"},{"floor":39.0,"key":"AttackPotion"}],"is_trial":false,"path_per_floor":["M","$","M","M","M","R","?","M","T","?","M","M","M","M","R","B",null,"M","?","?","M","$","R","M","E","T","M","R","?","R","?","R","B",null,"M","?","?","?","M","R","$","R","T","?","M","M","M","M","R","B"],"character_chosen":"DEFECT","items_purchased":["Gash","Gash","Juzu Bracelet","StoneCalendar"],"campfire_rested":3,"item_purchase_floors":[2,22,22,41],"current_hp_per_floor":[50,50,50,48,49,49,36,28,28,21,28,32,23,27,46,38,58,40,40,40,50,50,50,40,50,50,54,54,33,33,33,54,55,67,67,67,67,67,59,59,59,59,59,59,35,26,26,32,52,0],"gold":230,"neow_bonus":"REMOVE_TWO","is_prod":false,"is_daily":false,"chose_seed":false,"campfire_upgraded":5,"win_rate":0,"timestamp":1555902852,"path_taken":["M","$","M","M","M","R","?","M","T","?","M","M","M","M","R","BOSS","BOSS","M","?","?","M","$","R","M","E","T","M","R","?","R","?","R","BOSS","M","?","?","?","M","R","$","R","T","?","M","M","M","M","R","BOSS"],"build_version":"2019-01-23","purchased_purges":1,"victory":false,"max_hp_per_floor":[64,64,64,64,64,64,64,64,64,64,64,64,64,64,64,64,64,64,64,64,64,64,64,64,71,71,71,71,71,71,71,71,71,71,71,71,67,67,67,67,67,67,67,67,67,67,67,67,67,67],"card_choices":[{"not_picked":["Rebound","Sweeping Beam"],"picked":"Self Repair","floor":1.0},{"not_picked":["White Noise","Melter"],"picked":"Conserve Battery","floor":3.0},{"not_picked":["Stack","Sweeping Beam"],"picked":"Conserve Battery","floor":4.0},{"not_picked":["Conserve Battery","Fusion","Redo"],"picked":"SKIP","floor":5.0},{"not_picked":["Doom and Gloom","Genetic Algorithm"],"picked":"Gash","floor":8.0},{"not_picked":["Reprogram","Leap"],"picked":"Sweeping Beam","floor":11.0},{"not_picked":["Cold Snap","Tempest"],"picked":"All For One","floor":12.0},{"not_picked":["Scrape","Coolheaded"],"picked":"Turbo","floor":13.0},{"not_picked":["Compile Driver","Sweeping Beam"],"picked":"FTL","floor":14.0},{"not_picked":["Amplify","Buffer"],"picked":"Creative AI","floor":16.0},{"not_picked":["Turbo","Sweeping Beam"],"picked":"Beam Cell","floor":18.0},{"not_picked":["Skim","Turbo+1"],"picked":"Rebound+1","floor":21.0},{"not_picked":["Ball Lightning","Compile Driver"],"picked":"Steam","floor":24.0},{"not_picked":["Multi-Cast","Cold Snap"],"picked":"Go for the Eyes","floor":25.0},{"not_picked":["Fusion","Steam","Coolheaded"],"picked":"SKIP","floor":27.0},{"not_picked":["Stack","Rebound"],"picked":"Leap","floor":29.0},{"not_picked":["Multi-Cast","Seek"],"picked":"Echo Form","floor":33.0},{"not_picked":["Genetic Algorithm","Self Repair"],"picked":"Gash","floor":35.0},{"not_picked":["Melter+1","Leap+1"],"picked":"Force Field+1","floor":38.0},{"not_picked":["Reprogram+1","Tempest"],"picked":"Hologram","floor":39.0},{"not_picked":["Darkness","Cold Snap"],"picked":"Conserve Battery","floor":45.0},{"not_picked":["Sweeping Beam","Doom and Gloom"],"picked":"Steam","floor":46.0},{"not_picked":["Melter","Ball Lightning","Leap"],"picked":"SKIP","floor":47.0},{"not_picked":["Aggregate+1","Redo+1"],"picked":"Consume","floor":48}],"player_experience":267963,"relics_obtained":[{"floor":9.0,"key":"Mummified Hand"},{"floor":25.0,"key":"Strawberry"},{"floor":26.0,"key":"Oddly Smooth Stone"},{"floor":29.0,"key":"Girya"},{"floor":29.0,"key":"Sundial"},{"floor":38.0,"key":"Incense Burner"},{"floor":43.0,"key":"Whetstone"}],"event_choices":[{"damage_healed":0.0,"max_hp_gain":0.0,"max_hp_loss":0.0,"gold_gain":0.0,"event_name":"Shining Light","player_choice":"Entered Light","floor":7.0,"gold_loss":0.0,"damage_taken":13.0,"cards_upgraded":["Self Repair","Dualcast"]},{"cards_removed":["Strike_B"],"damage_healed":0.0,"max_hp_gain":0.0,"max_hp_loss":0.0,"gold_gain":0.0,"event_name":"Golden Wing","player_choice":"Card Removal","floor":10.0,"gold_loss":0.0,"damage_taken":7.0},{"cards_removed":["Strike_B"],"damage_healed":0.0,"max_hp_gain":0.0,"max_hp_loss":0.0,"gold_gain":0.0,"event_name":"Beggar","player_choice":"Gave Gold","floor":19.0,"gold_loss":75.0,"damage_taken":0.0},{"damage_healed":0.0,"max_hp_gain":0.0,"max_hp_loss":0.0,"gold_gain":0.0,"event_name":"Vampires","player_choice":"Ignored","floor":20.0,"gold_loss":0.0,"damage_taken":0.0},{"damage_healed":0.0,"max_hp_gain":0.0,"max_hp_loss":0.0,"gold_gain":0.0,"event_name":"Colosseum","player_choice":"Fight","floor":29.0,"gold_loss":0.0,"damage_taken":0.0},{"damage_healed":0.0,"max_hp_gain":0.0,"max_hp_loss":0.0,"gold_gain":0.0,"event_name":"Colosseum","player_choice":"Fought Nobs","floor":29.0,"gold_loss":0.0,"damage_taken":0.0},{"damage_healed":0.0,"max_hp_gain":0.0,"max_hp_loss":0.0,"gold_gain":0.0,"event_name":"Back to Basics","player_choice":"Simplicity","floor":31.0,"gold_loss":0.0,"damage_taken":0.0,"cards_upgraded":["Defend_B","Defend_B","Defend_B"]},{"damage_healed":0.0,"max_hp_gain":0.0,"max_hp_loss":0.0,"gold_gain":0.0,"event_name":"Mysterious Sphere","player_choice":"Ignored","floor":36.0,"gold_loss":0.0,"damage_taken":0.0},{"damage_healed":0.0,"max_hp_gain":0.0,"max_hp_loss":4.0,"gold_gain":0.0,"event_name":"Winding Halls","player_choice":"Max HP","floor":37.0,"gold_loss":0.0,"damage_taken":0.0},{"damage_healed":0.0,"max_hp_gain":0.0,"max_hp_loss":0.0,"gold_gain":0.0,"event_name":"MindBloom","player_choice":"Fight","floor":38.0,"gold_loss":0.0,"damage_taken":0.0},{"damage_healed":0.0,"max_hp_gain":0.0,"max_hp_loss":0.0,"gold_gain":0.0,"event_name":"SensoryStone","player_choice":"Memory 1","floor":44.0,"gold_loss":0.0,"damage_taken":0.0}],"is_beta":false,"boss_relics":[{"not_picked":["Lizard Tail","Runic Pyramid"],"picked":"Inserter"},{"not_picked":["Velvet Choker","Astrolabe"],"picked":"Philosopher\u0027s Stone"}],"items_purged_floors":[2],"is_endless":false,"potions_floor_spawned":[5,12,13,18,24,29,39,45],"killed_by":"Time Eater","ascension_level":14}