{"path_per_floor":["M","?","?","?","?","R","E","M","T","T","M","?","E","M","R","B",null,"M","$","?","?","T","R","M","M","T","M","?","$","M","M","R","B",null,"M","?","?","?","T","R","E","R","T","M","R","?"],"character_chosen":"IRONCLAD","items_purchased":["Apotheosis","Dodecahedron","Juzu Bracelet"],"gold_per_floor":[109,359,309,309,309,309,334,347,347,373,392,567,593,606,606,701,701,721,38,72,72,95,95,115,128,128,148,148,98,109,124,124,227,227,244,244,466,514,539,539,574,574,574,593,593,593],"floor_reached":47,"campfire_rested":1,"playtime":2453,"current_hp_per_floor":[73,73,73,61,61,61,37,39,39,39,45,45,36,42,66,17,80,80,80,77,77,77,77,80,80,80,80,80,80,80,80,80,57,80,69,69,69,66,66,66,60,60,60,52,52,42],"items_purged":["Strike_R","Defend_R"],"gold":593,"score":485,"play_id":"89bb5100-5be5-4b0f-8bfb-9280a7f5bd24","is_prod":false,"is_daily":false,"is_ascension_mode":false,"campfire_upgraded":5,"path_taken":["M","?","?","?","?","R","E","M","T","?","?","?","E","M","R","BOSS","M","?","?","?","?","R","M","M","T","M","?","?","M","M","R","BOSS","M","?","?","?","?","R","E","R","T","M","R","?","E"],"build_version":"2018-02-15-BETA1","purchased_purges":2,"victory":false,"master_deck":["Strike_R+1","Strike_R","Defend_R","Defend_R+1","Bash","Limit Break+1","Whirlwind+1","Cleave","Infernal Blade+1","Cleave","Rampage","Armaments+1","Apotheosis+1","Cleave","Pommel Strike+1","Pommel Strike+1","Whirlwind+1","Flex+1","Decay","Immolate+1","Injury","Double Tap","Pain","Cleave+1","Madness","Madness"],"max_hp_per_floor":[80,80,80,80,80,80,80,80,80,80,80,80,80,80,80,80,80,80,80,80,80,80,80,80,80,80,80,80,80,80,80,80,80,80,80,80,80,80,80,80,80,80,80,80,80,80],"relics":["Burning Blood","Bag of Marbles","Centennial Puzzle","Du-Vu Doll","Whetstone","Prayer Wheel","Mark of Pain","Dodecahedron","Juzu Bracelet","Red Mask","Vajra","Smiling Mask","Cursed Key","Peace Pipe","War Paint","Dream Catcher","Charon\u0027s Ashes"],"card_choices":[{"not_picked":["Impervious","Berserk"],"picked":"Limit Break"},{"not_picked":["Sword Boomerang","Dual Wield"],"picked":"Whirlwind"},{"not_picked":["Anger","Headbutt"],"picked":"Cleave"},{"not_picked":["Perfected Strike","Headbutt"],"picked":"Infernal Blade"},{"not_picked":["Bludgeon","Reckless Charge"],"picked":"Cleave"},{"not_picked":["Anger","Shockwave"],"picked":"Rampage"},{"not_picked":["Corruption","Sword Boomerang"],"picked":"Armaments"},{"not_picked":["Iron Wave","Rage"],"picked":"Cleave"},{"not_picked":["Rampage","Thunderclap"],"picked":"Pommel Strike"},{"not_picked":["Clothesline","Clash"],"picked":"Pommel Strike"},{"not_picked":["Twin Strike","Thunderclap"],"picked":"Whirlwind"},{"not_picked":["Cleave","Perfected Strike"],"picked":"Flex"},{"not_picked":["Fiend Fire","Brutality"],"picked":"Immolate"},{"not_picked":["Perfected Strike","Barricade"],"picked":"Double Tap"},{"not_picked":["Twin Strike","Uppercut"],"picked":"Cleave"}],"player_experience":43395,"potions_floor_usage":[13,33,38,41],"damage_taken":[{"damage":13,"enemies":"Jaw Worm","floor":1,"turns":3},{"damage":30,"enemies":"Gremlin Nob","floor":7,"turns":4},{"damage":4,"enemies":"Cultist","floor":8,"turns":3},{"damage":0,"enemies":"Small Slimes","floor":11,"turns":1},{"damage":15,"enemies":"Lagavulin","floor":13,"turns":3},{"damage":0,"enemies":"2 Fungi Beasts","floor":14,"turns":1},{"damage":55,"enemies":"Hexaghost","floor":16,"turns":5},{"damage":2,"enemies":"Chosen","floor":18,"turns":4},{"damage":9,"enemies":"Masked Bandits","floor":20,"turns":3},{"damage":0,"enemies":"3 Byrds","floor":24,"turns":3},{"damage":4,"enemies":"Cultist and Chosen","floor":25,"turns":4},{"damage":0,"enemies":"3 Cultists","floor":27,"turns":2},{"damage":4,"enemies":"Centurion and Healer","floor":30,"turns":3},{"damage":2,"enemies":"Chosen and Byrds","floor":31,"turns":3},{"damage":29,"enemies":"Collector","floor":33,"turns":6},{"damage":17,"enemies":"3 Shapes","floor":35,"turns":1},{"damage":9,"enemies":"Mysterious Sphere","floor":38,"turns":1},{"damage":12,"enemies":"2 Orb Walkers","floor":41,"turns":2},{"damage":14,"enemies":"Flame Bruiser 1 Orb","floor":44,"turns":3},{"damage":49,"enemies":"Nemesis","floor":47,"turns":3}],"event_choices":[{"event_name":"Golden Shrine","player_choice":"Desecrate","floor":2,"damage_taken":0},{"event_name":"The Cleric","player_choice":"Card Removal","floor":3,"damage_taken":0},{"event_name":"Scrap Ooze","player_choice":"success","floor":4,"damage_taken":12},{"event_name":"Living Wall","player_choice":"Grow","floor":5,"damage_taken":0},{"event_name":"Liars Game","player_choice":"agreed","floor":12,"damage_taken":0},{"event_name":"Masked Bandits","player_choice":"Fought over 38 gold","floor":20,"damage_taken":0},{"event_name":"Fountain of Cleansing","player_choice":"Removed Curse","floor":21,"damage_taken":0},{"event_name":"Forgotten Altar","player_choice":"Smashed Altar","floor":28,"damage_taken":0},{"event_name":"Tomb of Lord Red Mask","player_choice":"Wore Mask","floor":37,"damage_taken":0},{"event_name":"Mysterious Sphere","player_choice":"Fight","floor":38,"damage_taken":0},{"event_name":"Winding Halls","player_choice":"Embrace Madness","floor":46,"damage_taken":0}],"boss_relics":[{"not_picked":["Black Star","Snecko Eye"],"picked":"Mark of Pain"},{"not_picked":["Tiny House","Velvet Choker"],"picked":"Cursed Key"}],"potions_floor_spawned":[8,11,14,20,24,30,35,44],"seed_played":"8514639730364192203","killed_by":"Nemesis","ascension_level":0,"is_trial":false}