{"path_per_floor":["M","M","?","?","$","E","R","$","T","T","M","?","M","?","R","B",null,"M","M","?","?","?","R","E","M","T","R","$","?","M","M","R","B",null,"M","M","?","?","$","R","M","R","T","M","?","?","?","M","R"],"character_chosen":"IRONCLAD","items_purchased":["Mango","Shrug It Off","Armaments","Bronze Scales","Flex","Panache","Anchor"],"gold_per_floor":[365,385,385,560,142,174,174,24,47,47,57,57,68,68,68,164,164,179,194,223,148,148,148,178,194,218,218,20,20,39,54,54,154,154,167,185,485,539,78,78,89,89,144,161,161,383,383,397,397],"floor_reached":50,"campfire_rested":1,"playtime":3824,"current_hp_per_floor":[72,72,72,72,86,59,59,59,59,59,61,61,62,89,89,28,89,88,86,73,73,56,56,71,77,77,77,77,77,60,64,64,43,94,84,87,87,80,80,80,65,65,65,69,69,69,69,77,94],"items_purged":["Doubt","Strike_R","Strike_R"],"gold":397,"score":508,"play_id":"252a6af6-31dd-4287-a7fe-1b32faa33dcd","is_prod":false,"is_daily":false,"is_ascension_mode":false,"campfire_upgraded":4,"path_taken":["M","M","?","?","$","E","R","?","T","?","M","?","M","?","R","BOSS","M","M","?","?","?","R","E","M","T","R","$","?","M","M","R","BOSS","M","M","?","?","$","R","M","R","T","M","?","?","?","M","R","BOSS"],"build_version":"2018-02-15-BETA1","purchased_purges":3,"victory":false,"master_deck":["Strike_R","Defend_R","Bash","Twin Strike","Dropkick","Shrug It Off","Infernal Blade+1","Armaments+1","Armaments","Dual Wield","Inflame","Double Tap","Anger+1","Sword Boomerang+1","Flame Barrier+1","Twin Strike+1","Thunderclap","Cleave","Inflame+1","Warcry+1","Flex+1","Headbutt+1","Limit Break+1","Rage+1","Heavy Blade","Heavy Blade+1","Panache"],"max_hp_per_floor":[72,72,72,72,86,86,86,86,86,86,89,89,89,89,89,89,89,89,89,89,89,94,94,94,94,94,94,94,94,94,94,94,94,94,94,94,94,94,94,94,94,94,94,94,94,94,94,94,94],"relics":["Burning Blood","Mango","Juzu Bracelet","Vajra","Girya","Astrolabe","Red Mask","Letter Opener","Blood Vial","Bronze Scales","Mark of Pain","Unceasing Top","Anchor","Oddly Smooth Stone"],"card_choices":[{"not_picked":["Clothesline","Uppercut"],"picked":"Twin Strike"},{"not_picked":["Iron Wave","Heavy Blade"],"picked":"Dropkick"},{"not_picked":["Havoc","Evolve"],"picked":"Infernal Blade"},{"not_picked":["Perfected Strike","Sword Boomerang"],"picked":"Armaments"},{"not_picked":["True Grit","Combust"],"picked":"Inflame"},{"not_picked":["Reaper","Fiend Fire"],"picked":"Double Tap"},{"not_picked":["Sword Boomerang","Armaments"],"picked":"Twin Strike"},{"not_picked":["Twin Strike","Sentinel"],"picked":"Thunderclap"},{"not_picked":["True Grit","Searing Blow"],"picked":"Cleave"},{"not_picked":["True Grit","Rage"],"picked":"Inflame"},{"not_picked":["Twin Strike","Fire Breathing"],"picked":"Warcry"},{"not_picked":["Warcry","Pummel"],"picked":"Shrug It Off"},{"not_picked":["Flex","Anger"],"picked":"Headbutt"},{"not_picked":["Barricade","Dark Embrace"],"picked":"Limit Break"},{"not_picked":["Thunderclap","Wild Strike"],"picked":"Rage"},{"not_picked":["Hemokinesis","Clothesline"],"picked":"Heavy Blade"},{"not_picked":["Armaments","Clothesline"],"picked":"Heavy Blade"}],"player_experience":50198,"potions_floor_usage":[24,24,24,33,50],"damage_taken":[{"damage":0,"enemies":"2 Louse","floor":1,"turns":3},{"damage":1,"enemies":"Cultist","floor":2,"turns":4},{"damage":33,"enemies":"3 Sentries","floor":6,"turns":11},{"damage":7,"enemies":"Small Slimes","floor":11,"turns":3},{"damage":5,"enemies":"Blue Slaver","floor":13,"turns":4},{"damage":67,"enemies":"The Guardian","floor":16,"turns":10},{"damage":7,"enemies":"Shell Parasite","floor":18,"turns":3},{"damage":8,"enemies":"Chosen","floor":19,"turns":4},{"damage":19,"enemies":"Masked Bandits","floor":20,"turns":3},{"damage":0,"enemies":"Gremlin Leader","floor":24,"turns":4},{"damage":0,"enemies":"Snake Plant","floor":25,"turns":2},{"damage":25,"enemies":"Snecko","floor":30,"turns":4},{"damage":4,"enemies":"Cultist and Chosen","floor":31,"turns":3},{"damage":29,"enemies":"Automaton","floor":33,"turns":6},{"damage":16,"enemies":"3 Shapes","floor":35,"turns":2},{"damage":5,"enemies":"3 Darklings","floor":36,"turns":3},{"damage":15,"enemies":"Mysterious Sphere","floor":38,"turns":5},{"damage":23,"enemies":"Sphere and 2 Shapes","floor":41,"turns":3},{"damage":4,"enemies":"4 Shapes","floor":44,"turns":2},{"damage":0,"enemies":"Spire Growth","floor":48,"turns":3},{"damage":108,"enemies":"Awakened One","floor":50,"turns":6}],"event_choices":[{"event_name":"The Lab","player_choice":"Got Potions","floor":3,"damage_taken":0},{"event_name":"Liars Game","player_choice":"agreed","floor":4,"damage_taken":0},{"event_name":"Transmorgrifier","player_choice":"Transform","floor":12,"damage_taken":0},{"event_name":"Big Fish","player_choice":"Banana","floor":14,"damage_taken":0},{"event_name":"Masked Bandits","player_choice":"Fought over 194 gold","floor":20,"damage_taken":0},{"event_name":"Beggar","player_choice":"Gave Gold","floor":21,"damage_taken":0},{"event_name":"Forgotten Altar","player_choice":"Shed Blood","floor":22,"damage_taken":0},{"event_name":"Drug Dealer","player_choice":"Ignored","floor":29,"damage_taken":0},{"event_name":"Wheel of Change","player_choice":"Gold","floor":37,"damage_taken":0},{"event_name":"Mysterious Sphere","player_choice":"Fight","floor":38,"damage_taken":0},{"event_name":"Tomb of Lord Red Mask","player_choice":"Wore Mask","floor":46,"damage_taken":0},{"event_name":"Upgrade Shrine","player_choice":"Upgraded","floor":47,"damage_taken":0}],"boss_relics":[{"not_picked":["Runic Pyramid","Black Star"],"picked":"Astrolabe"},{"not_picked":["Lizard Tail","Tiny House"],"picked":"Mark of Pain"}],"potions_floor_spawned":[2,13,16,19,20,25,36],"seed_played":"5452775263859890055","killed_by":"Awakened One","ascension_level":0,"is_trial":false}