{"gold_per_floor":[115,135,85,10,22,53,53,82,106,106,117,137,37,47,47,143,143,161,161,161,145,159,139,139,150,150,165,185,195,212,7,7,109,109,123,134,147,158,175,204,41,53,53,53,53,53,64,74,74,74],"floor_reached":50,"playtime":9198,"items_purged":["Defend_B","Strike_B","Zap"],"score":494,"play_id":"262747f1-0532-4af1-94be-1b66101a2adf","local_time":"20190430120844","is_ascension_mode":false,"campfire_choices":[{"floor":7.0,"key":"REST"},{"data":"Coolheaded","floor":10.0,"key":"SMITH"},{"floor":15.0,"key":"REST"},{"floor":24.0,"key":"REST"},{"floor":32.0,"key":"REST"},{"floor":46,"key":"REST"},{"floor":49,"key":"REST"}],"neow_cost":"NONE","seed_source_timestamp":0,"circlet_count":0,"master_deck":["Strike_B","Defend_B","Defend_B","Dualcast","Coolheaded+1","Compile Driver","Ball Lightning","Auto Shields","Doom and Gloom","Ball Lightning","Reboot","Creative AI","Cold Snap+1","Hello World","Chill","Reprogram+1","Self Repair+1","White Noise+1","BootSequence","Go for the Eyes+1","Self Repair","Thunder Strike+1","Aggregate+1","Steam+1","Coolheaded+1","Double Energy+1","Steam+1","Storm+1","FTL+1","Mind Blast+1","Pain","Flash of Steel+1","Thunder Strike+1","Redo+1"],"special_seed":0,"relics":["Cracked Core","Bag of Preparation","Bronze Scales","Potion Belt","Empty Cage","Ornamental Fan","Molten Egg 2","Cursed Key","Kunai","Shuriken"],"potions_floor_usage":[40,40,48,48,50,50],"damage_taken":[{"damage":0.0,"enemies":"Jaw Worm","floor":1.0,"turns":4.0},{"damage":3.0,"enemies":"Small Slimes","floor":2.0,"turns":3.0},{"damage":0.0,"enemies":"Cultist","floor":5.0,"turns":3.0},{"damage":21.0,"enemies":"3 Sentries","floor":6.0,"turns":7.0},{"damage":14.0,"enemies":"Gremlin Nob","floor":8.0,"turns":4.0},{"damage":10.0,"enemies":"Blue Slaver","floor":11.0,"turns":3.0},{"damage":2.0,"enemies":"2 Fungi Beasts","floor":12.0,"turns":3.0},{"damage":8.0,"enemies":"Exordium Wildlife","floor":14.0,"turns":4.0},{"damage":24.0,"enemies":"Slime Boss","floor":16.0,"turns":7.0},{"damage":13.0,"enemies":"Spheric Guardian","floor":18.0,"turns":5.0},{"damage":11.0,"enemies":"2 Thieves","floor":21.0,"turns":5.0},{"damage":17.0,"enemies":"Shelled Parasite and Fungi","floor":22.0,"turns":7.0},{"damage":13.0,"enemies":"Centurion and Healer","floor":25.0,"turns":15.0},{"damage":6.0,"enemies":"Snecko","floor":27.0,"turns":4.0},{"damage":24.0,"enemies":"Shelled Parasite and Fungi","floor":28.0,"turns":11.0},{"damage":11.0,"enemies":"Chosen and Byrds","floor":29.0,"turns":4.0},{"damage":18.0,"enemies":"3 Cultists","floor":30.0,"turns":5.0},{"damage":17.0,"enemies":"Collector","floor":33.0,"turns":9.0},{"damage":0.0,"enemies":"3 Shapes","floor":35.0,"turns":5.0},{"damage":19.0,"enemies":"3 Darklings","floor":36.0,"turns":4.0},{"damage":28.0,"enemies":"Spire Growth","floor":37.0,"turns":7.0},{"damage":39.0,"enemies":"4 Shapes","floor":38.0,"turns":6.0},{"damage":4,"enemies":"Sphere and 2 Shapes","floor":39,"turns":5},{"damage":38,"enemies":"Nemesis","floor":40,"turns":9},{"damage":12,"enemies":"3 Darklings","floor":42,"turns":4},{"damage":10,"enemies":"Jaw Worm Horde","floor":47,"turns":4},{"damage":4,"enemies":"Transient","floor":48,"turns":5},{"damage":87,"enemies":"Time Eater","floor":50,"turns":9}],"seed_played":"-5058511930522741440","potions_obtained":[{"floor":2.0,"key":"FearPotion"},{"floor":5.0,"key":"GamblersBrew"},{"floor":8.0,"key":"Poison Potion"},{"floor":16.0,"key":"Regen Potion"},{"floor":21.0,"key":"Weak Potion"},{"floor":22.0,"key":"Strength Potion"},{"floor":23.0,"key":"SpeedPotion"},{"floor":27.0,"key":"Block Potion"},{"floor":37.0,"key":"Poison Potion"},{"floor":38,"key":"Dexterity Potion"},{"floor":39,"key":"Dexterity Potion"},{"floor":42,"key":"Fire Potion"},{"floor":48,"key":"Poison Potion"}],"is_trial":false,"path_per_floor":["M","M","?","$","M","E","R","E","T","R","M","M","$","M","R","B",null,"M","?","?","M","M","?","R","M","T","M","M","M","M","$","R","B",null,"M","M","M","M","M","E","$","M","T","?","?","R","M","M","R","B"],"character_chosen":"DEFECT","items_purchased":["Self Repair","FTL+1","Mind Blast+1"],"campfire_rested":6,"item_purchase_floors":[31,41,41],"current_hp_per_floor":[82,79,79,79,79,58,82,68,68,68,58,56,56,48,72,48,82,69,69,69,58,41,41,65,52,52,46,47,46,38,38,62,55,82,82,73,62,40,53,32,32,30,30,30,30,54,61,67,82,0],"gold":74,"neow_bonus":"TEN_PERCENT_HP_BONUS","is_prod":false,"is_daily":false,"chose_seed":false,"campfire_upgraded":1,"win_rate":0.0,"timestamp":1556618924,"path_taken":["M","M","?","$","M","E","R","E","T","R","M","M","$","M","R","BOSS","M","?","?","M","M","?","R","M","T","M","M","M","?","$","R","BOSS","M","M","M","M","M","E","$","M","T","?","?","R","M","M","R","BOSS"],"build_version":"2019-01-23","purchased_purges":3,"victory":false,"max_hp_per_floor":[82,82,82,82,82,82,82,82,82,82,82,82,82,82,82,82,82,82,82,82,82,82,82,82,82,82,82,82,82,82,82,82,82,82,82,82,82,82,82,82,82,82,82,82,82,82,82,82,82,82],"card_choices":[{"not_picked":["Sweeping Beam","Leap"],"picked":"Coolheaded","floor":1.0},{"not_picked":["Coolheaded","Ball Lightning"],"picked":"Compile Driver","floor":2.0},{"not_picked":["Conserve Battery","Redo"],"picked":"Ball Lightning","floor":5.0},{"not_picked":["Sweeping Beam","Chaos"],"picked":"Auto Shields","floor":6.0},{"not_picked":["Gash","Fusion"],"picked":"Doom and Gloom","floor":8.0},{"not_picked":["Compile Driver","Conserve Battery"],"picked":"Ball Lightning","floor":11.0},{"not_picked":["Redo","Ball Lightning"],"picked":"Reboot","floor":12.0},{"not_picked":["Barrage","Beam Cell","Gash"],"picked":"SKIP","floor":14.0},{"not_picked":["Electrodynamics","Thunder Strike"],"picked":"Creative AI","floor":16.0},{"not_picked":["Scrape","Auto Shields"],"picked":"Cold Snap+1","floor":18.0},{"not_picked":["Doom and Gloom","Cold Snap+1"],"picked":"Hello World","floor":21.0},{"not_picked":["Streamline","Genetic Algorithm"],"picked":"Chill","floor":22.0},{"not_picked":["Barrage+1","Genetic Algorithm"],"picked":"Reprogram+1","floor":25.0},{"not_picked":["Coolheaded+1","Streamline+1"],"picked":"Self Repair+1","floor":27.0},{"not_picked":["Stack","Conserve Battery"],"picked":"White Noise+1","floor":28.0},{"not_picked":["Steam","Gash+1"],"picked":"BootSequence","floor":29.0},{"not_picked":["Hello World","Amplify"],"picked":"Go for the Eyes+1","floor":30.0},{"not_picked":["Biased Cognition","Reboot"],"picked":"Thunder Strike+1","floor":33.0},{"not_picked":["Skim","Genetic Algorithm"],"picked":"Aggregate+1","floor":35.0},{"not_picked":["Stack","Beam Cell+1"],"picked":"Steam+1","floor":36.0},{"not_picked":["Barrage+1","Leap"],"picked":"Coolheaded+1","floor":37.0},{"not_picked":["Go for the Eyes+1","Skim"],"picked":"Double Energy+1","floor":38},{"not_picked":["Hologram+1","Streamline+1"],"picked":"Steam+1","floor":39},{"not_picked":["Cold Snap+1","Auto Shields+1"],"picked":"Storm+1","floor":40},{"not_picked":["Redo","Go for the Eyes+1"],"picked":"Sweeping Beam+1","floor":42},{"not_picked":["Dramatic Entrance+1","Swift Strike+1"],"picked":"Flash of Steel+1","floor":45},{"not_picked":["Stack","Compile Driver+1"],"picked":"Thunder Strike+1","floor":47},{"not_picked":["Gash+1","Beam Cell+1"],"picked":"Redo+1","floor":48}],"player_experience":19700,"relics_obtained":[{"floor":6.0,"key":"Bag of Preparation"},{"floor":8.0,"key":"Bronze Scales"},{"floor":9.0,"key":"Potion Belt"},{"floor":26.0,"key":"Molten Egg 2"},{"floor":40,"key":"Kunai"},{"floor":43,"key":"Shuriken"}],"event_choices":[{"cards_removed":["Strike_B"],"damage_healed":0.0,"max_hp_gain":0.0,"max_hp_loss":0.0,"gold_gain":0.0,"event_name":"The Cleric","player_choice":"Card Removal","floor":3.0,"gold_loss":50.0,"damage_taken":0.0},{"damage_healed":0.0,"max_hp_gain":0.0,"max_hp_loss":0.0,"gold_gain":0.0,"event_name":"Ghosts","player_choice":"Ignored","floor":19.0,"gold_loss":0.0,"damage_taken":0.0},{"damage_healed":0.0,"max_hp_gain":0.0,"max_hp_loss":0.0,"gold_gain":0.0,"event_name":"The Mausoleum","player_choice":"Opened","floor":20.0,"gold_loss":0.0,"damage_taken":0.0,"relics_obtained":["Ornamental Fan"]},{"damage_healed":0.0,"max_hp_gain":0.0,"max_hp_loss":0.0,"gold_gain":0.0,"event_name":"The Woman in Blue","player_choice":"Bought 1 Potion","floor":23.0,"gold_loss":0.0,"damage_taken":0.0},{"cards_removed":["Sweeping Beam"],"damage_healed":0,"gold_gain":0,"player_choice":"Removed Attack","damage_taken":0,"max_hp_gain":0,"max_hp_loss":0,"event_name":"Falling","floor":44,"gold_loss":0},{"damage_healed":0,"gold_gain":0,"player_choice":"Memory 1","damage_taken":0,"max_hp_gain":0,"max_hp_loss":0,"event_name":"SensoryStone","floor":45,"gold_loss":0}],"is_beta":false,"boss_relics":[{"not_picked":["Coffee Dripper","Runic Dome"],"picked":"Empty Cage"},{"not_picked":["Calling Bell","FrozenCore"],"picked":"Cursed Key"}],"items_purged_floors":[4,13,31],"is_endless":false,"potions_floor_spawned":[2,5,8,16,21,22,27,37,38,39,42,48],"killed_by":"Time Eater","ascension_level":0}