{"gold_per_floor":[119,119,131,131,131,164,164,180,204,216,236,246,264,44,44,119,119,84,84,84],"floor_reached":20,"playtime":613,"items_purged":["Strike_B"],"score":342,"play_id":"64b4bef0-7805-4fae-acc4-58f3dfb7b9f4","local_time":"20190422112546","is_ascension_mode":true,"campfire_choices":[{"data":"Hologram","floor":7,"key":"SMITH"},{"data":"Streamline","floor":15,"key":"SMITH"}],"neow_cost":"NONE","seed_source_timestamp":42616120947608,"circlet_count":0,"master_deck":["AscendersBane","Strike_B+1","Strike_B","Strike_B","Defend_B","Defend_B","Defend_B","Defend_B","Zap","Dualcast","Hologram+1","Melter+1","Conserve Battery","Beam Cell","Go for the Eyes","Gash","Streamline+1","Machine Learning","Gash","Recycle","Conserve Battery","Self Repair"],"relics":["Cracked Core","NeowsBlessing","CultistMask","Art of War","Anchor","Whetstone","Orrery"],"potions_floor_usage":[],"damage_taken":[{"damage":0,"enemies":"Cultist","floor":1,"turns":1},{"damage":0,"enemies":"Jaw Worm","floor":3,"turns":1},{"damage":0,"enemies":"Gremlin Nob","floor":6,"turns":1},{"damage":0,"enemies":"Small Slimes","floor":8,"turns":3},{"damage":0,"enemies":"Red Slaver","floor":10,"turns":5},{"damage":0,"enemies":"Exordium Thugs","floor":11,"turns":3},{"damage":0,"enemies":"Blue Slaver","floor":12,"turns":3},{"damage":4,"enemies":"Red Slaver","floor":13,"turns":2},{"damage":22,"enemies":"The Guardian","floor":16,"turns":10},{"damage":41,"enemies":"2 Thieves","floor":18,"turns":5},{"damage":0,"enemies":"3 Byrds","floor":20,"turns":1}],"seed_played":"8715914667850964106","potions_obtained":[{"floor":8,"key":"SpeedPotion"},{"floor":10,"key":"Regen Potion"},{"floor":12,"key":"Dexterity Potion"}],"is_trial":false,"path_per_floor":["M","?","M","$","?","E","R","M","T","M","M","M","M","$","R","B",null,"M","$","M"],"character_chosen":"DEFECT","items_purchased":["Whetstone"],"campfire_rested":0,"item_purchase_floors":[14],"current_hp_per_floor":[64,64,64,64,64,64,64,64,64,64,64,64,60,60,60,38,63,29,29,29],"gold":84,"neow_bonus":"THREE_ENEMY_KILL","is_prod":false,"is_daily":false,"chose_seed":false,"campfire_upgraded":2,"win_rate":0,"timestamp":1555899946,"path_taken":["M","?","?","$","?","E","R","M","T","M","M","M","?","$","R","BOSS","M","$","M"],"build_version":"2019-01-23","purchased_purges":1,"victory":false,"max_hp_per_floor":[71,71,71,71,71,71,71,71,71,71,71,71,71,71,71,71,71,71,71,71],"card_choices":[{"not_picked":["Ball Lightning","Hello World"],"picked":"Hologram","floor":1},{"not_picked":["Redo","Reinforced Body"],"picked":"Melter","floor":3},{"not_picked":["Skim","Hologram"],"picked":"Conserve Battery","floor":6},{"not_picked":["Hologram","FTL"],"picked":"Beam Cell","floor":8},{"not_picked":["Barrage","Compile Driver"],"picked":"Go for the Eyes","floor":10},{"not_picked":["Sweeping Beam","Compile Driver","Stack"],"picked":"SKIP","floor":11},{"not_picked":["Undo","Seek"],"picked":"Gash","floor":12},{"not_picked":["Rebound","Sweeping Beam"],"picked":"Streamline","floor":13},{"not_picked":["Core Surge","Multi-Cast"],"picked":"Machine Learning","floor":16},{"not_picked":["Hologram","Compile Driver"],"picked":"Gash","floor":17},{"not_picked":["Fusion","Turbo"],"picked":"Recycle","floor":17},{"not_picked":["Coolheaded","Steam"],"picked":"Conserve Battery","floor":17},{"not_picked":["Streamline","Gash"],"picked":"Self Repair","floor":17},{"not_picked":["Stack","Machine Learning","Leap+1"],"picked":"SKIP","floor":18}],"player_experience":267350,"relics_obtained":[{"floor":6,"key":"Art of War"},{"floor":9,"key":"Anchor"}],"event_choices":[{"damage_healed":0,"gold_gain":0,"player_choice":"Bought 0 Potions","damage_taken":0,"max_hp_gain":0,"max_hp_loss":0,"event_name":"The Woman in Blue","floor":2,"gold_loss":0},{"damage_healed":0,"gold_gain":0,"player_choice":"Trade","damage_taken":0,"relics_obtained":["CultistMask"],"max_hp_gain":0,"max_hp_loss":0,"event_name":"FaceTrader","floor":5,"gold_loss":0}],"is_beta":false,"boss_relics":[{"not_picked":["Philosopher\u0027s Stone","Snecko Eye"],"picked":"Orrery"}],"items_purged_floors":[14],"is_endless":false,"potions_floor_spawned":[8,10,12,13,16],"killed_by":"3 Byrds","ascension_level":14}