{"gold_per_floor":[109,11,26,26,45,78,78,90,90,110,110,175,210,210,210,310,310,326,341,341,355,49,49,95,95,95,170,209,222,263,321,321,450,450,491,112,149,189,224,252,252,127,127,162,199,237,237,288,288,313],"floor_reached":51,"playtime":2733,"items_purged":["Clumsy","Defend_R","Defend_R"],"score":836,"play_id":"4573a2d5-6ad1-4665-bc48-883d33484236","local_time":"20190522021544","is_ascension_mode":false,"campfire_choices":[{"data":"Shockwave","floor":7,"key":"SMITH"},{"data":"True Grit","floor":11,"key":"SMITH"},{"data":"Spot Weakness","floor":15,"key":"SMITH"},{"data":"Clothesline","floor":23,"key":"SMITH"},{"data":"HandOfGreed","floor":25,"key":"SMITH"},{"data":"Perfected Strike","floor":32,"key":"SMITH"},{"data":"Limit Break","floor":41,"key":"SMITH"},{"data":"Disarm","floor":47,"key":"SMITH"},{"data":"Armaments","floor":49,"key":"SMITH"}],"neow_cost":"CURSE","seed_source_timestamp":108868344467400,"circlet_count":0,"master_deck":["Strike_R","Strike_R","Strike_R","Strike_R","Defend_R","Defend_R","Bash+1","Feed","Headbutt","Clash","Iron Wave","Sever Soul","True Grit+1","Shockwave+1","Pommel Strike","Spot Weakness+1","Twin Strike","Sentinel","Reaper","Shrug It Off+1","Dual Wield+1","Necronomicurse","Cleave","HandOfGreed+1","Feel No Pain","Clothesline+1","Shrug It Off","Feel No Pain","Burning Pact","Perfected Strike+1","Limit Break+1","Disarm+1","Armaments+1","Magnetism","Flame Barrier","Pommel Strike+1","Pummel+1","Spot Weakness","Second Wind+1","Feel No Pain"],"relics":["Burning Blood","Magic Flower","Dead Branch","Champion Belt","Shuriken","Philosopher\u0027s Stone","Necronomicon","Anchor","Ginger","Bag of Marbles","Mark of Pain","Bottled Flame","The Courier","Potion Belt"],"potions_floor_usage":[16,24,31,33,33,44,50,50],"damage_taken":[{"damage":7,"enemies":"Small Slimes","floor":1,"turns":3},{"damage":1,"enemies":"Cultist","floor":3,"turns":3},{"damage":1,"enemies":"Jaw Worm","floor":5,"turns":2},{"damage":24,"enemies":"Lagavulin","floor":6,"turns":6},{"damage":0,"enemies":"Blue Slaver","floor":8,"turns":5},{"damage":0,"enemies":"Large Slime","floor":10,"turns":4},{"damage":20,"enemies":"Lagavulin Event","floor":12,"turns":5},{"damage":12,"enemies":"Gremlin Nob","floor":13,"turns":4},{"damage":31,"enemies":"Hexaghost","floor":16,"turns":8},{"damage":5,"enemies":"Chosen","floor":18,"turns":4},{"damage":2,"enemies":"2 Thieves","floor":19,"turns":5},{"damage":7,"enemies":"Centurion and Healer","floor":21,"turns":3},{"damage":20,"enemies":"Book of Stabbing","floor":24,"turns":4},{"damage":4,"enemies":"Cultist and Chosen","floor":28,"turns":5},{"damage":0,"enemies":"Sentry and Sphere","floor":29,"turns":3},{"damage":12,"enemies":"3 Cultists","floor":30,"turns":3},{"damage":15,"enemies":"Slavers","floor":31,"turns":4},{"damage":24,"enemies":"Automaton","floor":33,"turns":10},{"damage":0,"enemies":"3 Shapes","floor":35,"turns":2},{"damage":19,"enemies":"Orb Walker","floor":37,"turns":5},{"damage":2,"enemies":"4 Shapes","floor":38,"turns":8},{"damage":5,"enemies":"Jaw Worm Horde","floor":39,"turns":5},{"damage":22,"enemies":"Nemesis","floor":40,"turns":3},{"damage":26,"enemies":"Spire Growth","floor":44,"turns":4},{"damage":2,"enemies":"4 Shapes","floor":45,"turns":7},{"damage":0,"enemies":"Maw","floor":46,"turns":4},{"damage":10,"enemies":"Giant Head","floor":48,"turns":6},{"damage":32,"enemies":"Time Eater","floor":50,"turns":14}],"seed_played":"2810279784551361247","potions_obtained":[{"floor":3,"key":"LiquidBronze"},{"floor":8,"key":"EssenceOfSteel"},{"floor":10,"key":"Swift Potion"},{"floor":21,"key":"LiquidBronze"},{"floor":29,"key":"Swift Potion"},{"floor":30,"key":"SteroidPotion"},{"floor":33,"key":"Swift Potion"},{"floor":35,"key":"GamblersBrew"},{"floor":46,"key":"PowerPotion"}],"is_trial":false,"path_per_floor":["M","$","M","?","M","E","R","M","T","M","R","?","E","?","R","B",null,"M","M","?","M","$","R","E","R","T","?","M","M","M","E","R","B",null,"M","$","M","M","M","E","R","$","T","M","M","M","R","E","R","B",null],"character_chosen":"IRONCLAD","items_purchased":["Clash","HandOfGreed","Feel No Pain","Clothesline","Shrug It Off","SteroidPotion","Armaments","Magnetism"],"campfire_rested":0,"item_purchase_floors":[2,22,22,22,22,36,36,36],"current_hp_per_floor":[82,82,83,83,86,71,71,85,85,95,95,89,86,86,86,69,101,101,104,88,95,95,95,84,84,84,74,107,107,107,106,106,91,113,116,116,106,125,128,115,115,115,115,98,131,131,131,130,130,118],"gold":313,"neow_bonus":"THREE_RARE_CARDS","is_prod":false,"is_daily":false,"chose_seed":false,"campfire_upgraded":9,"win_rate":1,"timestamp":1558516544,"path_taken":["M","$","M","?","M","E","R","?","T","M","R","?","E","?","R","BOSS","M","M","?","M","$","R","E","R","T","?","?","M","M","E","R","BOSS","M","$","M","M","M","E","R","$","T","M","M","M","R","E","R","BOSS"],"build_version":"2019-01-23","purchased_purges":3,"victory":true,"max_hp_per_floor":[83,83,83,83,86,89,89,92,92,95,95,98,98,98,98,101,101,101,104,104,107,107,107,107,107,107,107,107,107,110,113,113,113,113,116,116,116,125,128,128,128,128,128,128,131,131,131,131,131,131],"card_choices":[{"not_picked":["Reaper","Dark Embrace"],"picked":"Feed","floor":0},{"not_picked":["Rampage","Pummel"],"picked":"Headbutt","floor":1},{"not_picked":["Havoc","Perfected Strike"],"picked":"Iron Wave","floor":3},{"not_picked":["Sword Boomerang","Offering"],"picked":"True Grit","floor":5},{"not_picked":["Fiend Fire","Sword Boomerang"],"picked":"Shockwave","floor":6},{"not_picked":["Twin Strike","Burning Pact"],"picked":"Pommel Strike","floor":8},{"not_picked":["Shrug It Off","True Grit"],"picked":"Spot Weakness","floor":10},{"not_picked":["Flex","Rupture"],"picked":"Twin Strike","floor":12},{"not_picked":["True Grit","Second Wind"],"picked":"Sentinel","floor":13},{"not_picked":["Dark Embrace","Double Tap"],"picked":"Reaper","floor":16},{"not_picked":["Searing Blow+1","Cleave+1"],"picked":"Shrug It Off+1","floor":18},{"not_picked":["Havoc","True Grit"],"picked":"Dual Wield+1","floor":19},{"not_picked":["Sword Boomerang","Uppercut"],"picked":"Cleave","floor":21},{"not_picked":["Clothesline","Ghostly Armor"],"picked":"Feel No Pain","floor":24},{"not_picked":["Clash","Carnage","Reckless Charge"],"picked":"SKIP","floor":28},{"not_picked":["Bloodletting+1","Infernal Blade","Dual Wield"],"picked":"SKIP","floor":29},{"not_picked":["Thunderclap","Clash+1"],"picked":"Burning Pact","floor":30},{"not_picked":["Juggernaut","Combust"],"picked":"Perfected Strike","floor":31},{"not_picked":["Demon Form","Double Tap"],"picked":"Limit Break","floor":33},{"not_picked":["Clothesline+1","Warcry"],"picked":"Disarm","floor":35},{"not_picked":["Second Wind","Anger"],"picked":"Flame Barrier","floor":37},{"not_picked":["Twin Strike+1","Sever Soul+1","Sword Boomerang+1"],"picked":"SKIP","floor":38},{"not_picked":["Dropkick","Warcry+1"],"picked":"Pommel Strike+1","floor":39},{"not_picked":["Flex+1","Bloodletting"],"picked":"Pummel+1","floor":40},{"not_picked":["Entrench+1","Seeing Red+1"],"picked":"Spot Weakness","floor":44},{"not_picked":["Fire Breathing","Anger+1","Twin Strike"],"picked":"SKIP","floor":45},{"not_picked":["True Grit","Wild Strike"],"picked":"Second Wind+1","floor":46},{"not_picked":["Warcry+1","Heavy Blade"],"picked":"Feel No Pain","floor":48}],"player_experience":854044,"relics_obtained":[{"floor":6,"key":"Magic Flower"},{"floor":9,"key":"Dead Branch"},{"floor":13,"key":"Shuriken"},{"floor":20,"key":"Necronomicon"},{"floor":24,"key":"Anchor"},{"floor":26,"key":"Ginger"},{"floor":31,"key":"Bag of Marbles"},{"floor":40,"key":"Bottled Flame"},{"floor":43,"key":"The Courier"},{"floor":48,"key":"Potion Belt"}],"event_choices":[{"damage_healed":0,"gold_gain":0,"cards_transformed":["Strike_R"],"player_choice":"Transformed","damage_taken":0,"max_hp_gain":0,"max_hp_loss":0,"event_name":"Transmorgrifier","floor":4,"gold_loss":0,"cards_obtained":["Sever Soul"]},{"damage_healed":0,"gold_gain":30,"player_choice":"Searched \u00273\u0027 times","damage_taken":0,"relics_obtained":["Champion Belt"],"max_hp_gain":0,"max_hp_loss":0,"event_name":"Dead Adventurer","floor":12,"gold_loss":0},{"damage_healed":0,"gold_gain":0,"player_choice":"Grow","damage_taken":0,"max_hp_gain":0,"max_hp_loss":0,"event_name":"Living Wall","floor":14,"gold_loss":0,"cards_upgraded":["Bash"]},{"damage_healed":0,"gold_gain":0,"player_choice":"Obtained Book","damage_taken":16,"max_hp_gain":0,"max_hp_loss":0,"event_name":"Cursed Tome","floor":20,"gold_loss":0},{"damage_healed":0,"gold_gain":75,"player_choice":"Touch","damage_taken":10,"max_hp_gain":0,"max_hp_loss":0,"event_name":"FaceTrader","floor":27,"gold_loss":0}],"is_beta":false,"boss_relics":[{"not_picked":["Busted Crown","Black Star"],"picked":"Philosopher\u0027s Stone"},{"not_picked":["Sozu","Fusion Hammer"],"picked":"Mark of Pain"}],"items_purged_floors":[2,36,42],"is_endless":false,"potions_floor_spawned":[3,8,10,21,29,30,33,35,38,40,46],"ascension_level":0}