{"gold_per_floor":[109,109,124,45,57,91,91,101,101,101,22,22,22,50,50,150,150,170,170,170,9,9,9,22,36,89,103,103,114,114],"floor_reached":30,"playtime":1063,"items_purged":[],"score":238,"play_id":"63c1e4f3-741a-4d6d-a9d1-403812d5a6f0","local_time":"20190513005258","is_ascension_mode":false,"campfire_choices":[{"data":"Combust","floor":7,"key":"SMITH"},{"floor":13,"key":"RECALL"},{"data":"Demon Form","floor":15,"key":"SMITH"},{"data":"Demon Form","floor":23,"key":"SMITH"},{"data":"Heavy Blade","floor":28,"key":"SMITH"}],"neow_cost":"NONE","seed_source_timestamp":482741123525936,"circlet_count":0,"master_deck":["Strike_R","Strike_R","Strike_R","Strike_R","Defend_R","Defend_R","Defend_R","Defend_R","Bash","Rampage","Forethought","Cleave","Battle Trance","Heavy Blade+1","Combust+1","Cleave","Regret","Demon Form+1","Bludgeon","Demon Form+1","Thunderclap","Offering+1","Flex+1","Flex+1","Double Tap+1"],"relics":["Burning Blood","NeowsBlessing","Happy Flower","Toxic Egg 2","Bottled Flame","Lizard Tail","The Courier","Lantern"],"potions_floor_usage":[14,16,25],"damage_taken":[{"damage":0,"enemies":"2 Louse","floor":1,"turns":1},{"damage":0,"enemies":"Cultist","floor":3,"turns":1},{"damage":0,"enemies":"Small Slimes","floor":5,"turns":1},{"damage":35,"enemies":"3 Sentries","floor":6,"turns":10},{"damage":6,"enemies":"Blue Slaver","floor":8,"turns":3},{"damage":11,"enemies":"Gremlin Nob","floor":14,"turns":3},{"damage":46,"enemies":"The Guardian","floor":16,"turns":8},{"damage":18,"enemies":"3 Byrds","floor":18,"turns":3},{"damage":21,"enemies":"Chosen","floor":24,"turns":4},{"damage":46,"enemies":"Shelled Parasite and Fungi","floor":25,"turns":3},{"damage":21,"enemies":"3 Cultists","floor":27,"turns":3},{"damage":34,"enemies":"Centurion and Healer","floor":29,"turns":4},{"damage":18,"enemies":"Snecko","floor":30,"turns":2}],"seed_played":"-388812505281783129","potions_obtained":[{"floor":1,"key":"SneckoOil"},{"floor":3,"key":"Ancient Potion"},{"floor":5,"key":"Fire Potion"},{"floor":14,"key":"Fruit Juice"},{"floor":25,"key":"Explosive Potion"},{"floor":27,"key":"Energy Potion"},{"floor":29,"key":"GamblersBrew"}],"is_trial":false,"path_per_floor":["M","?","M","$","M","E","R","M","T","?","$","?","R","E","R","B",null,"M","T","?","$","?","R","M","M","T","M","R","M","M"],"character_chosen":"IRONCLAD","items_purchased":["Battle Trance","Demon Form","Offering+1","Flex+1"],"campfire_rested":0,"item_purchase_floors":[4,11,21,21],"current_hp_per_floor":[80,80,80,80,80,51,51,51,51,51,51,51,51,46,46,11,85,73,73,57,57,57,57,42,51,51,36,36,8,0],"gold":114,"neow_bonus":"THREE_ENEMY_KILL","is_prod":false,"is_daily":false,"chose_seed":false,"campfire_upgraded":4,"win_rate":0,"timestamp":1557701578,"path_taken":["M","?","M","?","M","E","R","M","T","?","?","?","R","E","R","BOSS","M","?","?","$","?","R","?","M","T","?","R","M","?"],"build_version":"2019-05-07","purchased_purges":0,"victory":false,"max_hp_per_floor":[80,80,80,80,80,80,80,80,80,80,80,80,80,80,80,85,85,85,85,90,90,90,90,90,90,90,90,90,90,90],"card_choices":[{"not_picked":["Headbutt","Hemokinesis"],"picked":"Rampage","floor":1},{"not_picked":["Iron Wave","Sentinel"],"picked":"Cleave","floor":3},{"not_picked":["Warcry","Havoc"],"picked":"Heavy Blade","floor":5},{"not_picked":["True Grit","Fire Breathing"],"picked":"Combust","floor":6},{"not_picked":["Body Slam","Sword Boomerang"],"picked":"Cleave","floor":8},{"not_picked":["Exhume+1","Hemokinesis"],"picked":"Bludgeon","floor":14},{"not_picked":["Double Tap+1","Barricade"],"picked":"Demon Form","floor":16},{"not_picked":["Body Slam+1","Seeing Red+1"],"picked":"Thunderclap","floor":18},{"not_picked":["Body Slam","Perfected Strike","Twin Strike"],"picked":"SKIP","floor":24},{"not_picked":["Sentinel+1","Wild Strike","Headbutt"],"picked":"SKIP","floor":25},{"not_picked":["True Grit+1","Anger"],"picked":"Double Tap+1","floor":27},{"not_picked":["Body Slam","Sword Boomerang","Flex+1"],"picked":"SKIP","floor":29}],"player_experience":355787,"relics_obtained":[{"floor":6,"key":"Happy Flower"},{"floor":14,"key":"Bottled Flame"},{"floor":19,"key":"The Courier"},{"floor":26,"key":"Lantern"}],"event_choices":[{"damage_healed":0,"gold_gain":0,"player_choice":"1 cards matched","damage_taken":0,"max_hp_gain":0,"max_hp_loss":0,"event_name":"Match and Keep!","floor":2,"gold_loss":0,"cards_obtained":["Forethought"]},{"damage_healed":0,"gold_gain":0,"player_choice":"Box","damage_taken":0,"relics_obtained":["Toxic Egg 2"],"max_hp_gain":0,"max_hp_loss":0,"event_name":"Big Fish","floor":10,"gold_loss":0,"cards_obtained":["Regret"]},{"cards_removed":["Strike_R"],"damage_healed":0,"gold_gain":0,"player_choice":"Purged","damage_taken":0,"max_hp_gain":0,"max_hp_loss":0,"event_name":"Purifier","floor":12,"gold_loss":0},{"damage_healed":0,"gold_gain":0,"player_choice":"Shed Blood","damage_taken":21,"max_hp_gain":5,"max_hp_loss":0,"event_name":"Forgotten Altar","floor":20,"gold_loss":0},{"damage_healed":0,"gold_gain":0,"player_choice":"1 cards matched","damage_taken":0,"max_hp_gain":0,"max_hp_loss":0,"event_name":"Match and Keep!","floor":22,"gold_loss":0,"cards_obtained":["Flex"]}],"is_beta":true,"boss_relics":[{"not_picked":["Fusion Hammer","Ectoplasm"],"picked":"Lizard Tail"}],"items_purged_floors":[],"is_endless":false,"potions_floor_spawned":[1,3,5,14,25,27,29],"killed_by":"Snecko","ascension_level":0}