{"path_per_floor":["M","?","M","M","?","E","R","E","T","R","$","$","?","M","R","B",null,"M","?","?","M","M","E","M","R","T","?","M","$","M","M","R"],"character_chosen":"IRONCLAD","items_purchased":["Regal Pillow"],"gold_per_floor":[115,115,127,138,108,137,137,165,165,165,21,21,21,33,33,136,136,146,146,146,161,176,209,219,219,270,270,284,209,227,246,246],"floor_reached":33,"campfire_rested":3,"playtime":3116,"current_hp_per_floor":[75,72,71,77,77,51,51,36,36,36,36,36,36,44,80,32,68,70,70,70,56,62,12,11,50,50,50,46,46,25,21,60],"items_purged":["Strike_R"],"gold":246,"score":360,"play_id":"77a9561a-3f7a-478e-8a5c-0822c89cacb1","local_time":"20180305193034","is_prod":false,"is_daily":false,"is_ascension_mode":true,"campfire_upgraded":2,"timestamp":1520274634,"path_taken":["M","?","?","M","?","E","R","E","T","R","?","$","?","?","R","BOSS","M","?","?","M","M","E","M","R","T","?","M","$","?","M","R","BOSS"],"build_version":"2018-03-02-BETA2","purchased_purges":1,"victory":false,"master_deck":["Strike_R","Strike_R","Strike_R","Strike_R","Defend_R","Defend_R","Defend_R","Defend_R","Bash+1","Flex+1","Headbutt+1","Headbutt","Flex+1","Shockwave+1","Perfected Strike+1","Exhume","Whirlwind+1","Thunderclap","Rampage"],"max_hp_per_floor":[80,80,80,80,80,80,80,80,80,80,80,80,80,80,80,80,80,80,80,80,80,80,80,80,80,80,80,80,80,80,80,80],"relics":["Burning Blood","Bronze Scales","Darkstone Periapt","Blood Vial","Ice Cream","Regal Pillow","Mark of Pain","Oddly Smooth Stone","Omamori"],"card_choices":[{"not_picked":["Body Slam","Fire Breathing"],"picked":"Flex"},{"not_picked":["Cleave","Havoc"],"picked":"Headbutt"},{"not_picked":["Power Through","Sever Soul"],"picked":"Headbutt"},{"not_picked":["Impervious","Pommel Strike"],"picked":"Flex"},{"not_picked":["Clash","Burning Pact"],"picked":"Shockwave"},{"not_picked":["True Grit","Clothesline"],"picked":"Perfected Strike"},{"not_picked":["Burning Pact","Clothesline"],"picked":"Whirlwind"},{"not_picked":["Sentinel","Havoc"],"picked":"Thunderclap"},{"not_picked":["Power Through","Clothesline"],"picked":"Rampage"}],"player_experience":172491,"potions_floor_usage":[14,16,22,24,31,33,33],"damage_taken":[{"damage":3,"enemies":"2 Louse","floor":1,"turns":3},{"damage":7,"enemies":"Jaw Worm","floor":3,"turns":3},{"damage":0,"enemies":"Cultist","floor":4,"turns":3},{"damage":32,"enemies":"Gremlin Nob","floor":6,"turns":4},{"damage":21,"enemies":"3 Sentries","floor":8,"turns":6},{"damage":0,"enemies":"Red Slaver","floor":14,"turns":1},{"damage":66,"enemies":"Hexaghost","floor":16,"turns":8},{"damage":6,"enemies":"Spheric Guardian","floor":18,"turns":3},{"damage":22,"enemies":"Shell Parasite","floor":21,"turns":4},{"damage":8,"enemies":"3 Cultists","floor":22,"turns":3},{"damage":58,"enemies":"Slavers","floor":23,"turns":5},{"damage":9,"enemies":"Cultist and Chosen","floor":24,"turns":3},{"damage":12,"enemies":"Snake Plant","floor":28,"turns":3},{"damage":29,"enemies":"Centurion and Healer","floor":30,"turns":3},{"damage":12,"enemies":"Chosen and Byrds","floor":31,"turns":3},{"damage":64,"enemies":"Champ","floor":33,"turns":10}],"event_choices":[{"event_name":"Scrap Ooze","player_choice":"success","floor":2,"damage_taken":3},{"event_name":"The Woman in Blue","player_choice":"Bought 2 Potions","floor":5,"damage_taken":0},{"event_name":"Upgrade Shrine","player_choice":"Upgraded","floor":13,"damage_taken":0},{"event_name":"Match and Keep!","player_choice":"1 cards matched","floor":19,"damage_taken":0},{"event_name":"Upgrade Shrine","player_choice":"Upgraded","floor":20,"damage_taken":0},{"event_name":"Wheel of Change","player_choice":"Curse","floor":27,"damage_taken":0}],"boss_relics":[{"not_picked":["Eternal Feather","Calling Bell"],"picked":"Mark of Pain"}],"potions_floor_spawned":[6,8,16,18,21,30,31],"seed_played":"-1361827640279743791","killed_by":"Champ","ascension_level":6,"is_trial":false}