{"gold_per_floor":[116,128,139,139,164,176,252,264,301,313,350,380,410,422,434,545,557,586,617,129,146,158,158,172,172,172,192,227,32,32,52,52,153,153,172,189,208,208,221,221,221],"floor_reached":41,"playtime":2317,"items_purged":[],"score":494,"play_id":"ad86e77c-0789-4dcb-aa26-c7a247d853cd","local_time":"20180904100323","is_ascension_mode":false,"campfire_choices":[{"floor":6.0,"key":"REST"},{"data":"Barrage","floor":10.0,"key":"SMITH"},{"floor":15.0,"key":"REST"},{"floor":23.0,"key":"REST"},{"floor":25.0,"key":"REST"},{"floor":32.0,"key":"REST"},{"floor":40,"key":"REST"}],"neow_cost":"PERCENT_DAMAGE","seed_source_timestamp":0,"circlet_count":0,"master_deck":["Strike_B","Strike_B","Strike_B","Strike_B","Defend_B","Defend_B","Defend_B","Defend_B","Zap+1","Dualcast","Self Repair","Barrage+1","Streamline","Conserve Battery","Coolheaded","Coolheaded","Beam Cell","Thunder Strike","Seek","Defragment","Barrage","Consume+1","All For One","Cold Snap","Coolheaded+1","Ball Lightning","Barrage","Steam+1","Capacitor","Fission+1","Coolheaded+1","White Noise+1","Multi-Cast+1","Reinforced Body+1","Static Discharge+1","Redo+1","Leap+1"],"special_seed":0,"relics":["Cracked Core","MawBank","Art of War","Ancient Tea Set","Strawberry","Philosopher\u0027s Stone","Toxic Egg 2","Cables","Vajra","Happy Flower","Nuclear Battery"],"potions_floor_usage":[36,39],"damage_taken":[{"damage":0.0,"enemies":"Cultist","floor":1.0,"turns":3.0},{"damage":11.0,"enemies":"2 Louse","floor":2.0,"turns":3.0},{"damage":0.0,"enemies":"Small Slimes","floor":3.0,"turns":3.0},{"damage":11.0,"enemies":"2 Fungi Beasts","floor":5.0,"turns":4.0},{"damage":11.0,"enemies":"Gremlin Nob","floor":7.0,"turns":4.0},{"damage":20.0,"enemies":"Lagavulin","floor":11.0,"turns":6.0},{"damage":0.0,"enemies":"Exordium Wildlife","floor":12.0,"turns":3.0},{"damage":18.0,"enemies":"Looter","floor":13.0,"turns":3.0},{"damage":21.0,"enemies":"The Guardian","floor":16.0,"turns":13.0},{"damage":18.0,"enemies":"Chosen","floor":18.0,"turns":5.0},{"damage":15.0,"enemies":"Spheric Guardian","floor":19.0,"turns":4.0},{"damage":72.0,"enemies":"3 Cultists","floor":21.0,"turns":7.0},{"damage":6.0,"enemies":"Snecko","floor":22.0,"turns":3.0},{"damage":18.0,"enemies":"Cultist and Chosen","floor":24.0,"turns":5.0},{"damage":8.0,"enemies":"Chosen and Byrds","floor":27.0,"turns":7.0},{"damage":51.0,"enemies":"Book of Stabbing","floor":28.0,"turns":7.0},{"damage":5.0,"enemies":"Snake Plant","floor":31.0,"turns":4.0},{"damage":3.0,"enemies":"Automaton","floor":33.0,"turns":11.0},{"damage":0,"enemies":"Orb Walker","floor":35,"turns":3},{"damage":53,"enemies":"3 Darklings","floor":36,"turns":8},{"damage":24,"enemies":"4 Shapes","floor":37,"turns":6},{"damage":18,"enemies":"Spire Growth","floor":39,"turns":5},{"damage":56,"enemies":"3 Darklings","floor":41,"turns":3}],"seed_played":"3315878979130947901","potions_obtained":[{"floor":1.0,"key":"Block Potion"},{"floor":7.0,"key":"PowerPotion"},{"floor":16.0,"key":"Dexterity Potion"},{"floor":28.0,"key":"Weak Potion"},{"floor":30.0,"key":"SteroidPotion"},{"floor":30.0,"key":"Dexterity Potion"},{"floor":31.0,"key":"Dexterity Potion"},{"floor":33.0,"key":"LiquidBronze"},{"floor":36,"key":"Weak Potion"},{"floor":39,"key":"Ancient Potion"}],"is_trial":false,"path_per_floor":["M","M","M","T","M","R","?","?","T","R","E","M","M","?","R","B",null,"M","M","$","M","M","R","M","R","T","M","E","$","?","M","R","B",null,"M","M","M","?","M","R"],"character_chosen":"DEFECT","items_purchased":["Toxic Egg 2","Consume+1","All For One","Cold Snap","Coolheaded+1","Happy Flower","Coolheaded+1"],"campfire_rested":6,"item_purchase_floors":[20,20,20,20,20,29,29],"current_hp_per_floor":[65,61,68,68,64,89,78,78,78,78,72,79,68,73,101,80,101,90,75,75,10,4,34,23,53,53,52,8,8,8,10,40,37,101,101,55,31,31,20,50,0],"gold":221,"neow_bonus":"TWENTY_PERCENT_HP_BONUS","is_prod":false,"is_daily":false,"chose_seed":false,"campfire_upgraded":1,"win_rate":0,"timestamp":1536069803,"path_taken":["M","?","M","?","M","R","?","?","T","R","E","M","M","?","R","BOSS","M","M","$","M","M","R","M","R","T","M","E","$","?","M","R","BOSS","M","?","M","?","M","R","M"],"build_version":"2018-08-30","purchased_purges":0,"victory":false,"max_hp_per_floor":[89,89,89,89,89,89,89,89,89,89,96,96,96,101,101,101,101,101,101,101,101,101,101,101,101,101,101,101,101,101,101,101,101,101,101,101,101,101,101,101,101],"card_choices":[{"not_picked":["Glacier","Ball Lightning"],"picked":"Self Repair","floor":1.0},{"not_picked":["Turbo","All For One"],"picked":"Barrage","floor":2.0},{"not_picked":["Rebound","Turbo"],"picked":"Streamline","floor":3.0},{"not_picked":["Lockon","Sweeping Beam"],"picked":"Conserve Battery","floor":5.0},{"not_picked":["Gash","Streamline"],"picked":"Coolheaded","floor":7.0},{"not_picked":["Self Repair","Streamline"],"picked":"Coolheaded","floor":11.0},{"not_picked":["Turbo","Redo"],"picked":"Beam Cell","floor":12.0},{"not_picked":["Sweeping Beam","Turbo"],"picked":"Thunder Strike","floor":13.0},{"not_picked":["Fission","Reboot"],"picked":"Seek","floor":16.0},{"not_picked":["Reprogram","FTL+1"],"picked":"Defragment","floor":18.0},{"not_picked":["Steam","Steam Power+1"],"picked":"Barrage","floor":19.0},{"not_picked":["Steam+1","Force Field+1"],"picked":"Ball Lightning","floor":21.0},{"not_picked":["Double Energy+1","Compile Driver"],"picked":"Barrage","floor":22.0},{"not_picked":["FTL","Beam Cell"],"picked":"Steam+1","floor":24.0},{"not_picked":["Redo+1","Blizzard"],"picked":"Capacitor","floor":27.0},{"not_picked":["Turbo+1","Heatsinks"],"picked":"Fission+1","floor":28.0},{"not_picked":["Beam Cell+1","Steam+1"],"picked":"White Noise+1","floor":31.0},{"not_picked":["Buffer","Machine Learning"],"picked":"Multi-Cast+1","floor":33.0},{"not_picked":["Compile Driver+1","Sweeping Beam"],"picked":"Reinforced Body+1","floor":35},{"not_picked":["Cold Snap","Sweeping Beam"],"picked":"Static Discharge+1","floor":36},{"not_picked":["Rebound","Machine Learning"],"picked":"Redo+1","floor":37},{"not_picked":["Stack+1","Storm"],"picked":"Leap+1","floor":39}],"player_experience":105532,"relics_obtained":[{"floor":4.0,"key":"MawBank"},{"floor":7.0,"key":"Art of War"},{"floor":9.0,"key":"Ancient Tea Set"},{"floor":11.0,"key":"Strawberry"},{"floor":26.0,"key":"Cables"},{"floor":28.0,"key":"Vajra"}],"event_choices":[{"event_name":"Dead Adventurer","player_choice":"Searched \u00272\u0027 times","floor":7.0,"damage_taken":0.0},{"event_name":"Accursed Blacksmith","player_choice":"Forge","floor":8.0,"damage_taken":0.0},{"event_name":"Big Fish","player_choice":"Donut","floor":14.0,"damage_taken":0.0},{"event_name":"The Lab","player_choice":"Got Potions","floor":30.0,"damage_taken":0.0},{"event_name":"Tomb of Lord Red Mask","player_choice":"Ignored","floor":38,"damage_taken":0}],"is_beta":false,"boss_relics":[{"not_picked":["Tiny House","Black Star"],"picked":"Philosopher\u0027s Stone"},{"not_picked":["Velvet Choker","FrozenCore"],"picked":"Nuclear Battery"}],"items_purged_floors":[],"is_endless":false,"potions_floor_spawned":[1,7,16,19,21,28,31,33,36,39],"killed_by":"3 Darklings","ascension_level":0}