{"path_per_floor":["M","?","$","M","?","E","?","M","T","R","M","M","$","M","R","B",null,"M","T","M","M","?"],"character_chosen":"IRONCLAD","items_purchased":["Vajra"],"gold_per_floor":[114,114,39,58,8,71,71,88,114,114,131,149,5,18,18,121,121,140,140,154,167,167],"floor_reached":23,"campfire_rested":0,"playtime":1761,"current_hp_per_floor":[80,64,64,70,70,76,73,79,79,79,80,75,75,80,80,67,80,80,80,71,39,39],"items_purged":["Strike_R"],"gold":167,"score":262,"play_id":"152cedfc-5877-44ac-a112-3db90abb02de","local_time":"20180302223317","is_prod":false,"is_daily":false,"is_ascension_mode":true,"campfire_upgraded":2,"timestamp":1520026397,"path_taken":["M","?","$","M","?","E","?","M","T","R","M","?","?","M","R","BOSS","M","?","M","?","?","E"],"build_version":"2018-03-01-BETA2","purchased_purges":1,"victory":false,"master_deck":["Strike_R+1","Strike_R","Strike_R+1","Strike_R+1","Defend_R","Defend_R","Defend_R","Bash+1","Flex+1","Headbutt","Shrug It Off","Shockwave+1","Offering","Rampage","Pain","Flex","Battle Trance"],"max_hp_per_floor":[80,80,80,80,80,80,80,80,80,80,80,80,80,80,80,80,80,80,80,80,80,80],"relics":["Burning Blood","NeowsBlessing","Tiny Chest","Anchor","Whetstone","Vajra","Cursed Key","Darkstone Periapt"],"card_choices":[{"not_picked":["Flame Barrier","Heavy Blade"],"picked":"Flex"},{"not_picked":["Perfected Strike","True Grit"],"picked":"Headbutt"},{"not_picked":["Feel No Pain","Armaments"],"picked":"Shrug It Off"},{"not_picked":["Pommel Strike","Combust"],"picked":"Shockwave"},{"not_picked":["Berserk","Bludgeon"],"picked":"Offering"},{"not_picked":["Anger","Clothesline"],"picked":"Rampage"},{"not_picked":["Iron Wave","Dropkick"],"picked":"Flex"},{"not_picked":["Clash","Havoc"],"picked":"Battle Trance"}],"player_experience":155817,"potions_floor_usage":[21],"damage_taken":[{"damage":0,"enemies":"Jaw Worm","floor":1,"turns":1},{"damage":0,"enemies":"Small Slimes","floor":4,"turns":1},{"damage":0,"enemies":"Lagavulin","floor":6,"turns":1},{"damage":0,"enemies":"2 Louse","floor":8,"turns":2},{"damage":0,"enemies":"2 Fungi Beasts","floor":11,"turns":2},{"damage":11,"enemies":"Large Slime","floor":12,"turns":4},{"damage":0,"enemies":"3 Louse","floor":14,"turns":4},{"damage":19,"enemies":"Slime Boss","floor":16,"turns":7},{"damage":4,"enemies":"Chosen","floor":18,"turns":2},{"damage":15,"enemies":"3 Byrds","floor":20,"turns":5},{"damage":38,"enemies":"Sentry and Sphere","floor":21,"turns":5},{"damage":39,"enemies":"Book of Stabbing","floor":23,"turns":5}],"event_choices":[{"event_name":"Shining Light","player_choice":"Entered Light","floor":2,"damage_taken":0},{"event_name":"The Cleric","player_choice":"Card Removal","floor":5,"damage_taken":0},{"event_name":"Scrap Ooze","player_choice":"success","floor":7,"damage_taken":3},{"event_name":"Vampires","player_choice":"Ignored","floor":22,"damage_taken":0}],"boss_relics":[{"not_picked":["White Beast Statue","Velvet Choker"],"picked":"Cursed Key"}],"potions_floor_spawned":[1,4,12],"seed_played":"343334305992856044","killed_by":"Book of Stabbing","ascension_level":4,"is_trial":false}