{"path_per_floor":["M","M","M","?","?","R","M","$","T","R","T","R","M","M","R","B",null,"M","?","?","?","M","R","E","R","T","M","R","M","$"],"character_chosen":"IRONCLAD","items_purchased":["Feed","Dual Wield"],"gold_per_floor":[216,230,244,244,194,194,211,69,69,69,69,69,88,103,103,205,205,225,225,325,250,261,261,293,293,317,335,335,349,174],"floor_reached":31,"campfire_rested":2,"playtime":4366,"current_hp_per_floor":[76,78,74,67,67,67,77,77,77,77,77,77,84,88,88,87,92,59,59,59,59,34,34,21,51,51,9,40,30,30],"items_purged":["Strike_R","Normality"],"gold":174,"play_id":"04a3eae9-5843-4c44-bb01-dfe7650beb89","is_prod":false,"is_daily":false,"is_ascension_mode":false,"campfire_upgraded":5,"path_taken":["M","?","M","?","?","R","M","$","T","R","?","R","M","M","R","BOSS","M","?","?","?","M","R","E","R","T","M","R","M","$","?"],"build_version":"2018-02-01-PROD3","purchased_purges":2,"victory":false,"master_deck":["Strike_R+1","Strike_R","Strike_R","Defend_R","Defend_R","Defend_R","Bash","Battle Trance","Battle Trance","Reaper+1","Flex+1","Feed+1","Anger+1","Iron Wave+1","Impervious","Injury","Shrug It Off+1","Iron Wave+1","Dual Wield"],"max_hp_per_floor":[80,80,80,80,80,80,80,80,80,80,80,80,84,88,88,92,92,96,96,96,96,96,96,100,100,100,104,104,108,108],"relics":["Burning Blood","Sundial","Charon\u0027s Ashes","Calling Bell","Blood Vial","Dream Catcher","Bronze Scales","Peace Pipe","Whetstone"],"card_choices":[{"not_picked":["Pummel","Power Through"],"picked":"Battle Trance"},{"not_picked":["Thunderclap","Headbutt"],"picked":"Battle Trance"},{"not_picked":["Battle Trance","Flame Barrier"],"picked":"Reaper"},{"not_picked":["Clash","Clothesline"],"picked":"Flex"},{"not_picked":["Sword Boomerang","Heavy Blade"],"picked":"Anger"},{"not_picked":["Intimidate","Second Wind"],"picked":"Iron Wave"},{"not_picked":["Brutality","Feed"],"picked":"Impervious"},{"not_picked":["Power Through","Heavy Blade"],"picked":"Shrug It Off"},{"not_picked":["Rage","Searing Blow"],"picked":"Iron Wave"}],"player_experience":6250,"potions_floor_usage":[7,16,16,24],"damage_taken":[{"damage":10,"enemies":"Blue Slaver","floor":1,"turns":6},{"damage":4,"enemies":"Small Slimes","floor":2,"turns":4},{"damage":10,"enemies":"Cultist","floor":3,"turns":4},{"damage":6,"enemies":"Exordium Wildlife","floor":7,"turns":3},{"damage":4,"enemies":"2 Fungi Beasts","floor":13,"turns":6},{"damage":16,"enemies":"Gremlin Gang","floor":14,"turns":3},{"damage":29,"enemies":"Slime Boss","floor":16,"turns":8},{"damage":43,"enemies":"Spheric Guardian","floor":18,"turns":6},{"damage":43,"enemies":"2 Thieves","floor":22,"turns":4},{"damage":55,"enemies":"Slavers","floor":24,"turns":7},{"damage":69,"enemies":"3 Cultists","floor":27,"turns":7},{"damage":32,"enemies":"Cultist and Chosen","floor":29,"turns":8},{"damage":41,"enemies":"Slaver and Parasite","floor":31,"turns":3}],"event_choices":[{"event_name":"Golden Wing","player_choice":"Card Removal","floor":4,"damage_taken":0},{"event_name":"The Cleric","player_choice":"Card Removal","floor":5,"damage_taken":0},{"event_name":"Drug Dealer","player_choice":"Ignored","floor":19,"damage_taken":0},{"event_name":"Golden Shrine","player_choice":"Pray","floor":20,"damage_taken":0},{"event_name":"Beggar","player_choice":"Gave Gold","floor":21,"damage_taken":0}],"boss_relics":[{"not_picked":["Velvet Choker","Eternal Feather"],"picked":"Calling Bell"}],"potions_floor_spawned":[1,2,7,14,27],"seed_played":"-5049375026439228662","killed_by":"Slaver and Parasite","ascension_level":0,"is_trial":false}