{"gold_per_floor":[113,113,131,203,222,222,257,257,257,257,332,347,374,339,339,438,438,452,452,466,31,51,51,51,51,51,85,85,96,96,113,113,210,210,227,239,77,77,89,89,104,136,211,211,245,265,365,393,393,393],"floor_reached":50,"playtime":2781,"items_purged":["Strike_B","Defend_B"],"score":612,"play_id":"68f1c9b6-d733-477c-a7be-a6089bf32b10","local_time":"20190518180652","is_ascension_mode":true,"campfire_choices":[{"data":"Zap","floor":6.0,"key":"SMITH"},{"data":"Coolheaded","floor":8.0,"key":"SMITH"},{"floor":10.0,"key":"REST"},{"data":"Fission","floor":15.0,"key":"SMITH"},{"data":"Defragment","floor":23.0,"key":"SMITH"},{"data":"Rainbow","floor":25.0,"key":"SMITH"},{"data":"Static Discharge","floor":28.0,"key":"SMITH"},{"data":"Hologram","floor":30.0,"key":"SMITH"},{"data":"Conserve Battery","floor":32.0,"key":"SMITH"},{"floor":40.0,"key":"REST"},{"data":"Defragment","floor":44.0,"key":"SMITH"},{"floor":49,"key":"RECALL"}],"neow_cost":"NONE","seed_source_timestamp":261100688835731,"circlet_count":0,"master_deck":["Defend_B","Defend_B","Defend_B","Zap+1","Dualcast","Doom and Gloom","Coolheaded+1","Conserve Battery+1","Glacier","Defragment+1","Fission+1","Rainbow+1","Hologram+1","Undo","Compile Driver+1","Leg Sweep","Static Discharge+1","Hologram+1","Electrodynamics","Buffer","Redo+1","Defragment+1","Loop","Panache","Finesse","Panache","Steam Power+1"],"special_seed":0,"relics":["Inserter","Smiling Mask","Molten Egg 2","Darkstone Periapt","The Courier","Nuclear Battery","Bag of Preparation","Letter Opener","Shuriken","Juzu Bracelet","Empty Cage","Bottled Lightning","Bottled Tornado","PreservedInsect","Incense Burner","Prayer Wheel"],"potions_floor_usage":[50],"damage_taken":[{"damage":2.0,"enemies":"Small Slimes","floor":1.0,"turns":5.0},{"damage":6.0,"enemies":"Jaw Worm","floor":3.0,"turns":4.0},{"damage":3.0,"enemies":"2 Louse","floor":5.0,"turns":4.0},{"damage":13.0,"enemies":"3 Sentries","floor":7.0,"turns":2.0},{"damage":3.0,"enemies":"Gremlin Gang","floor":12.0,"turns":4.0},{"damage":21.0,"enemies":"Gremlin Nob","floor":13.0,"turns":6.0},{"damage":35.0,"enemies":"Slime Boss","floor":16.0,"turns":11.0},{"damage":7.0,"enemies":"3 Byrds","floor":18.0,"turns":4.0},{"damage":0.0,"enemies":"Chosen","floor":20.0,"turns":4.0},{"damage":0.0,"enemies":"Snake Plant","floor":22.0,"turns":3.0},{"damage":4.0,"enemies":"Book of Stabbing","floor":27.0,"turns":5.0},{"damage":0.0,"enemies":"3 Cultists","floor":29.0,"turns":5.0},{"damage":0.0,"enemies":"Centurion and Healer","floor":31.0,"turns":5.0},{"damage":32.0,"enemies":"Automaton","floor":33.0,"turns":10.0},{"damage":8.0,"enemies":"3 Darklings","floor":35.0,"turns":3.0},{"damage":0.0,"enemies":"3 Shapes","floor":36.0,"turns":3.0},{"damage":11.0,"enemies":"Sphere and 2 Shapes","floor":39.0,"turns":4.0},{"damage":0.0,"enemies":"Writhing Mass","floor":41.0,"turns":6.0},{"damage":7.0,"enemies":"Giant Head","floor":42.0,"turns":10.0},{"damage":6.0,"enemies":"Reptomancer","floor":45.0,"turns":4.0},{"damage":0.0,"enemies":"Maw","floor":46.0,"turns":8.0},{"damage":0.0,"enemies":"Mind Bloom Boss Battle","floor":47.0,"turns":6.0},{"damage":0.0,"enemies":"Nemesis","floor":48.0,"turns":7.0},{"damage":59,"enemies":"Awakened One","floor":50,"turns":13}],"seed_played":"-236705705887385834","potions_obtained":[{"floor":1.0,"key":"LiquidBronze"},{"floor":3.0,"key":"EntropicBrew"},{"floor":7.0,"key":"FearPotion"},{"floor":13.0,"key":"Block Potion"},{"floor":18.0,"key":"AttackPotion"},{"floor":20.0,"key":"Swift Potion"},{"floor":22.0,"key":"Dexterity Potion"},{"floor":31.0,"key":"FocusPotion"},{"floor":35.0,"key":"Dexterity Potion"},{"floor":42.0,"key":"Dexterity Potion"},{"floor":47.0,"key":"AttackPotion"},{"floor":48.0,"key":"PowerPotion"}],"is_trial":false,"path_per_floor":["M","?","M","T","M","R","E","R","T","R","?","M","E","?","R","B",null,"M","?","M","$","M","R","?","R","T","E","R","M","R","M","R","B",null,"M","M","$","?","M","R","M","E","T","R","E","M","?","E","R","B"],"character_chosen":"DEFECT","items_purchased":["Bag of Preparation","Letter Opener","PowerPotion","Undo","Defragment","Loop"],"campfire_rested":2,"item_purchase_floors":[21,21,21,21,37,37],"current_hp_per_floor":[73,70,64,64,61,61,48,48,48,70,59,56,35,53,53,18,75,68,68,68,68,68,68,68,68,68,64,64,64,64,64,64,32,75,67,67,67,57,46,68,68,61,61,61,55,55,55,55,55,0],"gold":393,"neow_bonus":"BOSS_RELIC","is_prod":false,"is_daily":false,"chose_seed":false,"campfire_upgraded":9,"win_rate":0,"timestamp":1558217212,"path_taken":["M","?","M","?","M","R","E","R","T","R","?","?","E","?","R","BOSS","M","?","M","$","?","R","?","R","T","E","R","M","R","M","R","BOSS","M","M","$","?","M","R","M","E","T","R","E","M","?","E","R","BOSS"],"build_version":"2019-05-07","purchased_purges":2,"victory":false,"max_hp_per_floor":[75,75,75,75,75,75,75,75,75,75,75,75,75,75,75,75,75,75,75,75,75,75,75,75,75,75,75,75,75,75,75,75,75,75,75,75,75,75,75,75,75,75,75,75,75,75,75,75,75,75],"card_choices":[{"not_picked":["Coolheaded","Capacitor"],"picked":"Doom and Gloom","floor":1.0},{"not_picked":["Conserve Battery","Reprogram"],"picked":"Coolheaded","floor":3.0},{"not_picked":["Sweeping Beam","Reinforced Body"],"picked":"Conserve Battery","floor":5.0},{"not_picked":["Double Energy","Barrage"],"picked":"Glacier","floor":7.0},{"not_picked":["Ball Lightning+1","Leap"],"picked":"Defragment","floor":12.0},{"not_picked":["Coolheaded","Steam"],"picked":"Fission","floor":13.0},{"not_picked":["Reboot","Thunder Strike+1"],"picked":"Rainbow","floor":16.0},{"not_picked":["Conserve Battery","Go for the Eyes+1","Streamline+1"],"picked":"SKIP","floor":18.0},{"not_picked":["Redo+1","Coolheaded"],"picked":"Hologram","floor":20.0},{"not_picked":["Gash+1","Ball Lightning+1"],"picked":"Compile Driver+1","floor":22.0},{"not_picked":["Stack","Aggregate"],"picked":"Static Discharge","floor":27.0},{"not_picked":["Sunder+1","Beam Cell+1"],"picked":"Hologram+1","floor":29.0},{"not_picked":["Gash+1","Go for the Eyes+1"],"picked":"Electrodynamics","floor":31.0},{"not_picked":["All For One+1","Hyperbeam+1"],"picked":"Buffer","floor":33.0},{"not_picked":["Tempest","Sunder+1"],"picked":"Redo+1","floor":35.0},{"not_picked":["Conserve Battery+1","FTL+1","Ball Lightning+1"],"picked":"SKIP","floor":36.0},{"not_picked":["Bandage Up","Purity"],"picked":"Panache","floor":38.0},{"not_picked":["Madness","Forethought"],"picked":"Finesse","floor":38.0},{"not_picked":["Trip","Dramatic Entrance+1"],"picked":"Panache","floor":38.0},{"not_picked":["Conserve Battery","Streamline+1","Melter+1"],"picked":"SKIP","floor":39.0},{"not_picked":["Ball Lightning+1","Leap","Streamline+1"],"picked":"SKIP","floor":41.0},{"not_picked":["Chill+1","Go for the Eyes+1","BootSequence+1"],"picked":"SKIP","floor":42.0},{"not_picked":["Loop","Gash+1","Streamline+1"],"picked":"SKIP","floor":45.0},{"not_picked":["Rip and Tear+1","Sweeping Beam+1","Beam Cell+1"],"picked":"SKIP","floor":46.0},{"not_picked":["Beam Cell+1","Steam"],"picked":"Steam Power+1","floor":48.0}],"player_experience":1427340,"relics_obtained":[{"floor":7.0,"key":"Molten Egg 2"},{"floor":9.0,"key":"Darkstone Periapt"},{"floor":13.0,"key":"The Courier"},{"floor":26.0,"key":"Shuriken"},{"floor":27.0,"key":"Juzu Bracelet"},{"floor":42.0,"key":"Bottled Lightning"},{"floor":43.0,"key":"Bottled Tornado"},{"floor":45.0,"key":"PreservedInsect"},{"floor":47.0,"key":"Incense Burner"},{"floor":48.0,"key":"Prayer Wheel"}],"event_choices":[{"damage_healed":0.0,"max_hp_gain":0.0,"max_hp_loss":0.0,"gold_gain":0.0,"event_name":"Scrap Ooze","player_choice":"Success","floor":2.0,"gold_loss":0.0,"damage_taken":3.0,"relics_obtained":["Smiling Mask"]},{"damage_healed":0.0,"max_hp_gain":0.0,"max_hp_loss":0.0,"gold_gain":75.0,"event_name":"World of Goop","player_choice":"Gather Gold","floor":11.0,"gold_loss":0.0,"damage_taken":11.0},{"damage_healed":18.0,"max_hp_gain":0.0,"max_hp_loss":0.0,"gold_gain":0.0,"event_name":"The Cleric","player_choice":"Healed","floor":14.0,"gold_loss":35.0,"damage_taken":0.0},{"damage_healed":0.0,"max_hp_gain":0.0,"max_hp_loss":0.0,"gold_gain":0.0,"cards_transformed":["Strike_B"],"event_name":"Transmorgrifier","player_choice":"Transformed","floor":19.0,"gold_loss":0.0,"damage_taken":0.0,"cards_obtained":["BootSequence"]},{"cards_removed":["BootSequence"],"damage_healed":0.0,"max_hp_gain":0.0,"max_hp_loss":0.0,"gold_gain":0.0,"event_name":"NoteForYourself","player_choice":"Took Card","floor":24.0,"gold_loss":0.0,"damage_taken":0.0,"cards_obtained":["Leg Sweep"]},{"damage_healed":0.0,"max_hp_gain":0.0,"max_hp_loss":0.0,"gold_gain":0.0,"event_name":"SensoryStone","player_choice":"Memory 3","floor":38.0,"gold_loss":0.0,"damage_taken":10.0},{"damage_healed":0.0,"max_hp_gain":0.0,"max_hp_loss":0.0,"gold_gain":0.0,"event_name":"MindBloom","player_choice":"Fight","floor":47.0,"gold_loss":0.0,"damage_taken":0.0}],"is_beta":true,"boss_relics":[{"not_picked":["Tiny House","White Beast Statue"],"picked":"Nuclear Battery"},{"not_picked":["Pandora\u0027s Box","Orrery"],"picked":"Empty Cage"}],"items_purged_floors":[21,37],"is_endless":false,"potions_floor_spawned":[1,3,7,13,18,20,22,31,35,42,47,48],"killed_by":"Awakened One","ascension_level":1}