{"gold_per_floor":[117,117,117,129,147,147,31,41,41,41,74,74],"floor_reached":12,"playtime":397,"items_purged":[],"score":78,"play_id":"dfa99998-f697-42f8-afd3-10c2b8ae366f","local_time":"20181020211240","is_ascension_mode":false,"campfire_choices":[{"data":"Zap","floor":6.0,"key":"SMITH"},{"floor":10,"key":"REST"}],"neow_cost":"NONE","seed_source_timestamp":0,"circlet_count":0,"master_deck":["Strike_B","Strike_B","Strike_B","Strike_B","Defend_B","Defend_B","Defend_B","Defend_B","Zap+1","Dualcast","Creative AI","Chaos","Loop","Beam Cell","Capacitor","White Noise"],"special_seed":0,"relics":["Cracked Core","The Courier","Happy Flower","Ancient Tea Set","Ornamental Fan"],"potions_floor_usage":[11],"damage_taken":[{"damage":7.0,"enemies":"2 Louse","floor":1.0,"turns":3.0},{"damage":3.0,"enemies":"Jaw Worm","floor":4.0,"turns":4.0},{"damage":1.0,"enemies":"Cultist","floor":5.0,"turns":3.0},{"damage":16.0,"enemies":"Large Slime","floor":8.0,"turns":6.0},{"damage":45,"enemies":"Gremlin Nob","floor":11,"turns":5},{"damage":7,"enemies":"3 Louse","floor":12,"turns":1}],"seed_played":"2609474420366250845","potions_obtained":[{"floor":1.0,"key":"EssenceOfSteel"},{"floor":5.0,"key":"FearPotion"}],"is_trial":false,"path_per_floor":["M","?","?","M","M","R","$","M","T","R","E"],"character_chosen":"DEFECT","items_purchased":["Happy Flower"],"campfire_rested":1,"item_purchase_floors":[7],"current_hp_per_floor":[68,68,50,47,46,46,46,30,30,52,7,0],"gold":74,"neow_bonus":"ONE_RANDOM_RARE_CARD","is_prod":false,"is_daily":false,"chose_seed":false,"campfire_upgraded":1,"win_rate":0,"timestamp":1540084360,"path_taken":["M","?","?","M","M","R","$","M","T","R","E","M"],"build_version":"2018-10-18","purchased_purges":0,"victory":false,"max_hp_per_floor":[75,75,75,75,75,75,75,75,75,75,75,75],"card_choices":[{"not_picked":["Go for the Eyes","Heatsinks"],"picked":"Chaos","floor":1.0},{"not_picked":["Streamline","Auto Shields"],"picked":"Loop","floor":4.0},{"not_picked":["Recycle","Stack"],"picked":"Beam Cell","floor":5.0},{"not_picked":["Ball Lightning","Steam"],"picked":"Capacitor","floor":8},{"not_picked":["Doom and Gloom","Gash"],"picked":"White Noise","floor":11}],"player_experience":155529,"relics_obtained":[{"floor":9,"key":"Ancient Tea Set"},{"floor":11,"key":"Ornamental Fan"}],"event_choices":[{"damage_healed":0.0,"max_hp_gain":0.0,"max_hp_loss":0.0,"gold_gain":0.0,"event_name":"Golden Wing","player_choice":"Ignored","floor":2.0,"gold_loss":0.0,"damage_taken":0.0},{"damage_healed":0.0,"max_hp_gain":0.0,"max_hp_loss":0.0,"gold_gain":0.0,"event_name":"Scrap Ooze","player_choice":"Success","floor":3.0,"gold_loss":0.0,"damage_taken":18.0,"relics_obtained":["The Courier"]}],"is_beta":false,"boss_relics":[],"items_purged_floors":[],"is_endless":false,"potions_floor_spawned":[1,5],"killed_by":"3 Louse","ascension_level":0}