{"gold_per_floor":[111,111,121,133,30,30,30,130,130,32,50,65,65,75,75,177,177,188,188,103,89,89],"floor_reached":22,"playtime":1609,"items_purged":["Strike_R"],"score":176,"play_id":"2f525432-65f4-43a7-a90f-c0204df803f0","local_time":"20181016204209","is_ascension_mode":false,"campfire_choices":[{"data":"Enlightenment","floor":6,"key":"SMITH"},{"data":"Corruption","floor":15,"key":"SMITH"}],"neow_cost":"NONE","seed_source_timestamp":414729180356593,"circlet_count":0,"master_deck":["Strike_R","Strike_R+1","Strike_R+1","Defend_R","Defend_R","Defend_R","Bash","Clothesline","Perfected Strike","Thunderclap","Enlightenment+1","Reaper","Iron Wave","Flex","Corruption+1","Demon Form","Feed","Twin Strike","Whirlwind"],"relics":["Burning Blood","NeowsBlessing","Champion Belt","Black Star","Sundial"],"potions_floor_usage":[16],"damage_taken":[{"damage":0,"enemies":"Jaw Worm","floor":1,"turns":1},{"damage":0,"enemies":"2 Louse","floor":3,"turns":1},{"damage":0,"enemies":"Small Slimes","floor":4,"turns":1},{"damage":0,"enemies":"2 Fungi Beasts","floor":11,"turns":2},{"damage":9,"enemies":"Blue Slaver","floor":12,"turns":2},{"damage":5,"enemies":"3 Louse","floor":14,"turns":4},{"damage":28,"enemies":"Slime Boss","floor":16,"turns":8},{"damage":41,"enemies":"Shell Parasite","floor":18,"turns":8},{"damage":27,"enemies":"2 Thieves","floor":21,"turns":4},{"damage":36,"enemies":"Shelled Parasite and Fungi","floor":22,"turns":3}],"seed_played":"690112318430097563","potions_obtained":[{"floor":4,"key":"BloodPotion"},{"floor":12,"key":"SkillPotion"},{"floor":16,"key":"LiquidBronze"}],"is_trial":false,"path_per_floor":["M","?","M","M","$","R","?","?","T","$","M","M","?","M","R","B",null,"M","$","?","M"],"character_chosen":"IRONCLAD","items_purchased":["Enlightenment","Iron Wave"],"campfire_rested":0,"item_purchase_floors":[5,10],"current_hp_per_floor":[80,64,70,76,76,76,76,76,76,76,80,77,77,80,80,58,80,45,45,45,35,0],"gold":89,"neow_bonus":"THREE_ENEMY_KILL","is_prod":false,"is_daily":false,"chose_seed":false,"campfire_upgraded":2,"win_rate":0.0,"timestamp":1539715329,"path_taken":["M","?","M","M","$","R","?","?","T","$","M","M","?","?","R","BOSS","M","$","?","M","M"],"build_version":"2018-10-11","purchased_purges":1,"victory":false,"max_hp_per_floor":[80,80,80,80,80,80,80,80,80,80,80,80,80,80,80,80,80,80,80,80,83,83],"card_choices":[{"not_picked":["Blood for Blood","Flex"],"picked":"Clothesline","floor":1},{"not_picked":["True Grit","Flame Barrier"],"picked":"Perfected Strike","floor":3},{"not_picked":["Shrug It Off","Twin Strike"],"picked":"Thunderclap","floor":4},{"not_picked":["Heavy Blade","True Grit"],"picked":"Flex","floor":11},{"not_picked":["Warcry","Anger"],"picked":"Corruption","floor":12},{"not_picked":["Rupture","Body Slam"],"picked":"Demon Form","floor":14},{"not_picked":["Dark Embrace","Juggernaut"],"picked":"Feed","floor":16},{"not_picked":["Flex","Heavy Blade+1"],"picked":"Twin Strike","floor":18},{"not_picked":["Shockwave","Flex"],"picked":"Whirlwind","floor":21}],"player_experience":9120,"relics_obtained":[{"floor":9,"key":"Champion Belt"}],"event_choices":[{"event_name":"Shining Light","player_choice":"Entered Light","floor":2,"damage_taken":0},{"event_name":"Living Wall","player_choice":"Change","floor":7,"damage_taken":0},{"event_name":"Golden Shrine","player_choice":"Pray","floor":8,"damage_taken":0},{"event_name":"Bonfire Elementals","player_choice":"BASIC","floor":13,"damage_taken":0},{"event_name":"Addict","player_choice":"Obtained Relic","floor":20,"damage_taken":0}],"is_beta":false,"boss_relics":[{"not_picked":["Philosopher\u0027s Stone","Tiny House"],"picked":"Black Star"}],"items_purged_floors":[10],"is_endless":false,"potions_floor_spawned":[4,12,16],"killed_by":"Shelled Parasite and Fungi","ascension_level":0}