{"gold_per_floor":[22222,21179,21199,20192,20192,20192,20226,20238,20250,20262,20308,19274,19274,19294,19294,19368,19368,19388,19299,19314,19325,18745,18778,18788,18788,18813,18841,18851,18864,18417,18434,18434,18513,18513,18531,18011,17961,17971,17988,18013,18013,18045,18072,18072,18099,18115,18130,17660,17660,17660,17660,17660,17660,17106,17140,17140],"floor_reached":57,"playtime":3999,"items_purged":["Strike_B","Strike_B","Strike_B","Strike_B","Defend_B","Rainbow","Conserve Battery"],"score":3180,"play_id":"a74053f7-1b6a-4df2-abbc-898d9d2c7c3a","local_time":"20190522213121","is_ascension_mode":true,"campfire_choices":[{"data":"Zap","floor":6.0,"key":"SMITH"},{"data":"Loop","floor":8.0,"key":"SMITH"},{"data":"Hologram","floor":10.0,"key":"SMITH"},{"data":"Apotheosis","floor":15.0,"key":"SMITH"},{"data":"Consume","floor":25.0,"key":"SMITH"},{"data":"Capacitor","floor":32.0,"key":"SMITH"},{"data":"Seek","floor":41,"key":"SMITH"},{"floor":44,"key":"RECALL"},{"data":"Seek","floor":49,"key":"SMITH"},{"data":"Echo Form","floor":53,"key":"SMITH"}],"neow_cost":"NONE","seed_source_timestamp":326547143054980,"circlet_count":0,"master_deck":["AscendersBane","Zap+1","Dualcast","Electrodynamics","Coolheaded+1","Loop+1","BootSequence+1","Glacier+1","Hologram+1","Apotheosis+1","Echo Form+1","Glacier+1","Consume+1","Coolheaded+1","Blizzard","Capacitor+1","Seek+1","Barrage+1","Capacitor+1","Seek+1","Capacitor+1","Machine Learning+1","Recycle","Defragment+1","Echo Form+1"],"special_seed":0,"relics":["Cracked Core","Bag of Preparation","Chemical X","Strawberry","Bird Faced Urn","WingedGreaves","Lee\u0027s Waffle","MawBank","Pen Nib","ClockworkSouvenir","Centennial Puzzle","Bottled Tornado","Nuclear Battery","Letter Opener","Membership Card","Pear","Singing Bowl","Potion Belt","Art of War","Lantern","Medical Kit","War Paint","Whetstone","Empty Cage","Frozen Egg 2","TheAbacus","Question Card","Vajra","Cables","Ancient Tea Set","Dream Catcher","Toxic Egg 2","OrangePellets","Juzu Bracelet","Ice Cream","Turnip","Toy Ornithopter","Bronze Scales"],"potions_floor_usage":[47,51,51,55,55,55,55,55,56,56,56],"damage_taken":[{"damage":1.0,"enemies":"Cultist","floor":1.0,"turns":3.0},{"damage":0.0,"enemies":"Jaw Worm","floor":3.0,"turns":2.0},{"damage":8.0,"enemies":"Lagavulin","floor":7.0,"turns":6.0},{"damage":0.0,"enemies":"3 Sentries","floor":11.0,"turns":2.0},{"damage":0.0,"enemies":"2 Louse","floor":14.0,"turns":1.0},{"damage":0.0,"enemies":"Slime Boss","floor":16.0,"turns":9.0},{"damage":0.0,"enemies":"2 Thieves","floor":18.0,"turns":1.0},{"damage":0.0,"enemies":"Spheric Guardian","floor":20.0,"turns":5.0},{"damage":4.0,"enemies":"Chosen and Byrds","floor":21.0,"turns":5.0},{"damage":0.0,"enemies":"Gremlin Leader","floor":23.0,"turns":5.0},{"damage":13.0,"enemies":"Snecko","floor":24.0,"turns":5.0},{"damage":4.0,"enemies":"Book of Stabbing","floor":27.0,"turns":6.0},{"damage":11.0,"enemies":"Snake Plant","floor":28.0,"turns":3.0},{"damage":0.0,"enemies":"Shelled Parasite and Fungi","floor":29.0,"turns":6.0},{"damage":0.0,"enemies":"3 Cultists","floor":31.0,"turns":3.0},{"damage":33.0,"enemies":"Collector","floor":33.0,"turns":7.0},{"damage":3.0,"enemies":"3 Shapes","floor":35.0,"turns":3.0},{"damage":0,"enemies":"Orb Walker","floor":38,"turns":4},{"damage":0,"enemies":"Spire Growth","floor":39,"turns":9},{"damage":0,"enemies":"Reptomancer","floor":40,"turns":7},{"damage":0,"enemies":"Giant Head","floor":42,"turns":10},{"damage":0,"enemies":"Nemesis","floor":45,"turns":11},{"damage":0,"enemies":"Maw","floor":46,"turns":5},{"damage":6,"enemies":"Jaw Worm Horde","floor":47,"turns":4},{"damage":24,"enemies":"Donu and Deca","floor":50,"turns":8},{"damage":10,"enemies":"Time Eater","floor":51,"turns":16},{"damage":0,"enemies":"Shield and Spear","floor":55,"turns":4},{"damage":16,"enemies":"The Heart","floor":56,"turns":9}],"seed_played":"7239062166708066158","potions_obtained":[{"floor":1.0,"key":"Fruit Juice"},{"floor":23.0,"key":"FearPotion"},{"floor":24.0,"key":"Energy Potion"},{"floor":29.0,"key":"Regen Potion"},{"floor":38,"key":"Swift Potion"},{"floor":39,"key":"PowerPotion"},{"floor":46,"key":"SkillPotion"}],"is_trial":false,"path_per_floor":["M","$","M","$","?","R","E","R","T","R","E","$","?","M","R","B",null,"M","?","M","M","$","E","M","R","T","E","M","M","$","M","R","B",null,"M","$","?","M","M","E","R","E","T","R","E","M","M","$","R","B","B",null,"R","$","E","B",null],"character_chosen":"DEFECT","items_purchased":["Bag of Preparation","Chemical X","Strawberry","Loop","BootSequence","AttackPotion","Explosive Potion","Rainbow","Bird Faced Urn","WingedGreaves","Lee\u0027s Waffle","Glacier","Apotheosis","ClockworkSouvenir","Centennial Puzzle","Explosive Potion","Bottled Tornado","Membership Card","Pear","Singing Bowl","Medical Kit","War Paint","Whetstone","Blizzard","Capacitor","Frozen Egg 2","Capacitor+1","TheAbacus","Question Card","Toxic Egg 2","OrangePellets","Juzu Bracelet","PowerPotion","Ice Cream","Turnip","Toy Ornithopter","Defragment+1","LiquidBronze","EntropicBrew"],"campfire_rested":0,"item_purchase_floors":[2,2,2,2,2,2,2,2,4,4,4,4,12,12,12,12,12,22,22,22,30,30,30,30,30,36,36,36,36,48,48,48,48,54,54,54,54,54,54],"current_hp_per_floor":[68,75,75,90,90,90,84,84,84,84,86,86,86,88,88,90,90,90,90,90,88,98,100,87,87,87,91,88,96,96,102,102,75,100,105,105,105,108,108,110,110,110,110,110,112,114,112,112,112,96,106,112,112,112,114,113],"gold":17140,"neow_bonus":"ONE_RANDOM_RARE_CARD","is_prod":false,"is_daily":false,"chose_seed":false,"campfire_upgraded":9,"win_rate":0,"timestamp":1558528281,"path_taken":["M","$","M","$","?","R","E","R","T","R","E","$","?","M","R","BOSS","M","?","M","M","$","E","M","R","T","E","?","M","$","M","R","BOSS","M","$","?","M","M","E","R","E","T","R","E","M","M","$","R","BOSS","BOSS","R","$","E","BOSS"],"build_version":"2019-01-23","purchased_purges":7,"victory":true,"max_hp_per_floor":[76,83,83,90,90,90,90,90,90,90,90,90,90,90,90,90,90,90,90,90,90,100,100,100,100,100,102,104,106,106,108,108,108,108,108,108,108,108,108,110,110,110,110,110,112,114,114,114,114,114,114,114,114,114,114,114],"card_choices":[{"not_picked":["FTL","Turbo"],"picked":"Coolheaded","floor":1.0},{"not_picked":["Gash","Hello World"],"picked":"Conserve Battery","floor":3.0},{"not_picked":["Conserve Battery","Heatsinks"],"picked":"Hologram","floor":7.0},{"not_picked":["Meteor Strike","Scrape","Beam Cell"],"picked":"SKIP","floor":11.0},{"not_picked":["Leap","Rebound","Stack"],"picked":"SKIP","floor":14.0},{"not_picked":["Fission","Seek"],"picked":"Echo Form","floor":16.0},{"not_picked":["Rebound","Darkness","Redo"],"picked":"SKIP","floor":18.0},{"not_picked":["Lockon+1","Compile Driver"],"picked":"Glacier","floor":20.0},{"not_picked":["Steam","Streamline+1","Redo"],"picked":"SKIP","floor":21.0},{"not_picked":["Lockon","Ball Lightning"],"picked":"Consume","floor":23.0},{"not_picked":["Static Discharge","Lockon"],"picked":"Coolheaded+1","floor":24.0},{"not_picked":["Redo","All For One","Reprogram+1"],"picked":"Singing Bowl","floor":27.0},{"not_picked":["Ball Lightning","Sweeping Beam+1","Leap"],"picked":"Singing Bowl","floor":28.0},{"not_picked":["Stack","Leap","White Noise"],"picked":"Singing Bowl","floor":29.0},{"not_picked":["Double Energy","Barrage","Hologram+1"],"picked":"Singing Bowl","floor":31.0},{"not_picked":["Core Surge","Electrodynamics"],"picked":"Seek","floor":33.0},{"not_picked":["Coolheaded+1","Redo"],"picked":"Barrage+1","floor":35.0},{"not_picked":["Turbo","Cold Snap","Steam"],"picked":"Seek","floor":38},{"not_picked":["White Noise","Steam","Streamline+1"],"picked":"Capacitor+1","floor":39},{"not_picked":["Self Repair+1","Redo","Reinforced Body+1","Tempest+1"],"picked":"Singing Bowl","floor":40},{"not_picked":["Fusion","Blizzard+1","Sweeping Beam+1"],"picked":"Machine Learning+1","floor":42},{"not_picked":["Heatsinks+1","FTL","Redo+1","Cold Snap"],"picked":"Singing Bowl","floor":45},{"not_picked":["Doom and Gloom","Tempest","Reinforced Body+1","Steam+1"],"picked":"Singing Bowl","floor":46},{"not_picked":["Conserve Battery+1","Steam","Rip and Tear"],"picked":"Recycle","floor":47},{"not_picked":["Go for the Eyes+1","Steam+1","Aggregate+1"],"picked":"Echo Form+1","floor":55}],"player_experience":540396,"relics_obtained":[{"floor":7.0,"key":"MawBank"},{"floor":11.0,"key":"Pen Nib"},{"floor":23.0,"key":"Potion Belt"},{"floor":26.0,"key":"Art of War"},{"floor":27.0,"key":"Lantern"},{"floor":40,"key":"Vajra"},{"floor":42,"key":"Cables"},{"floor":43,"key":"Ancient Tea Set"},{"floor":45,"key":"Dream Catcher"},{"floor":55,"key":"Bronze Scales"}],"event_choices":[{"cards_removed":["Defend_B"],"damage_healed":0.0,"max_hp_gain":0.0,"max_hp_loss":0.0,"gold_gain":0.0,"event_name":"Living Wall","player_choice":"Forget","floor":5.0,"gold_loss":0.0,"damage_taken":0.0},{"damage_healed":0.0,"max_hp_gain":0.0,"max_hp_loss":0.0,"gold_gain":0.0,"event_name":"Lab","player_choice":"Got Potions","floor":13.0,"gold_loss":0.0,"damage_taken":0.0},{"damage_healed":0.0,"max_hp_gain":0.0,"max_hp_loss":0.0,"gold_gain":0.0,"event_name":"WeMeetAgain","player_choice":"Paid Gold","floor":19.0,"gold_loss":89.0,"damage_taken":0.0,"relics_obtained":["Letter Opener"]},{"damage_healed":0,"gold_gain":0,"player_choice":"Upgraded Two","damage_taken":0,"max_hp_gain":0,"max_hp_loss":0,"event_name":"Designer","floor":37,"gold_loss":50,"cards_upgraded":["BootSequence","Glacier"]}],"is_beta":false,"boss_relics":[{"not_picked":["Black Star","Philosopher\u0027s Stone"],"picked":"Nuclear Battery"},{"not_picked":["Eternal Feather","Tiny House"],"picked":"Empty Cage"}],"items_purged_floors":[2,4,12,22,30,36,48],"is_endless":false,"potions_floor_spawned":[1,7,23,24,29,38,39,45,46],"ascension_level":20}