{"gold_per_floor":[110,128,128,128,139,168,168,187,187,204,204,221,232,245,245,340,390,400,400,675,530,542,542,556,556,556,215,233,233,233],"floor_reached":30,"playtime":1146,"items_purged":[],"score":234,"play_id":"4893195e-9920-4bd3-8f56-756b214b6384","local_time":"20180901160203","is_ascension_mode":false,"campfire_choices":[{"floor":7,"key":"REST"},{"floor":15,"key":"REST"},{"floor":23,"key":"REST"},{"floor":25,"key":"REST"}],"neow_cost":"NONE","seed_source_timestamp":1284925709185565,"circlet_count":0,"master_deck":["Strike_B+1","Strike_B+1","Strike_B+1","Strike_B+1","Defend_B+1","Defend_B+1","Defend_B+1","Defend_B+1","Zap+1","Dualcast+1","Reinforced Body","Darkness","Darkness","Multi-Cast","Defragment","Defragment","Beam Cell","Conserve Battery","Undo","Creative AI","Go for the Eyes","White Noise+1","Redo","Leap","FTL","Steam","Chaos+1"],"special_seed":0,"relics":["Cracked Core","Omamori","Whetstone","Bag of Marbles","Tiny House","Art of War","Bottled Lightning","Gremlin Horn","Toxic Egg 2"],"potions_floor_usage":[24],"damage_taken":[{"damage":0.0,"enemies":"2 Louse","floor":1.0,"turns":3.0},{"damage":3.0,"enemies":"Small Slimes","floor":2.0,"turns":3.0},{"damage":0,"enemies":"Jaw Worm","floor":5,"turns":3},{"damage":40,"enemies":"3 Sentries","floor":6,"turns":6},{"damage":14,"enemies":"Blue Slaver","floor":8,"turns":4},{"damage":5,"enemies":"Looter","floor":10,"turns":4},{"damage":21,"enemies":"Gremlin Gang","floor":12,"turns":5},{"damage":4,"enemies":"Large Slime","floor":13,"turns":5},{"damage":5,"enemies":"Exordium Wildlife","floor":14,"turns":5},{"damage":18,"enemies":"Hexaghost","floor":16,"turns":8},{"damage":26,"enemies":"3 Byrds","floor":18,"turns":6},{"damage":20,"enemies":"2 Thieves","floor":22,"turns":4},{"damage":4,"enemies":"Snecko","floor":24,"turns":5},{"damage":35,"enemies":"Centurion and Healer","floor":28,"turns":6},{"damage":48,"enemies":"Snake Plant","floor":30,"turns":4}],"seed_played":"-3856179074038517637","potions_obtained":[{"floor":5,"key":"Strength Potion"},{"floor":6,"key":"SkillPotion"},{"floor":8,"key":"SkillPotion"},{"floor":10,"key":"SteroidPotion"},{"floor":12,"key":"LiquidBronze"},{"floor":17,"key":"Ancient Potion"}],"is_trial":false,"path_per_floor":["M","M","?","?","M","E","R","M","T","M","T","M","M","M","R","B",null,"M","?","?","$","M","R","M","R","T","$","M","?"],"character_chosen":"DEFECT","items_purchased":["Art of War","FTL","Gremlin Horn","Steam"],"campfire_rested":4,"item_purchase_floors":[21,27,27,27],"current_hp_per_floor":[75,72,72,72,72,32,54,40,40,35,35,14,10,5,27,9,80,54,54,54,54,34,58,54,78,78,78,43,43,0],"gold":233,"neow_bonus":"UPGRADE_CARD","is_prod":false,"is_daily":false,"chose_seed":false,"campfire_upgraded":0,"win_rate":0,"timestamp":1535832123,"path_taken":["M","M","?","?","M","E","R","M","T","?","?","M","?","M","R","BOSS","M","?","?","$","M","R","M","R","T","$","M","?","M"],"build_version":"2018-08-30","purchased_purges":0,"victory":false,"max_hp_per_floor":[75,75,75,75,75,75,75,75,75,75,75,75,75,75,75,75,80,80,80,80,80,80,80,80,80,80,80,80,80,80],"card_choices":[{"not_picked":["Turbo","Go for the Eyes"],"picked":"Reinforced Body","floor":1.0},{"not_picked":["Steam","All For One"],"picked":"Darkness","floor":2.0},{"not_picked":["Cold Snap","Sunder"],"picked":"Darkness","floor":5},{"not_picked":["Sweeping Beam","Beam Cell"],"picked":"Multi-Cast","floor":6},{"not_picked":["Gash","Barrage"],"picked":"Defragment","floor":8},{"not_picked":["Compile Driver","Coolheaded"],"picked":"Defragment","floor":10},{"not_picked":["Coolheaded","Skim"],"picked":"Beam Cell","floor":12},{"not_picked":["Stack","Go for the Eyes"],"picked":"Conserve Battery","floor":13},{"not_picked":["Go for the Eyes","Auto Shields"],"picked":"Undo","floor":14},{"not_picked":["Biased Cognition","All For One"],"picked":"Creative AI","floor":16},{"not_picked":["Cold Snap","Hello World"],"picked":"Go for the Eyes","floor":17},{"not_picked":["Scrape","Doom and Gloom"],"picked":"White Noise+1","floor":18},{"not_picked":["Hologram","Barrage"],"picked":"Redo","floor":22},{"not_picked":["Reinforced Body","Machine Learning"],"picked":"Leap","floor":24},{"not_picked":["Redo","Double Energy"],"picked":"Chaos+1","floor":28}],"player_experience":100763,"relics_obtained":[{"floor":6,"key":"Omamori"},{"floor":9,"key":"Whetstone"},{"floor":11,"key":"Bag of Marbles"},{"floor":26,"key":"Bottled Lightning"}],"event_choices":[{"event_name":"The Cleric","player_choice":"Leave","floor":3,"damage_taken":0},{"event_name":"Golden Wing","player_choice":"Ignored","floor":4,"damage_taken":0},{"event_name":"Back to Basics","player_choice":"Simplicity","floor":19,"damage_taken":0},{"event_name":"Golden Shrine","player_choice":"Desecrate","floor":20,"damage_taken":0},{"event_name":"The Mausoleum","player_choice":"Yes","floor":29,"damage_taken":0}],"is_beta":false,"boss_relics":[{"not_picked":["Pandora\u0027s Box","Ectoplasm"],"picked":"Tiny House"}],"items_purged_floors":[],"is_endless":false,"potions_floor_spawned":[5,6,8,10,12,16],"killed_by":"Snake Plant","ascension_level":0}