{"gold_per_floor":[118,135,18,18,18,18,50,62,137,164,180,180,180,194,194,270,270,284,300,300,97,107,107,118,118,141,66,86,86,121,121,121,200,200,217,268,268,62,62,62,74,74,128,158,558,576,601,621,621,621],"floor_reached":51,"playtime":6001,"items_purged":["Writhe"],"score":1533,"play_id":"c6a3cd89-ffc8-45a1-ae19-0d40bcd14993","local_time":"20190518104751","is_ascension_mode":true,"campfire_choices":[{"data":"Barricade","floor":6.0,"key":"SMITH"},{"data":"Feel No Pain","floor":13.0,"key":"SMITH"},{"data":"Havoc","floor":15.0,"key":"SMITH"},{"data":"Corruption","floor":23.0,"key":"SMITH"},{"floor":25.0,"key":"REST"},{"data":"Pommel Strike","floor":29.0,"key":"SMITH"},{"data":"Body Slam","floor":32.0,"key":"SMITH"},{"data":"Evolve","floor":40.0,"key":"SMITH"},{"floor":42.0,"key":"REST"},{"data":"Juggernaut","floor":49.0,"key":"SMITH"}],"neow_cost":"NONE","seed_source_timestamp":0,"circlet_count":0,"master_deck":["AscendersBane","Strike_R+1","Defend_R","Defend_R+1","Defend_R+1","Defend_R","Bash","Evolve+1","Cleave","Feel No Pain+1","Shockwave+1","Barricade+1","Havoc+1","Sentinel","Second Wind","Pommel Strike+1","Immolate","Warcry","Corruption+1","Entrench+1","Body Slam+1","Warcry+1","Shrug It Off+1","Juggernaut+1","Burning Pact+1","Ghostly+1","Ghostly+1","Ghostly+1","Demon Form+1","Shrug It Off+1","Metamorphosis+1","Warcry+1","Impervious+1","Feel No Pain","Shrug It Off+1","Shrug It Off+1"],"special_seed":0,"relics":["Burning Blood","NeowsBlessing","War Paint","Letter Opener","Question Card","Velvet Choker","Toxic Egg 2","Strawberry","PreservedInsect","Empty Cage","Incense Burner","Mercury Hourglass","Old Coin","Bronze Scales"],"potions_floor_usage":[],"damage_taken":[{"damage":0.0,"enemies":"Small Slimes","floor":1.0,"turns":1.0},{"damage":0.0,"enemies":"Jaw Worm","floor":2.0,"turns":1.0},{"damage":0.0,"enemies":"Gremlin Nob","floor":7.0,"turns":1.0},{"damage":4.0,"enemies":"Cultist","floor":8.0,"turns":5.0},{"damage":16.0,"enemies":"3 Sentries","floor":10.0,"turns":9.0},{"damage":3.0,"enemies":"2 Fungi Beasts","floor":11.0,"turns":5.0},{"damage":4.0,"enemies":"Large Slime","floor":14.0,"turns":9.0},{"damage":31.0,"enemies":"Slime Boss","floor":16.0,"turns":12.0},{"damage":16.0,"enemies":"Spheric Guardian","floor":18.0,"turns":5.0},{"damage":22.0,"enemies":"3 Byrds","floor":19.0,"turns":5.0},{"damage":18.0,"enemies":"Snecko","floor":22.0,"turns":6.0},{"damage":24.0,"enemies":"Shelled Parasite and Fungi","floor":24.0,"turns":5.0},{"damage":0.0,"enemies":"3 Cultists","floor":28.0,"turns":3.0},{"damage":4.0,"enemies":"Book of Stabbing","floor":30.0,"turns":5.0},{"damage":0.0,"enemies":"Automaton","floor":33.0,"turns":8.0},{"damage":19.0,"enemies":"Orb Walker","floor":35.0,"turns":5.0},{"damage":24.0,"enemies":"2 Orb Walkers","floor":36.0,"turns":5.0},{"damage":20.0,"enemies":"3 Darklings","floor":41.0,"turns":5.0},{"damage":0.0,"enemies":"Nemesis","floor":44.0,"turns":7.0},{"damage":0.0,"enemies":"Mind Bloom Boss Battle","floor":45.0,"turns":7.0},{"damage":10.0,"enemies":"Writhing Mass","floor":46.0,"turns":6.0},{"damage":0.0,"enemies":"Giant Head","floor":47.0,"turns":8.0},{"damage":8.0,"enemies":"4 Shapes","floor":48.0,"turns":4.0},{"damage":16,"enemies":"Awakened One","floor":50,"turns":7}],"seed_played":"-2038837328909873766","potions_obtained":[{"floor":1.0,"key":"BloodPotion"},{"floor":2.0,"key":"EssenceOfSteel"},{"floor":14.0,"key":"AttackPotion"},{"floor":16.0,"key":"PowerPotion"},{"floor":18.0,"key":"SteroidPotion"},{"floor":28.0,"key":"Regen Potion"},{"floor":30.0,"key":"Ancient Potion"},{"floor":33.0,"key":"Regen Potion"},{"floor":36.0,"key":"Fire Potion"},{"floor":44.0,"key":"SpeedPotion"}],"is_trial":false,"path_per_floor":["M","M","$","?","?","R","E","M","T","E","M","?","R","M","R","B",null,"M","M","?","$","M","R","M","R","T","?","M","R","E","?","R","B",null,"M","?","?","$","?","R","M","R","T","E","?","M","E","M","R","B",null],"character_chosen":"IRONCLAD","items_purchased":["Feel No Pain","Shockwave","Entrench+1","Body Slam","Metamorphosis+1","Warcry+1"],"campfire_rested":2,"item_purchase_floors":[3,3,21,21,38,38],"current_hp_per_floor":[74,75,75,75,75,75,75,75,75,65,68,45,45,47,47,29,64,54,38,38,38,26,26,8,30,37,37,43,43,59,41,41,41,41,28,24,24,24,24,24,10,22,22,28,34,30,36,34,34,24],"gold":621,"neow_bonus":"THREE_ENEMY_KILL","is_prod":false,"is_daily":false,"chose_seed":false,"campfire_upgraded":8,"win_rate":0,"timestamp":1558198071,"path_taken":["M","M","$","?","?","R","E","M","T","E","?","?","R","M","R","BOSS","M","M","?","$","M","R","M","R","T","?","M","R","E","?","R","BOSS","M","?","?","$","?","R","?","R","T","E","?","M","E","M","R","BOSS"],"build_version":"2019-01-23","purchased_purges":1,"victory":true,"max_hp_per_floor":[75,75,75,75,75,75,75,75,75,75,75,75,75,75,75,75,75,75,75,75,75,75,75,75,75,82,82,82,82,82,41,41,41,41,41,41,41,41,41,41,41,41,41,41,41,41,41,41,41,41],"card_choices":[{"not_picked":["Infernal Blade","Thunderclap"],"picked":"Evolve","floor":1.0},{"not_picked":["Flex","Anger"],"picked":"Cleave","floor":2.0},{"not_picked":["Combust","Rampage","Anger"],"picked":"SKIP","floor":7.0},{"not_picked":["Armaments","Reaper"],"picked":"Havoc","floor":8.0},{"not_picked":["Carnage","Clash"],"picked":"Sentinel","floor":10.0},{"not_picked":["Sword Boomerang","Shrug It Off","Twin Strike"],"picked":"Second Wind","floor":11.0},{"not_picked":["Evolve","Wild Strike","Dual Wield"],"picked":"Pommel Strike","floor":14.0},{"not_picked":["Limit Break","Brutality","Berserk"],"picked":"Immolate","floor":16.0},{"not_picked":["Havoc","Combust","Iron Wave"],"picked":"Warcry","floor":18.0},{"not_picked":["Whirlwind","Ghostly Armor","Second Wind"],"picked":"Corruption","floor":19.0},{"not_picked":["Body Slam","Carnage+1","Infernal Blade+1"],"picked":"Warcry+1","floor":22.0},{"not_picked":["Pommel Strike","Anger","Body Slam"],"picked":"Shrug It Off+1","floor":24.0},{"not_picked":["Disarm+1","Blood for Blood","Perfected Strike"],"picked":"Juggernaut","floor":28.0},{"not_picked":["Combust","Body Slam","Carnage"],"picked":"Burning Pact+1","floor":30.0},{"not_picked":["Berserk","Immolate","Limit Break+1"],"picked":"Demon Form","floor":33.0},{"not_picked":["Spot Weakness+1","Thunderclap","Pommel Strike","Corruption+1"],"picked":"SKIP","floor":35.0},{"not_picked":["Twin Strike","Cleave","Disarm+1"],"picked":"Shrug It Off+1","floor":36.0},{"not_picked":["Sentinel+1","Infernal Blade+1","Metallicize"],"picked":"Impervious+1","floor":41.0},{"not_picked":["Wild Strike","Bloodletting+1","Flame Barrier+1"],"picked":"Feel No Pain","floor":44.0},{"not_picked":["Sever Soul","Wild Strike","Heavy Blade","Twin Strike"],"picked":"SKIP","floor":46.0},{"not_picked":["Juggernaut","Infernal Blade+1","Headbutt"],"picked":"Shrug It Off+1","floor":47.0},{"not_picked":["Flex+1","Spot Weakness+1","Evolve"],"picked":"Shrug It Off+1","floor":48.0}],"player_experience":727437,"relics_obtained":[{"floor":7.0,"key":"War Paint"},{"floor":9.0,"key":"Letter Opener"},{"floor":10.0,"key":"Question Card"},{"floor":26.0,"key":"Strawberry"},{"floor":30.0,"key":"PreservedInsect"},{"floor":36.0,"key":"Incense Burner"},{"floor":44.0,"key":"Mercury Hourglass"},{"floor":45.0,"key":"Old Coin"},{"floor":47.0,"key":"Bronze Scales"}],"event_choices":[{"damage_healed":0.0,"max_hp_gain":0.0,"max_hp_loss":0.0,"gold_gain":0.0,"event_name":"The Cleric","player_choice":"Leave","floor":4.0,"gold_loss":0.0,"damage_taken":0.0},{"damage_healed":0.0,"max_hp_gain":0.0,"max_hp_loss":0.0,"gold_gain":0.0,"cards_transformed":["Strike_R"],"event_name":"Transmorgrifier","player_choice":"Transformed","floor":5.0,"gold_loss":0.0,"damage_taken":0.0,"cards_obtained":["Barricade"]},{"damage_healed":0.0,"max_hp_gain":0.0,"max_hp_loss":0.0,"gold_gain":0.0,"event_name":"Shining Light","player_choice":"Entered Light","floor":12.0,"gold_loss":0.0,"damage_taken":23.0,"cards_upgraded":["Defend_R","Strike_R"]},{"damage_healed":0.0,"max_hp_gain":0.0,"max_hp_loss":0.0,"gold_gain":0.0,"event_name":"The Mausoleum","player_choice":"Opened","floor":20.0,"gold_loss":0.0,"damage_taken":0.0,"relics_obtained":["Toxic Egg 2"],"cards_obtained":["Writhe"]},{"cards_removed":["Strike_R"],"damage_healed":0.0,"max_hp_gain":0.0,"max_hp_loss":0.0,"gold_gain":0.0,"event_name":"Beggar","player_choice":"Gave Gold","floor":27.0,"gold_loss":75.0,"damage_taken":0.0},{"damage_healed":0.0,"max_hp_gain":0.0,"max_hp_loss":41.0,"gold_gain":0.0,"event_name":"Ghosts","player_choice":"Became a Ghost","floor":31.0,"gold_loss":0.0,"damage_taken":0.0,"cards_obtained":["Ghostly","Ghostly","Ghostly"]},{"damage_healed":0.0,"max_hp_gain":0.0,"max_hp_loss":0.0,"gold_gain":0.0,"event_name":"Mysterious Sphere","player_choice":"Fight","floor":36.0,"gold_loss":0.0,"damage_taken":0.0},{"damage_healed":0.0,"max_hp_gain":0.0,"max_hp_loss":0.0,"gold_gain":0.0,"event_name":"Tomb of Lord Red Mask","player_choice":"Ignored","floor":37.0,"gold_loss":0.0,"damage_taken":0.0},{"damage_healed":0.0,"max_hp_gain":0.0,"max_hp_loss":0.0,"gold_gain":0.0,"event_name":"Upgrade Shrine","player_choice":"Upgraded","floor":39.0,"gold_loss":0.0,"damage_taken":0.0,"cards_upgraded":["Demon Form"]},{"damage_healed":0.0,"max_hp_gain":0.0,"max_hp_loss":0.0,"gold_gain":0.0,"event_name":"MindBloom","player_choice":"Fight","floor":45.0,"gold_loss":0.0,"damage_taken":0.0}],"is_beta":false,"boss_relics":[{"not_picked":["Snecko Eye","Busted Crown"],"picked":"Velvet Choker"},{"not_picked":["Black Blood","Philosopher\u0027s Stone"],"picked":"Empty Cage"}],"items_purged_floors":[21],"is_endless":false,"potions_floor_spawned":[1,2,14,16,18,28,30,33,36,41,44,45],"ascension_level":15}