{"gold_per_floor":[115,132,151,151,151,184,203,203,278,278,306,321,337,78,78,183,183,198,211,229,90,100,100,120,120,120,120,120,120,220,252,252,355,355,365,380,100,100,11,11,11,11,34,51,61,111,211,28,28,28],"floor_reached":51,"playtime":3426,"items_purged":["Writhe","Defend_B"],"score":675,"play_id":"1b787072-2c74-4006-bf9b-e20a827c72ad","local_time":"20190518154843","is_ascension_mode":false,"campfire_choices":[{"data":"Capacitor","floor":8.0,"key":"SMITH"},{"data":"Defragment","floor":10.0,"key":"SMITH"},{"data":"Consume","floor":15.0,"key":"SMITH"},{"data":"Seek","floor":23.0,"key":"SMITH"},{"data":"Chaos","floor":25.0,"key":"SMITH"},{"data":"Capacitor","floor":27.0,"key":"SMITH"},{"floor":32,"key":"REST"},{"data":"Electrodynamics","floor":40,"key":"SMITH"},{"data":"Hologram","floor":42,"key":"SMITH"},{"floor":49,"key":"RECALL"}],"neow_cost":"NONE","seed_source_timestamp":62482983048863,"circlet_count":0,"master_deck":["Strike_B","Strike_B","Defend_B","Defend_B","Zap+1","Dualcast","Defragment+1","BootSequence+1","Coolheaded","Glacier","Capacitor+1","Scrape+1","Chaos+1","Consume+1","Coolheaded","Electrodynamics+1","Seek+1","Leap","Fusion+1","Ball Lightning+1","Capacitor+1","Redo+1","Force Field","Necronomicurse","Conserve Battery+1","Thunder Strike+1","Coolheaded+1","All For One+1","Hologram+1","Barrage+1","Flash of Steel+1"],"special_seed":0,"relics":["Cracked Core","Bird Faced Urn","Centennial Puzzle","PreservedInsect","Membership Card","Empty Cage","HandDrill","The Courier","Calipers","Necronomicon","Emotion Chip","Molten Egg 2","Singing Bowl","Inserter","Strawberry","Omamori","Anchor","Incense Burner","Thread and Needle","Lantern","Bronze Scales","Whetstone"],"potions_floor_usage":[30,30,33,44,47],"damage_taken":[{"damage":7.0,"enemies":"Small Slimes","floor":1.0,"turns":3.0},{"damage":6.0,"enemies":"Jaw Worm","floor":2.0,"turns":3.0},{"damage":5.0,"enemies":"Cultist","floor":3.0,"turns":4.0},{"damage":30.0,"enemies":"Gremlin Nob","floor":6.0,"turns":4.0},{"damage":0.0,"enemies":"Lots of Slimes","floor":7.0,"turns":6.0},{"damage":2.0,"enemies":"Lagavulin","floor":11.0,"turns":7.0},{"damage":5.0,"enemies":"Exordium Thugs","floor":12.0,"turns":6.0},{"damage":0.0,"enemies":"2 Fungi Beasts","floor":13.0,"turns":2.0},{"damage":17.0,"enemies":"The Guardian","floor":16.0,"turns":12.0},{"damage":9.0,"enemies":"3 Byrds","floor":18.0,"turns":3.0},{"damage":1.0,"enemies":"Shell Parasite","floor":19.0,"turns":6.0},{"damage":8.0,"enemies":"3 Cultists","floor":20.0,"turns":4.0},{"damage":8.0,"enemies":"Cultist and Chosen","floor":22.0,"turns":5.0},{"damage":25.0,"enemies":"Snecko","floor":24.0,"turns":6.0},{"damage":21,"enemies":"Colosseum Slavers","floor":30,"turns":5},{"damage":17,"enemies":"Colosseum Nobs","floor":30,"turns":5},{"damage":5,"enemies":"Gremlin Leader","floor":31,"turns":6},{"damage":19,"enemies":"Automaton","floor":33,"turns":11},{"damage":0,"enemies":"3 Shapes","floor":35,"turns":5},{"damage":3,"enemies":"Orb Walker","floor":36,"turns":3},{"damage":12,"enemies":"Writhing Mass","floor":44,"turns":6},{"damage":13,"enemies":"Spire Growth","floor":45,"turns":5},{"damage":4,"enemies":"2 Orb Walkers","floor":46,"turns":4},{"damage":0,"enemies":"Mind Bloom Boss Battle","floor":47,"turns":7},{"damage":59,"enemies":"Donu and Deca","floor":50,"turns":5}],"seed_played":"5420788945168578992","potions_obtained":[{"floor":1.0,"key":"SkillPotion"},{"floor":6.0,"key":"Dexterity Potion"},{"floor":11.0,"key":"Fire Potion"},{"floor":12.0,"key":"FairyPotion"},{"floor":13.0,"key":"LiquidBronze"},{"floor":20.0,"key":"Strength Potion"},{"floor":30,"key":"Energy Potion"},{"floor":33,"key":"PowerPotion"},{"floor":44,"key":"EssenceOfSteel"},{"floor":46,"key":"AttackPotion"}],"is_trial":false,"path_per_floor":["M","M","M","?","?","E","M","R","T","R","E","M","M","$","R","B",null,"M","M","M","$","M","R","M","R","T","R","?","?","?","E","R","B",null,"M","M","$","?","$","R","?","R","T","M","M","?","?","$","R","B",null],"character_chosen":"DEFECT","items_purchased":["Membership Card","Coolheaded","Electrodynamics","Capacitor","HandDrill","All For One+1","Hologram","Barrage+1","Strawberry","Omamori","Ancient Potion","Flash of Steel+1","Lantern","Bronze Scales","Whetstone"],"campfire_rested":1,"item_purchase_floors":[14,14,14,21,21,37,37,37,37,37,37,39,48,48,48],"current_hp_per_floor":[75,69,64,64,64,36,38,38,38,38,40,39,39,39,39,28,82,75,80,78,78,74,74,55,55,55,55,55,39,11,16,41,30,84,84,85,92,92,92,92,92,92,92,85,78,82,92,92,92,39],"gold":28,"neow_bonus":"TEN_PERCENT_HP_BONUS","is_prod":false,"is_daily":false,"chose_seed":false,"campfire_upgraded":8,"win_rate":0,"timestamp":1558208923,"path_taken":["M","M","M","?","?","E","M","R","T","R","E","M","?","$","R","BOSS","M","M","M","$","?","R","M","R","T","R","?","?","?","E","R","BOSS","M","M","$","?","$","R","?","R","T","M","?","?","?","?","R","BOSS"],"build_version":"2019-01-23","purchased_purges":2,"victory":true,"max_hp_per_floor":[82,82,82,82,82,82,82,82,82,82,82,82,82,82,82,82,82,82,82,82,82,82,82,82,82,82,82,82,82,82,84,84,84,84,84,86,93,93,93,93,93,93,93,95,97,99,101,101,101,101],"card_choices":[{"not_picked":["Glacier","Gash"],"picked":"Defragment","floor":1.0},{"not_picked":["Gash","Sweeping Beam"],"picked":"BootSequence","floor":2.0},{"not_picked":["Rebound","Melter"],"picked":"Coolheaded","floor":3.0},{"not_picked":["Go for the Eyes","Sweeping Beam"],"picked":"Glacier","floor":6.0},{"not_picked":["Coolheaded","Cold Snap"],"picked":"Capacitor","floor":7.0},{"not_picked":["Streamline","Undo"],"picked":"Scrape","floor":11.0},{"not_picked":["Sweeping Beam","Creative AI"],"picked":"Chaos","floor":12.0},{"not_picked":["Leap","Compile Driver"],"picked":"Consume","floor":13.0},{"not_picked":["Reboot","Machine Learning"],"picked":"Seek","floor":16.0},{"not_picked":["Compile Driver","Auto Shields"],"picked":"Leap","floor":18.0},{"not_picked":["Self Repair","Hello World+1"],"picked":"Fusion+1","floor":19.0},{"not_picked":["Leap+1","FTL"],"picked":"Ball Lightning","floor":20.0},{"not_picked":["Sweeping Beam","Meteor Strike"],"picked":"Redo+1","floor":22.0},{"not_picked":["Steam Power","Lockon"],"picked":"Force Field","floor":24.0},{"not_picked":["Compile Driver","Doom and Gloom"],"picked":"Conserve Battery+1","floor":30},{"not_picked":["Streamline+1","Consume","Go for the Eyes+1"],"picked":"Singing Bowl","floor":31},{"not_picked":["All For One+1","Electrodynamics"],"picked":"Thunder Strike+1","floor":33},{"not_picked":["Reprogram","Reinforced Body+1"],"picked":"Coolheaded+1","floor":35},{"not_picked":["Leap","Gash+1","Conserve Battery+1"],"picked":"Singing Bowl","floor":36},{"not_picked":["Stack+1","BootSequence","Lockon+1"],"picked":"Singing Bowl","floor":44},{"not_picked":["Gash+1","Stack","Cold Snap+1"],"picked":"Singing Bowl","floor":45},{"not_picked":["Heatsinks","Chill","Conserve Battery+1"],"picked":"Singing Bowl","floor":46},{"not_picked":["Redo","Ball Lightning+1","Hello World"],"picked":"Singing Bowl","floor":47}],"player_experience":307538,"relics_obtained":[{"floor":6.0,"key":"Centennial Puzzle"},{"floor":11.0,"key":"PreservedInsect"},{"floor":26.0,"key":"The Courier"},{"floor":29.0,"key":"Necronomicon"},{"floor":30,"key":"Emotion Chip"},{"floor":30,"key":"Molten Egg 2"},{"floor":31,"key":"Singing Bowl"},{"floor":43,"key":"Anchor"},{"floor":46,"key":"Incense Burner"},{"floor":47,"key":"Thread and Needle"}],"event_choices":[{"damage_healed":0.0,"max_hp_gain":0.0,"max_hp_loss":0.0,"gold_gain":0.0,"event_name":"Living Wall","player_choice":"Grow","floor":4.0,"gold_loss":0.0,"damage_taken":0.0,"cards_upgraded":["Zap"]},{"damage_healed":0.0,"max_hp_gain":0.0,"max_hp_loss":0.0,"gold_gain":0.0,"event_name":"WeMeetAgain","player_choice":"Gave Potion","floor":5.0,"gold_loss":0.0,"damage_taken":0.0,"relics_obtained":["Bird Faced Urn"]},{"damage_healed":0.0,"max_hp_gain":0.0,"max_hp_loss":0.0,"gold_gain":0.0,"event_name":"The Mausoleum","player_choice":"Opened","floor":28.0,"gold_loss":0.0,"damage_taken":0.0,"relics_obtained":["Calipers"],"cards_obtained":["Writhe"]},{"damage_healed":0.0,"max_hp_gain":0.0,"max_hp_loss":0.0,"gold_gain":0.0,"event_name":"Cursed Tome","player_choice":"Obtained Book","floor":29.0,"gold_loss":0.0,"damage_taken":16.0},{"damage_healed":0,"gold_gain":0,"player_choice":"Fight","damage_taken":0,"max_hp_gain":0,"max_hp_loss":0,"event_name":"Colosseum","floor":30,"gold_loss":0},{"damage_healed":0,"gold_gain":0,"player_choice":"Fought Nobs","damage_taken":0,"max_hp_gain":0,"max_hp_loss":0,"event_name":"Colosseum","floor":30,"gold_loss":0},{"cards_removed":["Strike_B"],"damage_healed":0,"gold_gain":0,"player_choice":"Removed Attack","damage_taken":0,"max_hp_gain":0,"max_hp_loss":0,"event_name":"Falling","floor":38,"gold_loss":0},{"damage_healed":0,"gold_gain":0,"player_choice":"Forge","damage_taken":0,"max_hp_gain":0,"max_hp_loss":0,"event_name":"Accursed Blacksmith","floor":41,"gold_loss":0,"cards_upgraded":["BootSequence"]},{"damage_healed":0,"gold_gain":0,"player_choice":"Fight","damage_taken":0,"max_hp_gain":0,"max_hp_loss":0,"event_name":"Mysterious Sphere","floor":46,"gold_loss":0},{"damage_healed":0,"gold_gain":0,"player_choice":"Fight","damage_taken":0,"max_hp_gain":0,"max_hp_loss":0,"event_name":"MindBloom","floor":47,"gold_loss":0}],"is_beta":false,"boss_relics":[{"not_picked":["Snecko Eye","Busted Crown"],"picked":"Empty Cage"},{"not_picked":["Astrolabe","Sozu"],"picked":"Inserter"}],"items_purged_floors":[37,39],"is_endless":false,"potions_floor_spawned":[1,6,11,12,13,20,30,33,44,45,46],"ascension_level":0}