{"gold_per_floor":[118,137,147,222,397,397,432,432,455,470,485,504,121,121,121,241,241,265,286,12,12,12,12,62,112,189,189,202,126,126,142,142,272,272,292,313,363,20,41,41,60,110,110,110],"floor_reached":44,"playtime":2270,"items_purged":["Scrape","Doubt"],"score":458,"play_id":"f9da3fe1-c59c-4b3c-8169-915e865e88bf","local_time":"20180901125518","is_ascension_mode":false,"campfire_choices":[{"data":"Zap","floor":6,"key":"SMITH"},{"floor":8,"key":"REST"},{"floor":15,"key":"REST"},{"floor":23,"key":"REST"},{"floor":27,"key":"REST"},{"data":"Sunder","floor":30,"key":"SMITH"},{"data":"Apotheosis","floor":32,"key":"SMITH"},{"data":"Capacitor","floor":40,"key":"SMITH"}],"neow_cost":"NONE","seed_source_timestamp":1272597333303630,"circlet_count":0,"master_deck":["Strike_B","Strike_B","Strike_B","Strike_B","Defend_B","Defend_B","Defend_B","Defend_B","Zap+1","Dualcast","Cold Snap","Capacitor+1","Sweeping Beam","Coolheaded","All For One","Ball Lightning","Trip","Hologram","Blizzard","Hyperbeam","Sunder+1","Streamline+1","Apotheosis+1","Writhe","Hello World+1","Conserve Battery","Rainbow","Streamline","Sunder","Transmutation","Defragment+1","Coolheaded","Lockon","Blind","Hologram+1","Rebound"],"relics":["Cracked Core","Happy Flower","Pen Nib","Omamori","OrangePellets","Golden Idol","Inserter","Necronomicon","SsserpentHead","Mercury Hourglass","Frozen Egg 2","Cables","Nuclear Battery","Bottled Tornado"],"potions_floor_usage":[18,19,19,33,41,44],"damage_taken":[{"damage":0,"enemies":"Cultist","floor":1,"turns":4},{"damage":6,"enemies":"Small Slimes","floor":2,"turns":4},{"damage":0,"enemies":"2 Louse","floor":3,"turns":3},{"damage":25,"enemies":"Lagavulin","floor":7,"turns":6},{"damage":12,"enemies":"2 Fungi Beasts","floor":10,"turns":4},{"damage":13,"enemies":"Red Slaver","floor":11,"turns":3},{"damage":4,"enemies":"Gremlin Gang","floor":12,"turns":4},{"damage":42,"enemies":"Hexaghost","floor":16,"turns":10},{"damage":13,"enemies":"Chosen","floor":18,"turns":5},{"damage":25,"enemies":"Shell Parasite","floor":19,"turns":6},{"damage":3,"enemies":"Chosen and Byrds","floor":28,"turns":4},{"damage":0,"enemies":"Centurion and Healer","floor":31,"turns":2},{"damage":25,"enemies":"Collector","floor":33,"turns":11},{"damage":9,"enemies":"3 Darklings","floor":35,"turns":3},{"damage":0,"enemies":"3 Shapes","floor":36,"turns":1},{"damage":10,"enemies":"3 Darklings","floor":39,"turns":3},{"damage":45,"enemies":"Spire Growth","floor":41,"turns":4},{"damage":12,"enemies":"Transient","floor":44,"turns":3}],"seed_played":"-1496813156913694556","potions_obtained":[{"floor":2,"key":"Poison Potion"},{"floor":3,"key":"Energy Potion"},{"floor":7,"key":"EssenceOfSteel"},{"floor":19,"key":"SteroidPotion"},{"floor":28,"key":"SkillPotion"},{"floor":36,"key":"Strength Potion"},{"floor":41,"key":"PowerPotion"}],"is_trial":false,"path_per_floor":["M","M","M","?","?","R","E","R","T","M","M","M","$","?","R","B",null,"M","M","$","?","?","R","?","T","T","R","M","$","R","M","R","B",null,"M","M","?","$","M","R","M","?","T"],"character_chosen":"DEFECT","items_purchased":["OrangePellets","Trip","Hologram","Blizzard","Apotheosis","Hologram","Defragment+1","Coolheaded","Lockon","Blind","Explosive Potion"],"campfire_rested":4,"item_purchase_floors":[13,13,13,13,20,29,38,38,38,38,38],"current_hp_per_floor":[75,69,69,58,58,58,33,55,55,43,30,26,26,26,48,6,75,62,37,37,21,21,43,43,43,43,65,62,62,62,62,62,37,75,66,66,66,66,56,56,11,11,11,0],"gold":110,"neow_bonus":"RANDOM_COMMON_RELIC","is_prod":false,"is_daily":false,"chose_seed":false,"campfire_upgraded":4,"win_rate":0,"timestamp":1535820918,"path_taken":["M","M","M","?","?","R","E","R","T","?","M","M","$","?","R","BOSS","M","M","$","?","?","R","?","?","T","R","M","?","R","M","R","BOSS","M","M","?","$","M","R","M","?","T","M"],"build_version":"2018-08-30","purchased_purges":2,"victory":false,"max_hp_per_floor":[75,75,75,75,75,75,75,75,75,75,75,75,75,75,75,75,75,75,75,75,75,75,75,75,75,75,75,75,75,75,75,75,75,75,75,75,75,75,75,75,75,75,75,75],"card_choices":[{"not_picked":["Stack","Storm"],"picked":"Cold Snap","floor":1},{"not_picked":["Go for the Eyes","Hologram"],"picked":"Capacitor","floor":2},{"not_picked":["Steam Power","Hologram"],"picked":"Sweeping Beam","floor":3},{"not_picked":["Reinforced Body","Barrage"],"picked":"Coolheaded","floor":7},{"not_picked":["Sweeping Beam","Streamline"],"picked":"Scrape","floor":10},{"not_picked":["Auto Shields","Go for the Eyes"],"picked":"All For One","floor":11},{"not_picked":["Steam","Compile Driver"],"picked":"Ball Lightning","floor":12},{"not_picked":["Buffer","Fission"],"picked":"Hyperbeam","floor":16},{"not_picked":["Turbo","Genetic Algorithm"],"picked":"Sunder","floor":18},{"not_picked":["Turbo","Stack+1"],"picked":"Streamline+1","floor":19},{"not_picked":["Heatsinks+1","Leap"],"picked":"Hello World+1","floor":28},{"not_picked":["Stack","Ball Lightning"],"picked":"Conserve Battery","floor":31},{"not_picked":["Biased Cognition+1","Buffer+1"],"picked":"Rainbow","floor":33},{"not_picked":["Ball Lightning","Storm+1"],"picked":"Streamline","floor":35},{"not_picked":["Hologram","Self Repair+1"],"picked":"Sunder","floor":36},{"not_picked":["Forethought","Enlightenment"],"picked":"Transmutation","floor":37},{"not_picked":["Force Field","Barrage"],"picked":"Hologram+1","floor":39},{"not_picked":["Gash","Genetic Algorithm+1"],"picked":"Rebound","floor":41}],"player_experience":88957,"relics_obtained":[{"floor":7,"key":"Pen Nib"},{"floor":9,"key":"Omamori"},{"floor":21,"key":"Necronomicon"},{"floor":25,"key":"Frozen Egg 2"},{"floor":26,"key":"Cables"},{"floor":43,"key":"Bottled Tornado"}],"event_choices":[{"event_name":"World of Goop","player_choice":"Gather Gold","floor":4,"damage_taken":0},{"event_name":"Liars Game","player_choice":"agreed","floor":5,"damage_taken":0},{"event_name":"Golden Idol","player_choice":"Take Wound","floor":14,"damage_taken":0},{"event_name":"Cursed Tome","player_choice":"Obtained Book","floor":21,"damage_taken":0},{"event_name":"FaceTrader","player_choice":"Trade","floor":22,"damage_taken":0},{"event_name":"The Mausoleum","player_choice":"Yes","floor":24,"damage_taken":0},{"event_name":"SensoryStone","player_choice":"Memory 1","floor":37,"damage_taken":0},{"event_name":"Falling","player_choice":"Removed Skill","floor":42,"damage_taken":0}],"is_beta":false,"boss_relics":[{"not_picked":["Astrolabe","Philosopher\u0027s Stone"],"picked":"Inserter"},{"not_picked":["Snecko Eye","Orrery"],"picked":"Nuclear Battery"}],"items_purged_floors":[20,29],"is_endless":false,"potions_floor_spawned":[2,3,7,11,19,28,36,41],"killed_by":"Transient","ascension_level":0}