{"gold_per_floor":[214,214,19,44,44,44,62,62,62,78,78,112,126,151,151,280,343,361,486,666,679,411,411,446,446],"floor_reached":25,"playtime":1009,"items_purged":["Strike_B"],"score":232,"play_id":"e22ec80c-6169-48fe-a4e6-29a2387fb274","local_time":"20190517202939","is_ascension_mode":true,"campfire_choices":[{"data":"Zap","floor":6,"key":"SMITH"},{"data":"Undo","floor":11,"key":"SMITH"},{"data":"Streamline","floor":15,"key":"SMITH"},{"floor":23,"key":"REST"}],"neow_cost":"NONE","seed_source_timestamp":248041955342755,"circlet_count":0,"master_deck":["Strike_B","Strike_B","Strike_B","Defend_B+1","Defend_B","Defend_B","Defend_B","Zap+1","Dualcast","Ball Lightning","FTL","Undo+1","All For One","Streamline+1","Gash","Electrodynamics","Steam","Loop+1","Coolheaded","Coolheaded+1"],"relics":["Cracked Core","Golden Idol","Membership Card","Potion Belt","Ancient Tea Set","Nunchaku","Tiny House","WingedGreaves","Frozen Egg 2","Symbiotic Virus","Boot"],"potions_floor_usage":[16,19,24,25],"damage_taken":[{"damage":1,"enemies":"Cultist","floor":1,"turns":4},{"damage":1,"enemies":"Jaw Worm","floor":4,"turns":3},{"damage":0,"enemies":"2 Louse","floor":7,"turns":2},{"damage":4,"enemies":"Blue Slaver","floor":10,"turns":3},{"damage":16,"enemies":"Gremlin Nob","floor":12,"turns":4},{"damage":1,"enemies":"3 Louse","floor":13,"turns":3},{"damage":0,"enemies":"Red Slaver","floor":14,"turns":3},{"damage":18,"enemies":"Hexaghost","floor":16,"turns":8},{"damage":0,"enemies":"Spheric Guardian","floor":18,"turns":3},{"damage":13,"enemies":"Colosseum Slavers","floor":19,"turns":4},{"damage":15,"enemies":"Colosseum Nobs","floor":19,"turns":3},{"damage":5,"enemies":"Chosen","floor":21,"turns":3},{"damage":31,"enemies":"Slavers","floor":24,"turns":4},{"damage":18,"enemies":"3 Cultists","floor":25,"turns":3}],"seed_played":"-6910216022273527883","potions_obtained":[{"floor":4,"key":"Weak Potion"},{"floor":14,"key":"SpeedPotion"},{"floor":16,"key":"LiquidBronze"},{"floor":17,"key":"AttackPotion"},{"floor":19,"key":"SteroidPotion"},{"floor":21,"key":"GamblersBrew"},{"floor":24,"key":"Ancient Potion"}],"is_trial":false,"path_per_floor":["M","?","$","M","?","R","M","?","T","M","R","E","M","M","R","B",null,"M","?","?","M","$","R","E","M"],"character_chosen":"DEFECT","items_purchased":["Membership Card","Loop+1","Coolheaded","Symbiotic Virus","FocusPotion"],"campfire_rested":1,"item_purchase_floors":[3,22,22,22,22],"current_hp_per_floor":[74,69,69,68,73,73,73,48,48,44,44,28,27,27,27,9,79,79,51,30,25,25,48,17,0],"gold":446,"neow_bonus":"HUNDRED_GOLD","is_prod":false,"is_daily":false,"chose_seed":false,"campfire_upgraded":3,"win_rate":0,"timestamp":1558139379,"path_taken":["M","?","$","M","?","R","M","?","T","?","R","E","M","M","R","BOSS","M","?","?","M","$","R","E","M"],"build_version":"2019-05-07","purchased_purges":1,"victory":false,"max_hp_per_floor":[75,69,69,69,74,74,74,74,74,74,74,74,74,74,74,74,79,79,79,79,79,79,79,79,79],"card_choices":[{"not_picked":["Gash","Barrage"],"picked":"Ball Lightning","floor":1},{"not_picked":["Melter","Darkness","Beam Cell"],"picked":"SKIP","floor":4},{"not_picked":["Static Discharge","Turbo"],"picked":"FTL","floor":7},{"not_picked":["Chaos","Steam"],"picked":"Undo","floor":10},{"not_picked":["Steam","Rebound"],"picked":"All For One","floor":12},{"not_picked":["Conserve Battery","Turbo"],"picked":"Streamline","floor":13},{"not_picked":["Rebound","Conserve Battery"],"picked":"Gash","floor":14},{"not_picked":["Machine Learning","Hyperbeam"],"picked":"Electrodynamics","floor":16},{"not_picked":["Darkness","Double Energy"],"picked":"Steam","floor":17},{"not_picked":["Scrape+1","Lockon","Compile Driver"],"picked":"SKIP","floor":18},{"not_picked":["Force Field","Streamline","Double Energy+1"],"picked":"SKIP","floor":21},{"not_picked":["Hologram","Sweeping Beam+1"],"picked":"Coolheaded+1","floor":24}],"player_experience":1417295,"relics_obtained":[{"floor":9,"key":"Ancient Tea Set"},{"floor":12,"key":"Nunchaku"},{"floor":19,"key":"WingedGreaves"},{"floor":19,"key":"Frozen Egg 2"},{"floor":24,"key":"Boot"}],"event_choices":[{"damage_healed":0,"gold_gain":0,"player_choice":"Lose Max HP","damage_taken":0,"relics_obtained":["Golden Idol"],"max_hp_gain":0,"max_hp_loss":6,"event_name":"Golden Idol","floor":2,"gold_loss":0},{"damage_healed":0,"gold_gain":0,"player_choice":"Donut","damage_taken":0,"max_hp_gain":5,"max_hp_loss":0,"event_name":"Big Fish","floor":5,"gold_loss":0},{"damage_healed":0,"gold_gain":0,"player_choice":"Success","damage_taken":25,"relics_obtained":["Potion Belt"],"max_hp_gain":0,"max_hp_loss":0,"event_name":"Scrap Ooze","floor":8,"gold_loss":0},{"damage_healed":0,"gold_gain":0,"player_choice":"Fight","damage_taken":0,"max_hp_gain":0,"max_hp_loss":0,"event_name":"Colosseum","floor":19,"gold_loss":0},{"damage_healed":0,"gold_gain":0,"player_choice":"Fought Nobs","damage_taken":0,"max_hp_gain":0,"max_hp_loss":0,"event_name":"Colosseum","floor":19,"gold_loss":0},{"damage_healed":0,"gold_gain":180,"player_choice":"GOLD GOLD ","damage_taken":21,"max_hp_gain":0,"max_hp_loss":0,"event_name":"Knowing Skull","floor":20,"potions_obtained":[],"gold_loss":0,"cards_obtained":[]}],"is_beta":true,"boss_relics":[{"not_picked":["Ectoplasm","Calling Bell"],"picked":"Tiny House"}],"items_purged_floors":[22],"is_endless":false,"potions_floor_spawned":[4,14,16,19,21,24],"killed_by":"3 Cultists","ascension_level":1}