{"gold_per_floor":[110,185,44,60,210,244,244,262,262,275,275,275,285,313,313,390,390,404,2,22,49,64,95,95,95],"floor_reached":25,"playtime":1116,"items_purged":["Doubt"],"score":562,"play_id":"abcfed11-6581-47a6-b1fc-6d54624d45be","local_time":"20190430110416","is_ascension_mode":true,"campfire_choices":[{"data":"Darkness","floor":7,"key":"SMITH"},{"data":"Capacitor","floor":15,"key":"SMITH"},{"floor":24,"key":"REST"}],"neow_cost":"NONE","seed_source_timestamp":732041141489492,"circlet_count":0,"master_deck":["AscendersBane","Strike_B","Strike_B","Strike_B","Strike_B","Defend_B","Defend_B","Defend_B","Defend_B","Zap","Dualcast","Cold Snap","Darkness+1","White Noise","Electrodynamics","Glacier","Capacitor+1","Core Surge","Self Repair","Sunder","Redo+1"],"relics":["Cracked Core","NeowsBlessing","Tiny Chest","FossilizedHelix","Singing Bowl","Dodecahedron","Nuclear Battery","DataDisk","Smiling Mask","Bag of Preparation"],"potions_floor_usage":[14,16,16,18,25],"damage_taken":[{"damage":0,"enemies":"Small Slimes","floor":1,"turns":1},{"damage":0,"enemies":"Jaw Worm","floor":4,"turns":1},{"damage":0,"enemies":"3 Sentries","floor":6,"turns":1},{"damage":0,"enemies":"Cultist","floor":8,"turns":4},{"damage":3,"enemies":"Exordium Thugs","floor":10,"turns":4},{"damage":6,"enemies":"2 Fungi Beasts","floor":13,"turns":2},{"damage":0,"enemies":"Lagavulin","floor":14,"turns":5},{"damage":17,"enemies":"Slime Boss","floor":16,"turns":12},{"damage":17,"enemies":"Spheric Guardian","floor":18,"turns":4},{"damage":17,"enemies":"Shell Parasite","floor":20,"turns":8},{"damage":0,"enemies":"Sentry and Sphere","floor":22,"turns":3},{"damage":38,"enemies":"Gremlin Leader","floor":23,"turns":7},{"damage":54,"enemies":"Book of Stabbing","floor":25,"turns":5}],"seed_played":"-151965492980114233","potions_obtained":[{"floor":1,"key":"Regen Potion"},{"floor":6,"key":"Weak Potion"},{"floor":14,"key":"PowerPotion"},{"floor":16,"key":"Fire Potion"},{"floor":23,"key":"PowerPotion"}],"is_trial":false,"path_per_floor":["M","?","$","M","?","E","R","M","T","M","?","?","M","E","R","B",null,"M","$","M","T","M","E","R","E"],"character_chosen":"DEFECT","items_purchased":["Tiny Chest","DataDisk","Self Repair","Sunder"],"campfire_rested":1,"item_purchase_floors":[3,19,19,19],"current_hp_per_floor":[64,53,53,53,53,53,53,53,53,50,55,55,51,60,60,43,69,54,54,51,51,53,24,49,0],"gold":95,"neow_bonus":"THREE_ENEMY_KILL","is_prod":false,"is_daily":false,"chose_seed":false,"campfire_upgraded":2,"win_rate":0,"timestamp":1556589856,"path_taken":["M","?","?","M","?","E","R","?","T","M","?","?","?","E","R","BOSS","M","$","M","?","M","E","R","E"],"build_version":"2019-01-23","purchased_purges":1,"victory":false,"max_hp_per_floor":[71,71,71,71,71,71,71,71,71,71,76,76,78,78,78,78,78,80,80,80,80,82,84,84,84],"card_choices":[{"not_picked":["Storm","Stack"],"picked":"Cold Snap","floor":1},{"not_picked":["Stack","Compile Driver"],"picked":"Darkness","floor":4},{"not_picked":["Sweeping Beam","Fusion"],"picked":"White Noise","floor":6},{"not_picked":["Coolheaded","Barrage"],"picked":"Electrodynamics","floor":8},{"not_picked":["Beam Cell","Sunder"],"picked":"Glacier","floor":10},{"not_picked":["Rebound","Leap","Gash"],"picked":"Singing Bowl","floor":13},{"not_picked":["Rip and Tear","Ball Lightning"],"picked":"Capacitor","floor":14},{"not_picked":["Machine Learning","Multi-Cast"],"picked":"Core Surge","floor":16},{"not_picked":["Beam Cell","Steam","Conserve Battery+1"],"picked":"Singing Bowl","floor":18},{"not_picked":["Sweeping Beam","Self Repair+1"],"picked":"Redo+1","floor":20},{"not_picked":["Stack","Cold Snap","Hello World"],"picked":"Singing Bowl","floor":22},{"not_picked":["Gash","Rebound","Go for the Eyes"],"picked":"Singing Bowl","floor":23}],"player_experience":316512,"relics_obtained":[{"floor":6,"key":"FossilizedHelix"},{"floor":9,"key":"Singing Bowl"},{"floor":14,"key":"Dodecahedron"},{"floor":21,"key":"Smiling Mask"},{"floor":23,"key":"Bag of Preparation"}],"event_choices":[{"damage_healed":0,"gold_gain":75,"player_choice":"Gather Gold","damage_taken":11,"max_hp_gain":0,"max_hp_loss":0,"event_name":"World of Goop","floor":2,"gold_loss":0},{"damage_healed":0,"gold_gain":150,"player_choice":"AGREE","damage_taken":0,"max_hp_gain":0,"max_hp_loss":0,"event_name":"Liars Game","floor":5,"gold_loss":0,"cards_obtained":["Doubt"]},{"damage_healed":0,"gold_gain":0,"player_choice":"Donut","damage_taken":0,"max_hp_gain":5,"max_hp_loss":0,"event_name":"Big Fish","floor":11,"gold_loss":0},{"damage_healed":0,"gold_gain":0,"player_choice":"Got Potions","damage_taken":0,"max_hp_gain":0,"max_hp_loss":0,"event_name":"Lab","floor":12,"gold_loss":0}],"is_beta":false,"boss_relics":[{"not_picked":["Orrery","Black Star"],"picked":"Nuclear Battery"}],"items_purged_floors":[19],"is_endless":false,"potions_floor_spawned":[1,6,14,16,23],"killed_by":"Book of Stabbing","ascension_level":20}