{"path_per_floor":["M","M","M","?","M","E","R","M","T","R","M","?","$","M","R","B",null,"M","M","$","M","?","E","R","M","T","R","M","?","M","M","R"],"character_chosen":"IRONCLAD","items_purchased":["Frozen Egg 2","Omamori"],"gold_per_floor":[114,129,144,124,139,169,169,184,184,184,199,374,49,64,64,164,164,179,194,44,59,77,107,107,122,122,122,137,137,152,167,167],"floor_reached":33,"campfire_rested":3,"playtime":2383,"current_hp_per_floor":[78,77,76,75,74,67,67,71,70,69,68,67,66,65,64,26,62,61,60,59,49,57,12,28,22,22,37,37,21,26,38,50],"items_purged":["Doubt"],"gold":167,"score":273,"play_id":"56831399-1d60-4301-829c-ea75f4329a0e","local_time":"20180318033559","daily_mods":["Allstar","Uncertain Future","Terminal"],"is_prod":false,"is_daily":true,"is_ascension_mode":false,"campfire_upgraded":3,"timestamp":1521340559,"path_taken":["M","M","?","?","M","E","R","M","T","R","M","?","$","M","R","BOSS","M","M","$","M","?","E","R","M","T","R","M","?","?","M","R","BOSS"],"build_version":"2018-03-16","purchased_purges":2,"victory":false,"master_deck":["Strike_R","Strike_R","Defend_R","Defend_R","Defend_R","Defend_R","Bash","Dark Shackles","Secret Weapon","Headbutt","Flex+1","Cleave+1","Thunderclap","Rampage+1","Reaper","Pummel+1","Bloodletting+1","Uppercut+1","Shockwave","Headbutt","Ghostly Armor+1","Flex"],"max_hp_per_floor":[78,77,76,75,74,73,72,71,70,69,68,67,66,65,64,63,62,61,60,59,58,57,56,55,54,53,52,51,50,49,51,50],"relics":["Burning Blood","Ornamental Fan","Magic Flower","Frozen Egg 2","Astrolabe","Omamori","Red Mask","The Courier","Paper Frog","Nilry\u0027s Codex"],"card_choices":[{"not_picked":["Clothesline","True Grit"],"picked":"Headbutt"},{"not_picked":["Combust","Intimidate"],"picked":"Flex"},{"not_picked":["Heavy Blade","Shockwave"],"picked":"Cleave"},{"not_picked":["Dropkick","Immolate"],"picked":"Thunderclap"},{"not_picked":["Reckless Charge","Armaments"],"picked":"Rampage"},{"not_picked":["Juggernaut","Exhume"],"picked":"Reaper"},{"not_picked":["Anger","Headbutt"],"picked":"Shockwave"},{"not_picked":["Twin Strike","Rampage"],"picked":"Headbutt"},{"not_picked":["Second Wind","Armaments"],"picked":"Ghostly Armor"},{"not_picked":["Feel No Pain","Metallicize"],"picked":"Flex"}],"player_experience":209631,"potions_floor_usage":[6,6,21,22,23,25,33,33],"damage_taken":[{"damage":1,"enemies":"Cultist","floor":1,"turns":4},{"damage":5,"enemies":"Small Slimes","floor":2,"turns":3},{"damage":0,"enemies":"2 Louse","floor":3,"turns":2},{"damage":4,"enemies":"2 Fungi Beasts","floor":5,"turns":3},{"damage":13,"enemies":"Lagavulin","floor":6,"turns":5},{"damage":0,"enemies":"3 Louse","floor":8,"turns":1},{"damage":4,"enemies":"Exordium Thugs","floor":11,"turns":4},{"damage":3,"enemies":"Blue Slaver","floor":14,"turns":3},{"damage":47,"enemies":"The Guardian","floor":16,"turns":9},{"damage":9,"enemies":"Chosen","floor":18,"turns":3},{"damage":4,"enemies":"2 Thieves","floor":19,"turns":3},{"damage":19,"enemies":"Snecko","floor":21,"turns":6},{"damage":4,"enemies":"Masked Bandits","floor":22,"turns":3},{"damage":69,"enemies":"Slavers","floor":23,"turns":7},{"damage":15,"enemies":"Cultist and Chosen","floor":25,"turns":8},{"damage":28,"enemies":"3 Cultists","floor":28,"turns":5},{"damage":4,"enemies":"Chosen and Byrds","floor":30,"turns":6},{"damage":13,"enemies":"Snake Plant","floor":31,"turns":5},{"damage":53,"enemies":"Champ","floor":33,"turns":9}],"event_choices":[{"event_name":"The Woman in Blue","player_choice":"Bought 1 Potion","floor":4,"damage_taken":0},{"event_name":"Liars Game","player_choice":"agreed","floor":12,"damage_taken":0},{"event_name":"Masked Bandits","player_choice":"Fought over 59 gold","floor":22,"damage_taken":0},{"event_name":"Cursed Tome","player_choice":"Obtained Book","floor":29,"damage_taken":0}],"boss_relics":[{"not_picked":["Runic Cube","Orrery"],"picked":"Astrolabe"}],"potions_floor_spawned":[1,3,6,11,14,21,23,28],"seed_played":"2953517847957516684","killed_by":"Champ","ascension_level":0,"is_trial":false}