{"gold_per_floor":[111,111,111,186,204,220,145,177,177,196,196,206,206,217,217,321,321,338,275,294,45,57,57,73,73,142,158,158,177,177,212,212,311,311,329,429,440,457,457],"floor_reached":39,"playtime":2471,"items_purged":["Defend_G"],"score":405,"play_id":"dc78b3e4-148b-4e7b-ade7-e003d775fab0","local_time":"20190505145330","is_ascension_mode":false,"campfire_choices":[{"data":"Noxious Fumes","floor":11.0,"key":"SMITH"},{"floor":13.0,"key":"REST"},{"data":"Noxious Fumes","floor":15.0,"key":"SMITH"},{"floor":23,"key":"REST"},{"floor":32,"key":"REST"}],"neow_cost":"NONE","seed_source_timestamp":0,"circlet_count":0,"master_deck":["Defend_G","Defend_G","Defend_G","Strike_G","Strike_G","Survivor","Neutralize","Blade Dance","Noxious Fumes+1","Footwork","Crippling Poison","Blade Dance","Noxious Fumes+1","Adrenaline","Heel Hook","Acrobatics","Poisoned Stab","Crippling Poison","Blade Dance+1","Blur","A Thousand Cuts","Expertise","Adrenaline","Riddle With Holes+1","Catalyst+1","Bullet Time+1","Cloak And Dagger","Deflect+1"],"special_seed":0,"relics":["Ring of the Snake","NeowsBlessing","Bird Faced Urn","Bag of Preparation","Darkstone Periapt","HoveringKite","Ornamental Fan","Happy Flower","FaceOfCleric","Pantograph","Ancient Tea Set","Astrolabe","Peace Pipe"],"potions_floor_usage":[33,39],"damage_taken":[{"damage":0.0,"enemies":"Small Slimes","floor":1.0,"turns":1.0},{"damage":0.0,"enemies":"2 Louse","floor":5.0,"turns":1.0},{"damage":0.0,"enemies":"Cultist","floor":6.0,"turns":1.0},{"damage":28.0,"enemies":"Lagavulin","floor":8.0,"turns":10.0},{"damage":3.0,"enemies":"Blue Slaver","floor":10.0,"turns":4.0},{"damage":7.0,"enemies":"Lots of Slimes","floor":12.0,"turns":3.0},{"damage":4.0,"enemies":"2 Fungi Beasts","floor":14.0,"turns":3.0},{"damage":29.0,"enemies":"Hexaghost","floor":16.0,"turns":9.0},{"damage":17.0,"enemies":"Shell Parasite","floor":18.0,"turns":6.0},{"damage":23.0,"enemies":"2 Thieves","floor":20.0,"turns":5.0},{"damage":16,"enemies":"Snake Plant","floor":22,"turns":4},{"damage":4,"enemies":"Cultist and Chosen","floor":24,"turns":5},{"damage":15,"enemies":"Centurion and Healer","floor":27,"turns":6},{"damage":9,"enemies":"Chosen and Byrds","floor":29,"turns":5},{"damage":35,"enemies":"Slavers","floor":31,"turns":4},{"damage":57,"enemies":"Collector","floor":33,"turns":9},{"damage":22,"enemies":"Orb Walker","floor":35,"turns":4},{"damage":23,"enemies":"Mind Bloom Boss Battle","floor":36,"turns":6},{"damage":11,"enemies":"3 Darklings","floor":37,"turns":3},{"damage":14,"enemies":"4 Shapes","floor":38,"turns":4},{"damage":62,"enemies":"2 Orb Walkers","floor":39,"turns":4}],"seed_played":"-6067199409073535173","potions_obtained":[{"floor":8.0,"key":"GamblersBrew"},{"floor":10.0,"key":"Weak Potion"},{"floor":14.0,"key":"Weak Potion"},{"floor":16.0,"key":"FearPotion"},{"floor":33,"key":"Poison Potion"},{"floor":38,"key":"SteroidPotion"}],"is_trial":false,"path_per_floor":["M","?","?","?","M","M","$","E","T","M","R","M","R","M","R","B",null,"M","?","M","$","M","R","M","?","T","M","$","M","?","E","R","B",null,"M","?","M","M","?"],"character_chosen":"THE_SILENT","items_purchased":["Happy Flower","Poisoned Stab","Crippling Poison"],"campfire_rested":3,"item_purchase_floors":[21,21,21],"current_hp_per_floor":[70,63,56,45,45,45,45,19,19,20,20,17,38,36,36,13,70,57,57,40,40,30,51,53,53,53,45,45,41,28,2,25,2,79,58,60,56,51,0],"gold":457,"neow_bonus":"THREE_ENEMY_KILL","is_prod":false,"is_daily":false,"chose_seed":false,"campfire_upgraded":2,"win_rate":0,"timestamp":1557060810,"path_taken":["M","?","?","?","M","M","$","E","T","M","R","M","R","M","R","BOSS","M","?","M","$","M","R","?","?","T","?","$","M","?","E","R","BOSS","M","?","M","M","?"],"build_version":"2019-04-23","purchased_purges":1,"victory":false,"max_hp_per_floor":[70,70,70,70,70,70,70,70,70,70,70,70,70,70,70,70,70,70,70,70,70,70,70,70,70,70,71,71,72,77,78,78,79,79,80,81,82,83,83],"card_choices":[{"not_picked":["Slice","Deflect","Concentrate"],"picked":"SKIP","floor":1.0},{"not_picked":["Deadly Poison","Caltrops"],"picked":"Blade Dance","floor":5.0},{"not_picked":["Bane","Outmaneuver"],"picked":"Noxious Fumes","floor":6.0},{"not_picked":["Dash","Finisher"],"picked":"Footwork","floor":8.0},{"not_picked":["Deflect","Setup"],"picked":"Crippling Poison","floor":10.0},{"not_picked":["Slice","Flying Knee"],"picked":"Blade Dance","floor":12.0},{"not_picked":["Calculated Gamble","Footwork"],"picked":"Noxious Fumes","floor":14.0},{"not_picked":["Corpse Explosion","Grand Finale"],"picked":"Adrenaline","floor":16.0},{"not_picked":["Poisoned Stab","Finisher"],"picked":"Heel Hook","floor":18.0},{"not_picked":["PiercingWail+1","Endless Agony+1"],"picked":"Acrobatics","floor":20.0},{"not_picked":["Backflip","Setup"],"picked":"Blade Dance+1","floor":22},{"not_picked":["Dodge and Roll","Masterful Stab"],"picked":"Blur","floor":24},{"not_picked":["Riddle With Holes","Dagger Throw","Setup"],"picked":"SKIP","floor":27},{"not_picked":["Outmaneuver+1","All Out Attack"],"picked":"A Thousand Cuts","floor":29},{"not_picked":["Dodge and Roll","Reflex"],"picked":"Expertise","floor":31},{"not_picked":["Tools of the Trade","Doppelganger"],"picked":"Adrenaline","floor":33},{"not_picked":["Poisoned Stab+1","Dodge and Roll+1"],"picked":"Cloak And Dagger","floor":35},{"not_picked":["All Out Attack","Slice","Blur"],"picked":"SKIP","floor":37},{"not_picked":["Masterful Stab","Concentrate+1"],"picked":"Deflect+1","floor":38}],"player_experience":338427,"relics_obtained":[{"floor":8.0,"key":"Bag of Preparation"},{"floor":9.0,"key":"Darkstone Periapt"},{"floor":26,"key":"Pantograph"},{"floor":31,"key":"Ancient Tea Set"},{"floor":36,"key":"Peace Pipe"}],"event_choices":[{"damage_healed":0.0,"max_hp_gain":0.0,"max_hp_loss":0.0,"gold_gain":0.0,"event_name":"Scrap Ooze","player_choice":"Success","floor":2.0,"gold_loss":0.0,"damage_taken":7.0,"relics_obtained":["Bird Faced Urn"]},{"cards_removed":["Strike_G"],"damage_healed":0.0,"max_hp_gain":0.0,"max_hp_loss":0.0,"gold_gain":0.0,"event_name":"Golden Wing","player_choice":"Card Removal","floor":3.0,"gold_loss":0.0,"damage_taken":7.0},{"damage_healed":0.0,"max_hp_gain":0.0,"max_hp_loss":0.0,"gold_gain":75.0,"event_name":"World of Goop","player_choice":"Gather Gold","floor":4.0,"gold_loss":0.0,"damage_taken":11.0},{"damage_healed":0.0,"max_hp_gain":0.0,"max_hp_loss":0.0,"gold_gain":0.0,"event_name":"WeMeetAgain","player_choice":"Paid Gold","floor":19.0,"gold_loss":63.0,"damage_taken":0.0,"relics_obtained":["Ornamental Fan"]},{"damage_healed":0,"gold_gain":0,"player_choice":"Trade","damage_taken":0,"relics_obtained":["FaceOfCleric"],"max_hp_gain":0,"max_hp_loss":0,"event_name":"FaceTrader","floor":25,"gold_loss":0},{"damage_healed":0,"gold_gain":0,"player_choice":"Shed Blood","damage_taken":18,"max_hp_gain":5,"max_hp_loss":0,"event_name":"Forgotten Altar","floor":30,"gold_loss":0},{"damage_healed":0,"gold_gain":0,"player_choice":"Fight","damage_taken":0,"max_hp_gain":0,"max_hp_loss":0,"event_name":"MindBloom","floor":36,"gold_loss":0},{"damage_healed":0,"gold_gain":0,"player_choice":"Fight","damage_taken":0,"max_hp_gain":0,"max_hp_loss":0,"event_name":"Mysterious Sphere","floor":39,"gold_loss":0}],"is_beta":true,"boss_relics":[{"not_picked":["Eternal Feather","Coffee Dripper"],"picked":"HoveringKite"},{"not_picked":["Philosopher\u0027s Stone","White Beast Statue"],"picked":"Astrolabe"}],"items_purged_floors":[7],"is_endless":false,"potions_floor_spawned":[8,10,14,16,18,22,24,33,35,38],"killed_by":"2 Orb Walkers","ascension_level":0}