{"path_per_floor":["M","M","?","M","T","R","T","M","T","E","M","R","?","T","R","B",null,"M","$","?","M","$","E","R","M","T","M","T","M","R","M","R","B",null,"M","?","?","M","$","R","?","?","T","$","R","M","R","$","R"],"character_chosen":"THE_SILENT","items_purchased":["Kunai","Dagger Spray","Panache"],"gold_per_floor":[114,132,132,152,152,152,182,197,197,226,242,242,242,242,242,341,341,354,62,62,77,2,28,28,46,71,91,91,102,102,113,113,208,208,227,227,227,239,139,139,189,189,189,3,3,18,18,18,18,18],"floor_reached":50,"campfire_rested":3,"playtime":6171,"current_hp_per_floor":[70,70,70,70,70,70,70,70,84,61,60,60,43,43,68,31,84,84,84,84,84,84,47,47,41,41,41,51,45,73,73,73,43,94,70,70,70,69,69,69,68,68,68,68,68,42,70,70,70,0],"items_purged":["Strike_G","Strike_G"],"gold":18,"score":508,"play_id":"30b0e547-8b53-479b-ac63-c1f10dc98d16","local_time":"20180428104204","is_prod":false,"is_daily":false,"chose_seed":false,"is_ascension_mode":false,"campfire_upgraded":7,"timestamp":1524904924,"path_taken":["M","M","?","?","?","R","?","?","T","E","M","R","?","?","R","BOSS","M","$","?","M","?","E","R","M","T","M","?","M","R","M","R","BOSS","M","?","?","?","$","R","?","?","T","?","R","M","R","$","R","BOSS"],"build_version":"2018-04-27v3","seed_source_timestamp":0,"purchased_purges":2,"victory":false,"master_deck":["Defend_G","Defend_G","Defend_G","Defend_G","Strike_G","Strike_G+1","Strike_G","Survivor+1","Neutralize+1","Noxious Fumes+1","Backstab+1","Bane","Backstab+1","Footwork+1","Adrenaline+1","Poisoned Stab","Dagger Spray","Leg Sweep+1","Deadly Poison+1","A Thousand Cuts+1","Blur","Poisoned Stab+1","Dagger Spray+1","Panache+1","Dodge and Roll+1"],"max_hp_per_floor":[70,70,70,70,70,70,70,70,84,84,84,84,84,84,84,84,84,84,84,84,84,84,84,84,84,84,84,94,94,94,94,94,94,94,94,94,94,94,94,94,94,94,94,94,94,94,94,94,94,94],"relics":["Ring of the Snake","Gremlin Horn","Tiny Chest","Mango","Prayer Wheel","Ice Cream","Runic Pyramid","Kunai","Pantograph","Bottled Lightning","Bronze Scales","Pear","Sozu","The Specimen","Omamori"],"card_choices":[{"not_picked":["Quick Slash","Deflect"],"picked":"Noxious Fumes","floor":2.0},{"not_picked":["Catalyst","Reflex"],"picked":"Backstab","floor":4.0},{"not_picked":["Underhanded Strike","PiercingWail"],"picked":"Bane","floor":8.0},{"not_picked":["Cloak And Dagger","Grand Finale"],"picked":"Backstab","floor":10.0},{"not_picked":["Reflex","Dagger Throw"],"picked":"Footwork","floor":14.0},{"not_picked":["Burst","Envenom"],"picked":"Adrenaline","floor":16.0},{"not_picked":["Quick Slash","Flechettes"],"picked":"Poisoned Stab","floor":18.0},{"not_picked":["Cloak And Dagger","Infinite Blades"],"picked":"Leg Sweep","floor":25.0},{"not_picked":["Setup","Slice"],"picked":"Deadly Poison","floor":31.0},{"not_picked":["Bullet Time","After Image"],"picked":"A Thousand Cuts","floor":33.0},{"not_picked":["Masterful Stab","Prepared"],"picked":"Blur","floor":35.0},{"not_picked":["Deflect","Prepared"],"picked":"Poisoned Stab","floor":41.0},{"not_picked":["Acrobatics","Bane"],"picked":"Dagger Spray","floor":43.0},{"not_picked":["Malaise","Dagger Spray"],"picked":"Dodge and Roll","floor":46.0}],"player_experience":239487,"potions_floor_usage":[50,50],"damage_taken":[{"damage":0.0,"enemies":"Small Slimes","floor":1.0,"turns":3.0},{"damage":0.0,"enemies":"Cultist","floor":2.0,"turns":4.0},{"damage":0.0,"enemies":"2 Louse","floor":4.0,"turns":3.0},{"damage":0.0,"enemies":"Lots of Slimes","floor":8.0,"turns":3.0},{"damage":23.0,"enemies":"Lagavulin","floor":10.0,"turns":7.0},{"damage":1.0,"enemies":"Exordium Thugs","floor":11.0,"turns":4.0},{"damage":52.0,"enemies":"The Guardian","floor":16.0,"turns":11.0},{"damage":0.0,"enemies":"Chosen","floor":18.0,"turns":7.0},{"damage":0.0,"enemies":"3 Byrds","floor":21.0,"turns":6.0},{"damage":37.0,"enemies":"Slavers","floor":23.0,"turns":5.0},{"damage":6.0,"enemies":"3 Cultists","floor":25.0,"turns":6.0},{"damage":0.0,"enemies":"Snake Plant","floor":27.0,"turns":4.0},{"damage":6.0,"enemies":"Sentry and Sphere","floor":29.0,"turns":6.0},{"damage":0.0,"enemies":"3 Cultists","floor":31.0,"turns":4.0},{"damage":51.0,"enemies":"Champ","floor":33.0,"turns":12.0},{"damage":24.0,"enemies":"3 Darklings","floor":35.0,"turns":5.0},{"damage":1.0,"enemies":"3 Shapes","floor":38.0,"turns":4.0},{"damage":1.0,"enemies":"Mysterious Sphere","floor":41.0,"turns":4.0},{"damage":26.0,"enemies":"Spire Growth","floor":46.0,"turns":5.0},{"damage":108,"enemies":"Donu and Deca","floor":50,"turns":7}],"event_choices":[{"event_name":"Accursed Blacksmith","player_choice":"Forge","floor":3.0,"damage_taken":0.0},{"event_name":"Shining Light","player_choice":"Entered Light","floor":13.0,"damage_taken":0.0},{"event_name":"The Mausoleum","player_choice":"Yes","floor":20.0,"damage_taken":0.0},{"event_name":"Tomb of Lord Red Mask","player_choice":"Ignored","floor":37.0,"damage_taken":0.0},{"event_name":"Mysterious Sphere","player_choice":"Fight","floor":41.0,"damage_taken":0.0},{"event_name":"SensoryStone","player_choice":"Memory 1","floor":42.0,"damage_taken":0.0}],"boss_relics":[],"potions_floor_spawned":[1,10,25,27,29,31,38,41,46],"seed_played":"1395560322267685294","killed_by":"Donu and Deca","ascension_level":0,"is_trial":false}