{"gold_per_floor":[109,120,45,45,45,70,70,87,144,169,169,16,28,48,48,122,122,101,26,41,60,71,71,71,71,71,13,27,27,62,76,76,148,148,164,180,180,196,216,216,247,247,247,347,367,188,188,200,200,200],"floor_reached":51,"playtime":4579,"items_purged":["Strike_B","Decay"],"score":1539,"play_id":"076223be-a723-464b-98b5-3e3efed3061a","local_time":"20190426132714","is_ascension_mode":true,"campfire_choices":[{"data":"Static Discharge","floor":7.0,"key":"SMITH"},{"data":"Capacitor","floor":11.0,"key":"SMITH"},{"data":"Loop","floor":15.0,"key":"SMITH"},{"data":"Loop","floor":23.0,"key":"SMITH"},{"data":"Creative AI","floor":25.0,"key":"SMITH"},{"data":"Buffer","floor":29.0,"key":"SMITH"},{"data":"Consume","floor":32.0,"key":"SMITH"},{"data":"Rainbow","floor":40.0,"key":"SMITH"},{"data":"White Noise","floor":49,"key":"SMITH"}],"neow_cost":"NONE","seed_source_timestamp":0,"circlet_count":0,"master_deck":["AscendersBane","Strike_B","Defend_B+1","Defend_B","Defend_B","Defend_B","Zap","Dualcast","Defragment+1","Static Discharge+1","Capacitor+1","Conserve Battery","Consume+1","Cold Snap","Loop+1","Buffer+1","Loop+1","Creative AI+1","Coolheaded","Heatsinks","Rainbow+1","Barrage","White Noise+1","Blizzard+1","Biased Cognition"],"special_seed":0,"relics":["FrozenCore","NeowsBlessing","Bird Faced Urn","Anchor","Tiny Chest","Boot","PreservedInsect","Potion Belt","Omamori","Calling Bell","Centennial Puzzle","Kunai","Unceasing Top","Peace Pipe","FossilizedHelix","Ice Cream"],"potions_floor_usage":[47,50,50,50],"damage_taken":[{"damage":0.0,"enemies":"Jaw Worm","floor":1.0,"turns":1.0},{"damage":0.0,"enemies":"Cultist","floor":2.0,"turns":1.0},{"damage":0.0,"enemies":"Gremlin Nob","floor":6.0,"turns":1.0},{"damage":0.0,"enemies":"Small Slimes","floor":8.0,"turns":4.0},{"damage":17.0,"enemies":"3 Sentries","floor":10.0,"turns":5.0},{"damage":3.0,"enemies":"2 Fungi Beasts","floor":13.0,"turns":4.0},{"damage":2.0,"enemies":"3 Louse","floor":14.0,"turns":2.0},{"damage":27.0,"enemies":"The Guardian","floor":16.0,"turns":11.0},{"damage":9.0,"enemies":"2 Thieves","floor":18.0,"turns":5.0},{"damage":0.0,"enemies":"Shell Parasite","floor":20.0,"turns":18.0},{"damage":43.0,"enemies":"3 Cultists","floor":21.0,"turns":6.0},{"damage":12.0,"enemies":"Cultist and Chosen","floor":22.0,"turns":11.0},{"damage":15.0,"enemies":"Sentry and Sphere","floor":28.0,"turns":24.0},{"damage":86.0,"enemies":"Gremlin Leader","floor":30.0,"turns":10.0},{"damage":0.0,"enemies":"Snecko","floor":31.0,"turns":21.0},{"damage":15.0,"enemies":"Collector","floor":33.0,"turns":20.0},{"damage":40.0,"enemies":"3 Shapes","floor":35.0,"turns":4.0},{"damage":8.0,"enemies":"Orb Walker","floor":36.0,"turns":6.0},{"damage":36.0,"enemies":"4 Shapes","floor":38.0,"turns":25.0},{"damage":28.0,"enemies":"Jaw Worm Horde","floor":39.0,"turns":13.0},{"damage":0.0,"enemies":"Giant Head","floor":41.0,"turns":17.0},{"damage":0.0,"enemies":"Mind Bloom Boss Battle","floor":44.0,"turns":20.0},{"damage":25.0,"enemies":"Maw","floor":45.0,"turns":13.0},{"damage":0,"enemies":"Reptomancer","floor":47,"turns":2},{"damage":18,"enemies":"Sphere and 2 Shapes","floor":48,"turns":12},{"damage":0,"enemies":"Time Eater","floor":50,"turns":39}],"seed_played":"-2492488687062779613","potions_obtained":[{"floor":8.0,"key":"Fire Potion"},{"floor":10.0,"key":"FearPotion"},{"floor":13.0,"key":"LiquidBronze"},{"floor":14.0,"key":"SmokeBomb"},{"floor":16.0,"key":"Fire Potion"},{"floor":21.0,"key":"Explosive Potion"},{"floor":22.0,"key":"Dexterity Potion"},{"floor":35.0,"key":"Strength Potion"},{"floor":44.0,"key":"SkillPotion"}],"is_trial":false,"path_per_floor":["M","M","$","?","T","E","R","M","T","E","R","$","M","M","R","B",null,"M","?","M","M","M","R","$","R","T","?","M","R","E","M","R","B",null,"M","M","?","M","M","R","E","?","T","?","M","$","E","M","R","B",null],"character_chosen":"DEFECT","items_purchased":["Capacitor","Loop","LiquidBronze"],"campfire_rested":0,"item_purchase_floors":[3,12,46],"current_hp_per_floor":[64,64,64,43,43,43,43,47,47,34,34,34,37,37,37,18,58,57,57,71,33,37,37,37,37,37,37,71,71,17,71,71,71,71,37,43,43,71,71,71,71,71,71,71,46,46,50,71,71,71],"gold":200,"neow_bonus":"THREE_ENEMY_KILL","is_prod":false,"is_daily":false,"chose_seed":false,"campfire_upgraded":9,"win_rate":0,"timestamp":1556252834,"path_taken":["M","M","$","?","?","E","R","M","T","E","R","$","M","M","R","BOSS","M","?","?","?","M","R","?","R","T","?","M","R","E","M","R","BOSS","M","?","?","M","M","R","E","?","T","?","?","$","E","M","R","BOSS"],"build_version":"2019-01-23","purchased_purges":2,"victory":true,"max_hp_per_floor":[71,71,71,71,71,71,71,71,71,71,71,71,71,71,71,71,71,71,71,71,71,71,71,71,71,71,71,71,71,71,71,71,71,71,71,71,71,71,71,71,71,71,71,71,71,71,71,71,71,71],"card_choices":[{"not_picked":["Stack","Go for the Eyes"],"picked":"Defragment","floor":1.0},{"not_picked":["Go for the Eyes","Skim"],"picked":"Static Discharge","floor":2.0},{"not_picked":["Sweeping Beam","Compile Driver"],"picked":"Conserve Battery","floor":6.0},{"not_picked":["Hologram","Cold Snap"],"picked":"Consume","floor":8.0},{"not_picked":["Storm","Streamline"],"picked":"Cold Snap","floor":10.0},{"not_picked":["Undo","Auto Shields","Leap"],"picked":"SKIP","floor":13.0},{"not_picked":["Streamline","Go for the Eyes","Beam Cell"],"picked":"SKIP","floor":14.0},{"not_picked":["Meteor Strike","Multi-Cast"],"picked":"Buffer","floor":16.0},{"not_picked":["Aggregate+1","Gash","Streamline"],"picked":"SKIP","floor":18.0},{"not_picked":["Steam+1","Sweeping Beam","Heatsinks"],"picked":"SKIP","floor":20.0},{"not_picked":["Steam+1","Sweeping Beam","Heatsinks"],"picked":"SKIP","floor":20.0},{"not_picked":["Conserve Battery","Turbo"],"picked":"Coolheaded","floor":21.0},{"not_picked":["Scrape+1","Gash","Storm"],"picked":"SKIP","floor":22.0},{"not_picked":["Hello World","Beam Cell","Rebound"],"picked":"SKIP","floor":28.0},{"not_picked":["Hello World","Beam Cell","Rebound"],"picked":"SKIP","floor":28.0},{"not_picked":["Tempest","Hyperbeam"],"picked":"Heatsinks","floor":30.0},{"not_picked":["Redo","Turbo","Beam Cell"],"picked":"SKIP","floor":31.0},{"not_picked":["Fission","Reboot"],"picked":"Rainbow","floor":33.0},{"not_picked":["Stack","Sweeping Beam","Rebound"],"picked":"SKIP","floor":35.0},{"not_picked":["Gash","Double Energy"],"picked":"Barrage","floor":36.0},{"not_picked":["Coolheaded","Compile Driver","Conserve Battery"],"picked":"SKIP","floor":38.0},{"not_picked":["Gash","Sweeping Beam+1","Static Discharge+1"],"picked":"SKIP","floor":39.0},{"not_picked":["Hello World+1","Undo+1"],"picked":"White Noise","floor":41.0},{"not_picked":["Go for the Eyes","Conserve Battery"],"picked":"Blizzard+1","floor":44.0},{"not_picked":["Redo","Recycle"],"picked":"Biased Cognition","floor":45},{"not_picked":["FTL","Hologram+1","Reinforced Body"],"picked":"SKIP","floor":48}],"player_experience":289749,"relics_obtained":[{"floor":5.0,"key":"Bird Faced Urn"},{"floor":6.0,"key":"Anchor"},{"floor":9.0,"key":"Tiny Chest"},{"floor":10.0,"key":"Boot"},{"floor":26.0,"key":"PreservedInsect"},{"floor":30.0,"key":"Omamori"},{"floor":34.0,"key":"Centennial Puzzle"},{"floor":34.0,"key":"Kunai"},{"floor":34.0,"key":"Unceasing Top"},{"floor":41.0,"key":"Peace Pipe"},{"floor":43.0,"key":"FossilizedHelix"},{"floor":44.0,"key":"Ice Cream"}],"event_choices":[{"damage_healed":0.0,"max_hp_gain":0.0,"max_hp_loss":0.0,"gold_gain":0.0,"event_name":"Shining Light","player_choice":"Entered Light","floor":4.0,"gold_loss":0.0,"damage_taken":21.0,"cards_upgraded":["Defragment","Defend_B"]},{"damage_healed":0.0,"max_hp_gain":0.0,"max_hp_loss":0.0,"gold_gain":0.0,"cards_transformed":["Strike_B","Strike_B"],"event_name":"Designer","player_choice":"Transformed Cards","floor":19.0,"gold_loss":75.0,"damage_taken":0.0,"cards_obtained":["Loop","Creative AI"]},{"damage_healed":0.0,"max_hp_gain":0.0,"max_hp_loss":0.0,"gold_gain":0.0,"event_name":"WeMeetAgain","player_choice":"Paid Gold","floor":27.0,"gold_loss":58.0,"damage_taken":0.0,"relics_obtained":["Potion Belt"]},{"damage_healed":0.0,"max_hp_gain":0.0,"max_hp_loss":0.0,"gold_gain":0.0,"event_name":"Tomb of Lord Red Mask","player_choice":"Ignored","floor":37.0,"gold_loss":0.0,"damage_taken":0.0},{"damage_healed":0.0,"max_hp_gain":0.0,"max_hp_loss":0.0,"gold_gain":0.0,"event_name":"Mysterious Sphere","player_choice":"Ignored","floor":42.0,"gold_loss":0.0,"damage_taken":0.0},{"damage_healed":0.0,"max_hp_gain":0.0,"max_hp_loss":0.0,"gold_gain":0.0,"event_name":"MindBloom","player_choice":"Fight","floor":44.0,"gold_loss":0.0,"damage_taken":0.0}],"is_beta":false,"boss_relics":[{"not_picked":["Nuclear Battery","Eternal Feather"],"picked":"FrozenCore"},{"not_picked":["Black Star","Busted Crown"],"picked":"Calling Bell"}],"items_purged_floors":[12,46],"is_endless":false,"potions_floor_spawned":[8,10,13,14,16,21,22,35,44,45,47],"ascension_level":19}