{"path_per_floor":["M","?","$","M","M","R","M","R","T","M","M","E","M","?","R","B",null,"M","M","M","?","$","R","E","M","T","M","M","R","M","$","R","B",null,"M","M","?","M","$","R","T","M","T","E","M","R","M","M","R","B"],"character_chosen":"IRONCLAD","items_purchased":["Flame Barrier","Limit Break","Offering"],"gold_per_floor":[114,64,30,45,60,60,75,75,100,115,130,160,175,175,175,275,275,290,305,320,235,160,160,190,205,280,295,310,310,325,69,69,169,169,184,199,199,214,76,76,151,166,216,246,261,261,276,291,291,291],"floor_reached":51,"campfire_rested":0,"playtime":2630,"current_hp_per_floor":[80,80,80,80,80,80,80,80,80,80,80,74,76,86,86,54,90,80,86,77,77,77,77,61,67,67,70,70,70,90,90,90,71,90,90,90,90,85,85,90,90,90,90,84,80,90,90,90,90,90],"items_purged":["Searing Blow","Iron Wave"],"gold":291,"score":782,"play_id":"bdfa2934-3fcf-4829-857e-2f23e1d5fc41","local_time":"20180411220120","daily_mods":["Draft","Time Dilation","Uncertain Future"],"is_prod":false,"is_daily":true,"chose_seed":false,"is_ascension_mode":false,"campfire_upgraded":9,"timestamp":1523476880,"path_taken":["M","?","$","M","M","R","?","R","T","M","M","E","M","?","R","BOSS","M","M","M","?","$","R","E","M","T","?","M","R","M","?","R","BOSS","M","M","?","M","$","R","?","M","T","E","?","R","M","M","R","BOSS"],"build_version":"2018-04-10","seed_source_timestamp":0,"purchased_purges":2,"victory":true,"master_deck":["Heavy Blade+1","Battle Trance","Spot Weakness","Whirlwind+1","Flex+1","Heavy Blade+1","Clothesline+1","Spot Weakness+1","Shrug It Off","Shrug It Off","Clash","Armaments+1","Flame Barrier","Shrug It Off","Sword Boomerang+1","Flex+1","Offering","Inflame","Reaper","Infernal Blade+1","Limit Break+1","Offering","Shockwave+1","Master of Strategy","Offering","Flex+1","Inflame+1"],"max_hp_per_floor":[80,80,80,80,80,80,80,80,80,80,80,80,80,90,90,90,90,90,90,90,90,90,90,90,90,90,90,90,90,90,90,90,90,90,90,90,90,90,90,90,90,90,90,90,90,90,90,90,90,90],"relics":["Black Blood","Bag of Preparation","Omamori","Pear","Bag of Marbles","Whetstone","Question Card","Eternal Feather","The Courier","Art of War","Ancient Tea Set"],"card_choices":[{"not_picked":["True Grit","Burning Pact"],"picked":"Hemokinesis","floor":0},{"not_picked":["Reckless Charge","Perfected Strike"],"picked":"Heavy Blade","floor":0},{"not_picked":["Ghostly Armor","Blood for Blood"],"picked":"Battle Trance","floor":0},{"not_picked":["Body Slam","Cleave"],"picked":"Spot Weakness","floor":0},{"not_picked":["Fire Breathing","Perfected Strike"],"picked":"Searing Blow","floor":0},{"not_picked":["Wild Strike","Burning Pact"],"picked":"Whirlwind","floor":0},{"not_picked":["Sentinel","Warcry"],"picked":"Flex","floor":0},{"not_picked":["Disarm","Perfected Strike"],"picked":"Heavy Blade","floor":0},{"not_picked":["Sword Boomerang","Searing Blow"],"picked":"Clothesline","floor":0},{"not_picked":["Heavy Blade","Clothesline"],"picked":"Spot Weakness","floor":0},{"not_picked":["Anger","Combust"],"picked":"Iron Wave","floor":0},{"not_picked":["Uppercut","Rage"],"picked":"Shrug It Off","floor":0},{"not_picked":["Dual Wield","Heavy Blade"],"picked":"Shrug It Off","floor":0},{"not_picked":["Corruption","Second Wind"],"picked":"Clash","floor":0},{"not_picked":["Flex","Headbutt"],"picked":"Armaments","floor":0},{"not_picked":["Rupture","Heavy Blade"],"picked":"Shrug It Off","floor":4},{"not_picked":["Havoc","Iron Wave"],"picked":"Sword Boomerang","floor":5},{"not_picked":["Perfected Strike","Pommel Strike"],"picked":"Flex","floor":7},{"not_picked":["Corruption","Shrug It Off"],"picked":"Offering","floor":10},{"not_picked":["Spot Weakness","Dual Wield"],"picked":"Inflame","floor":11},{"not_picked":["Barricade","Bludgeon"],"picked":"Reaper","floor":16},{"not_picked":["Dual Wield","Armaments"],"picked":"Infernal Blade","floor":18},{"not_picked":["Reaper","Barricade","Fiend Fire"],"picked":"Offering","floor":33},{"not_picked":["Armaments","Warcry","Pummel"],"picked":"Shockwave","floor":35},{"not_picked":["Mind Blast","Purity","Jack Of All Trades"],"picked":"Master of Strategy","floor":37},{"not_picked":["Heavy Blade","Iron Wave","Infernal Blade"],"picked":"Flex","floor":44},{"not_picked":["Shrug It Off","Entrench","Searing Blow"],"picked":"Inflame","floor":45}],"player_experience":227143,"potions_floor_usage":[16,18,28,33],"damage_taken":[{"damage":2,"enemies":"Small Slimes","floor":1,"turns":2},{"damage":0,"enemies":"2 Louse","floor":4,"turns":1},{"damage":0,"enemies":"Cultist","floor":5,"turns":2},{"damage":1,"enemies":"2 Fungi Beasts","floor":7,"turns":2},{"damage":0,"enemies":"3 Louse","floor":10,"turns":1},{"damage":4,"enemies":"Looter","floor":11,"turns":2},{"damage":12,"enemies":"Lagavulin","floor":12,"turns":3},{"damage":4,"enemies":"Exordium Wildlife","floor":13,"turns":1},{"damage":38,"enemies":"The Guardian","floor":16,"turns":5},{"damage":20,"enemies":"2 Thieves","floor":18,"turns":2},{"damage":4,"enemies":"Spheric Guardian","floor":19,"turns":2},{"damage":19,"enemies":"Snake Plant","floor":20,"turns":2},{"damage":26,"enemies":"Book of Stabbing","floor":24,"turns":4},{"damage":4,"enemies":"Cultist and Chosen","floor":25,"turns":2},{"damage":7,"enemies":"Centurion and Healer","floor":27,"turns":2},{"damage":10,"enemies":"Snake Plant","floor":28,"turns":2},{"damage":4,"enemies":"3 Cultists","floor":30,"turns":3},{"damage":29,"enemies":"Collector","floor":33,"turns":6},{"damage":4,"enemies":"Orb Walker","floor":35,"turns":1},{"damage":13,"enemies":"3 Shapes","floor":36,"turns":2},{"damage":15,"enemies":"Spire Growth","floor":38,"turns":3},{"damage":8,"enemies":"Flame Bruiser 2 Orb","floor":42,"turns":1},{"damage":16,"enemies":"Nemesis","floor":44,"turns":3},{"damage":14,"enemies":"Sphere and 2 Shapes","floor":45,"turns":1},{"damage":9,"enemies":"4 Shapes","floor":47,"turns":1},{"damage":4,"enemies":"Flame Bruiser 2 Orb","floor":48,"turns":1},{"damage":8,"enemies":"Time Eater","floor":50,"turns":1}],"event_choices":[{"event_name":"The Cleric","player_choice":"Card Removal","floor":2,"damage_taken":0},{"event_name":"Big Fish","player_choice":"Box","floor":14,"damage_taken":0},{"event_name":"Addict","player_choice":"Obtained Relic","floor":21,"damage_taken":0},{"event_name":"SensoryStone","player_choice":"Memory 1","floor":37,"damage_taken":0}],"boss_relics":[{"not_picked":["Orrery","Black Star"],"picked":"Black Blood"},{"not_picked":["Runic Pyramid","Astrolabe"],"picked":"Eternal Feather"}],"potions_floor_spawned":[1,7,10,12,16,18,20,27,28,35,42,47,48],"seed_played":"-391097367170320496","ascension_level":0,"is_trial":false}