{"path_per_floor":["M","M","$","?","M","R","?","$","T","E","M","R","$","M","R","B",null,"M","$","?","M","?"],"character_chosen":"IRONCLAD","items_purchased":["Inflame","Seeing Red"],"gold_per_floor":[114,128,128,203,220,220,220,68,94,124,141,141,41,57,57,156,156,173,97,97,110,110],"floor_reached":23,"campfire_rested":2,"playtime":1386,"current_hp_per_floor":[77,64,64,53,53,53,53,53,53,27,33,57,57,53,77,61,80,61,61,61,55,55],"items_purged":["Defend_R","Defend_R"],"gold":110,"play_id":"5d2b4df8-b7fd-445b-be1f-89decafaba53","is_prod":false,"is_daily":false,"is_ascension_mode":false,"campfire_upgraded":1,"path_taken":["M","M","$","?","M","R","?","$","T","E","M","R","?","?","R","BOSS","M","$","?","M","?","E"],"build_version":"2018-01-25-PROD3","purchased_purges":3,"victory":false,"master_deck":["Strike_R","Strike_R+1","Strike_R","Strike_R+1","Strike_R","Defend_R","Defend_R","Bash","Perfected Strike","Rampage+1","Clash+1","Inflame","Rage","Rampage","Rampage","Offering","Iron Wave","Seeing Red","Bloodletting","Writhe"],"max_hp_per_floor":[80,80,80,80,80,80,80,80,80,80,80,80,80,80,80,80,80,80,80,80,80,80],"relics":["Burning Blood","Whetstone","Mercury Hourglass","Velvet Choker","Oddly Smooth Stone"],"card_choices":[{"not_picked":["Iron Wave","Cleave"],"picked":"Perfected Strike"},{"not_picked":["Clothesline","Uppercut"],"picked":"Rampage"},{"not_picked":["Second Wind","Warcry"],"picked":"Clash"},{"not_picked":["Battle Trance","Flex"],"picked":"Rage"},{"not_picked":["Perfected Strike","True Grit"],"picked":"Rampage"},{"not_picked":["Flex","Thunderclap"],"picked":"Rampage"},{"not_picked":["Barricade","Berserk"],"picked":"Offering"},{"not_picked":["Body Slam","Sword Boomerang"],"picked":"Iron Wave"},{"not_picked":["Warcry","Blood for Blood"],"picked":"Bloodletting"}],"player_experience":0,"potions_floor_usage":[11,16,16],"damage_taken":[{"damage":9,"enemies":"2 Louse","floor":1,"turns":3},{"damage":19,"enemies":"Blue Slaver","floor":2,"turns":3},{"damage":6,"enemies":"Small Slimes","floor":5,"turns":4},{"damage":32,"enemies":"3 Sentries","floor":10,"turns":5},{"damage":0,"enemies":"Red Slaver","floor":11,"turns":2},{"damage":10,"enemies":"Looter","floor":14,"turns":2},{"damage":22,"enemies":"The Guardian","floor":16,"turns":6},{"damage":25,"enemies":"2 Thieves","floor":18,"turns":3},{"damage":12,"enemies":"Shell Parasite","floor":21,"turns":4},{"damage":57,"enemies":"Book of Stabbing","floor":23,"turns":5}],"event_choices":[{"event_name":"World of Goop","player_choice":"Gather Gold","floor":4,"damage_taken":0},{"event_name":"Upgrade Shrine","player_choice":"Upgraded","floor":7,"damage_taken":0},{"event_name":"Vampires","player_choice":"Ignored","floor":20,"damage_taken":0},{"event_name":"The Mausoleum","player_choice":"Yes","floor":22,"damage_taken":0}],"boss_relics":[{"not_picked":["Philosopher\u0027s Stone","Black Star"],"picked":"Velvet Choker"}],"potions_floor_spawned":[2,5,10,11,16],"seed_played":"3703334643403791723","killed_by":"Book of Stabbing","ascension_level":0,"is_trial":false}