{"path_per_floor":["M","M","?","?","$","R","M","E","T","E","R","M","?","M","R","B",null,"M","?","?","M","?","R","E","R","T","M","M","M","M","?","R","B",null,"M","M","M","M","?","R","?","M","T","M","E","R","?","$","R"],"character_chosen":"IRONCLAD","items_purchased":["Rampage","Vajra","Bottled Tornado","Blue Candle","Master of Strategy","Jack Of All Trades"],"gold_per_floor":[114,129,129,129,59,59,74,104,154,184,184,199,199,214,214,314,314,329,329,579,594,594,594,624,624,624,639,654,669,684,684,684,784,784,799,814,829,844,844,844,844,859,859,874,904,904,1154,134,134,134],"floor_reached":50,"campfire_rested":5,"playtime":2197,"current_hp_per_floor":[80,80,64,64,64,64,64,49,49,52,52,58,58,61,61,33,80,66,66,66,68,68,68,42,66,66,72,61,48,40,40,64,48,80,73,67,45,37,37,61,61,55,55,61,34,58,58,58,80,0],"items_purged":["Strike_R"],"gold":134,"score":529,"play_id":"95d4dd5e-b489-4ea1-b14e-cb85e1265261","local_time":"20180412203051","daily_mods":["Allstar","Lethality","Binary"],"is_prod":false,"is_daily":true,"chose_seed":false,"is_ascension_mode":false,"campfire_upgraded":4,"timestamp":1523557851,"path_taken":["M","M","?","?","$","R","M","E","T","E","R","M","?","M","R","BOSS","M","?","?","M","?","R","E","R","T","M","M","M","?","?","R","BOSS","M","M","M","M","?","R","?","M","T","?","E","R","?","$","R","BOSS"],"build_version":"2018-04-11","seed_source_timestamp":0,"purchased_purges":1,"victory":false,"master_deck":["Strike_R","Strike_R","Strike_R+1","Defend_R","Defend_R","Defend_R+1","Bash","Jack Of All Trades","Madness","Secret Weapon","Secret Technique","Apotheosis+1","Infernal Blade+1","Rampage+1","Cleave","Flex","Whirlwind+1","Demon Form+1","Clothesline","Regret","Warcry+1","Headbutt","Shrug It Off+1","Pummel+1","Mind Blast","Flex+1","Regret","Master of Strategy","Jack Of All Trades"],"max_hp_per_floor":[80,80,80,80,80,80,80,80,80,80,80,80,80,80,80,80,80,80,80,80,80,80,80,80,80,80,80,80,80,80,80,80,80,80,80,80,80,80,80,80,80,80,80,80,80,80,80,80,80,80],"relics":["Burning Blood","Ginger","Du-Vu Doll","Mark of Pain","Nloth\u0027s Gift","Bottled Flame","Mummified Hand","Sozu","Paper Frog","Mercury Hourglass","Vajra","Bottled Tornado","Blue Candle"],"card_choices":[{"not_picked":["Clash"],"picked":"Infernal Blade","floor":2},{"not_picked":["Inflame"],"picked":"Cleave","floor":7},{"not_picked":["Iron Wave"],"picked":"Flex","floor":10},{"not_picked":["Metallicize"],"picked":"Whirlwind","floor":12},{"not_picked":["Bludgeon"],"picked":"Demon Form","floor":16},{"not_picked":["Rampage"],"picked":"Clothesline","floor":18},{"not_picked":["Rampage"],"picked":"Warcry","floor":27},{"not_picked":["Perfected Strike"],"picked":"Headbutt","floor":28},{"not_picked":["Twin Strike"],"picked":"Shrug It Off","floor":36},{"not_picked":["Berserk"],"picked":"Pummel","floor":37},{"not_picked":["Transmutation"],"picked":"Mind Blast","floor":41},{"not_picked":["Juggernaut"],"picked":"Flex","floor":45}],"player_experience":229773,"potions_floor_usage":[8,18,24,24,24,28,33,33],"damage_taken":[{"damage":0,"enemies":"Cultist","floor":1,"turns":3},{"damage":0,"enemies":"Small Slimes","floor":2,"turns":2},{"damage":6,"enemies":"Jaw Worm","floor":7,"turns":2},{"damage":21,"enemies":"Lagavulin","floor":8,"turns":3},{"damage":5,"enemies":"Gremlin Nob","floor":10,"turns":3},{"damage":2,"enemies":"Blue Slaver","floor":12,"turns":2},{"damage":5,"enemies":"3 Louse","floor":14,"turns":2},{"damage":36,"enemies":"The Guardian","floor":16,"turns":6},{"damage":26,"enemies":"Shell Parasite","floor":18,"turns":4},{"damage":6,"enemies":"Spheric Guardian","floor":21,"turns":3},{"damage":32,"enemies":"Book of Stabbing","floor":24,"turns":3},{"damage":0,"enemies":"3 Cultists","floor":27,"turns":2},{"damage":17,"enemies":"Snecko","floor":28,"turns":3},{"damage":19,"enemies":"Centurion and Healer","floor":29,"turns":2},{"damage":14,"enemies":"Cultist and Chosen","floor":30,"turns":3},{"damage":30,"enemies":"Collector","floor":33,"turns":5},{"damage":13,"enemies":"Orb Walker","floor":35,"turns":2},{"damage":12,"enemies":"3 Shapes","floor":36,"turns":1},{"damage":28,"enemies":"Maw","floor":37,"turns":4},{"damage":30,"enemies":"Flame Bruiser 2 Orb","floor":38,"turns":3},{"damage":12,"enemies":"4 Shapes","floor":42,"turns":1},{"damage":0,"enemies":"Sphere and 2 Shapes","floor":44,"turns":1},{"damage":33,"enemies":"Giant Head","floor":45,"turns":5},{"damage":89,"enemies":"Time Eater","floor":50,"turns":4}],"event_choices":[{"event_name":"Shining Light","player_choice":"Entered Light","floor":3,"damage_taken":0},{"event_name":"Living Wall","player_choice":"Forget","floor":4,"damage_taken":0},{"event_name":"The Lab","player_choice":"Got Potions","floor":13,"damage_taken":0},{"event_name":"Upgrade Shrine","player_choice":"Upgraded","floor":19,"damage_taken":0},{"event_name":"Golden Shrine","player_choice":"Desecrate","floor":20,"damage_taken":0},{"event_name":"N\u0027loth","player_choice":"Traded a Blood Vial","floor":22,"damage_taken":0},{"event_name":"Bonfire Elementals","player_choice":"BASIC","floor":31,"damage_taken":0},{"event_name":"Upgrade Shrine","player_choice":"Upgraded","floor":39,"damage_taken":0},{"event_name":"SensoryStone","player_choice":"Memory 1","floor":41,"damage_taken":0},{"event_name":"Golden Shrine","player_choice":"Desecrate","floor":47,"damage_taken":0}],"boss_relics":[{"not_picked":["Astrolabe","Velvet Choker"],"picked":"Mark of Pain"},{"not_picked":["Tiny House","Philosopher\u0027s Stone"],"picked":"Sozu"}],"potions_floor_spawned":[2,12,14,18,24,27,29,42,44],"seed_played":"8507077734950112790","killed_by":"Time Eater","ascension_level":0,"is_trial":false}