{"gold_per_floor":[114,114,114,127,127,127,28,46,46,5,19,53,72,84,84,183,183,200,200,200,200,45,62,62,62,88,88,88,103,103,121,121,121],"floor_reached":33,"playtime":2189,"items_purged":[],"score":247,"play_id":"31427f79-f5f3-454b-a39d-729776bb35fd","local_time":"20180820121645","is_ascension_mode":false,"campfire_choices":[{"data":"Zap","floor":6,"key":"SMITH"},{"floor":15,"key":"REST"},{"floor":24,"key":"REST"},{"floor":27,"key":"REST"},{"floor":30,"key":"REST"},{"floor":32,"key":"REST"}],"neow_cost":"NONE","seed_source_timestamp":0,"circlet_count":0,"master_deck":["Strike_B","Strike_B","Strike_B","Strike_B","Defend_B","Defend_B","Defend_B","Defend_B","Zap+1","Dualcast","Multi-Cast","Conserve Battery","Redo","Glacier","Leap","Ball Lightning","Self Repair","Lockon","Conserve Battery","FTL","Hologram","Fission","Static Discharge","Beam Cell","Reprogram","Coolheaded+1","Ball Lightning"],"special_seed":0,"relics":["Cracked Core","Kunai","Bottled Lightning","Bag of Preparation","Inserter","Enchiridion","Bronze Scales","Juzu Bracelet"],"potions_floor_usage":[16,18,29,33],"damage_taken":[{"damage":0.0,"enemies":"Small Slimes","floor":1.0,"turns":2.0},{"damage":0,"enemies":"2 Louse","floor":4,"turns":3},{"damage":0,"enemies":"Jaw Worm","floor":8,"turns":4},{"damage":1,"enemies":"Looter","floor":11,"turns":4},{"damage":28,"enemies":"3 Sentries","floor":12,"turns":5},{"damage":17,"enemies":"Gremlin Gang","floor":13,"turns":4},{"damage":1,"enemies":"Blue Slaver","floor":14,"turns":4},{"damage":50,"enemies":"Hexaghost","floor":16,"turns":16},{"damage":28,"enemies":"2 Thieves","floor":18,"turns":4},{"damage":21,"enemies":"Spheric Guardian","floor":23,"turns":6},{"damage":30,"enemies":"Shelled Parasite and Fungi","floor":25,"turns":7},{"damage":12,"enemies":"Snecko","floor":29,"turns":4},{"damage":28,"enemies":"Centurion and Healer","floor":31,"turns":13},{"damage":87,"enemies":"Collector","floor":33,"turns":7}],"seed_played":"-4295009409205332212","potions_obtained":[{"floor":8,"key":"Swift Potion"},{"floor":12,"key":"Poison Potion"},{"floor":16,"key":"Ancient Potion"},{"floor":18,"key":"Weak Potion"},{"floor":25,"key":"SpeedPotion"},{"floor":31,"key":"SpeedPotion"}],"is_trial":false,"path_per_floor":["M","?","?","M","?","R","$","M","T","$","M","E","M","M","R","B",null,"M","?","?","?","$","M","R","M","T","R","?","M","R","M","R"],"character_chosen":"DEFECT","items_purchased":["Glacier","Leap","Self Repair","Bronze Scales"],"campfire_rested":5,"item_purchase_floors":[7,7,10,22],"current_hp_per_floor":[75,75,68,68,68,68,68,68,68,68,74,53,43,49,71,28,75,54,38,38,38,38,24,46,23,23,45,31,26,50,29,53,0],"gold":121,"neow_bonus":"ONE_RANDOM_RARE_CARD","is_prod":false,"is_daily":false,"chose_seed":false,"campfire_upgraded":1,"win_rate":0,"timestamp":1534781805,"path_taken":["M","?","?","M","?","R","?","M","T","$","M","E","?","?","R","BOSS","M","?","?","?","$","M","R","M","T","R","?","M","R","M","R","BOSS"],"build_version":"2018-08-16","purchased_purges":0,"victory":false,"max_hp_per_floor":[75,75,75,75,75,75,75,75,75,75,75,75,75,75,75,75,75,75,75,75,75,75,75,75,75,75,75,80,80,80,80,80,80],"card_choices":[{"not_picked":["Go for the Eyes","Stack"],"picked":"Conserve Battery","floor":1},{"not_picked":["Storm","Go for the Eyes"],"picked":"Redo","floor":4},{"not_picked":["Recycle","Redo"],"picked":"Ball Lightning","floor":8},{"not_picked":["Hologram","Heatsinks"],"picked":"Lockon","floor":11},{"not_picked":["Coolheaded","Undo"],"picked":"Conserve Battery","floor":12},{"not_picked":["Leap","Rip and Tear"],"picked":"FTL","floor":13},{"not_picked":["Compile Driver","Beam Cell"],"picked":"Hologram","floor":14},{"not_picked":["Multi-Cast","Machine Learning"],"picked":"Fission","floor":16},{"not_picked":["Gash","Go for the Eyes"],"picked":"Static Discharge","floor":18},{"not_picked":["Barrage","Turbo"],"picked":"Beam Cell","floor":23},{"not_picked":["Double Energy","Loop+1"],"picked":"Reprogram","floor":25},{"not_picked":["Gash","Beam Cell"],"picked":"Coolheaded+1","floor":29},{"not_picked":["Barrage","Conserve Battery"],"picked":"Ball Lightning","floor":31}],"player_experience":41742,"relics_obtained":[{"floor":9,"key":"Bottled Lightning"},{"floor":12,"key":"Bag of Preparation"},{"floor":19,"key":"Enchiridion"},{"floor":26,"key":"Juzu Bracelet"}],"event_choices":[{"event_name":"The Cleric","player_choice":"Leave","floor":2,"damage_taken":0},{"event_name":"Scrap Ooze","player_choice":"success","floor":3,"damage_taken":7},{"event_name":"Purifier","player_choice":"Skipped","floor":5,"damage_taken":0},{"event_name":"Cursed Tome","player_choice":"Obtained Book","floor":19,"damage_taken":0},{"event_name":"Beggar","player_choice":"Ignored","floor":20,"damage_taken":0},{"event_name":"Vampires","player_choice":"Ignored","floor":21,"damage_taken":0},{"event_name":"Forgotten Altar","player_choice":"Shed Blood","floor":28,"damage_taken":0}],"is_beta":false,"boss_relics":[{"not_picked":["Sozu","Snecko Eye"],"picked":"Inserter"}],"items_purged_floors":[],"is_endless":false,"potions_floor_spawned":[8,12,16,18,25,31],"killed_by":"Collector","ascension_level":0}