{"path_per_floor":["M","?","M","?","T","E","R","E","T","R","?","R","?","?","R","B",null,"M","?","M","?","?","E","$","?","T","M","T","E","?","E","R"],"character_chosen":"IRONCLAD","items_purchased":["Flex"],"gold_per_floor":[119,69,84,259,259,293,293,328,355,355,430,430,430,430,430,529,529,545,580,595,520,520,546,422,522,549,567,593,623,623,652,652],"floor_reached":33,"campfire_rested":3,"playtime":1354,"current_hp_per_floor":[72,72,78,78,78,47,47,8,8,32,21,21,18,18,42,8,62,66,64,66,66,66,63,63,63,63,69,69,62,47,49,74],"items_purged":["Strike_R"],"gold":652,"score":397,"play_id":"4844a4d1-0ce7-4ac5-8eff-42795b9840a6","local_time":"20180305222825","is_prod":false,"is_daily":false,"is_ascension_mode":true,"campfire_upgraded":2,"timestamp":1520285305,"path_taken":["M","?","M","?","?","E","R","E","T","R","?","R","?","?","R","BOSS","M","?","M","?","?","E","$","?","T","M","?","E","?","E","R","BOSS"],"build_version":"2018-03-02-BETA2","purchased_purges":1,"victory":false,"master_deck":["Strike_R+1","Strike_R+1","Strike_R+1","Defend_R+1","Defend_R+1","Defend_R+1","Bash+1","Bludgeon+1","Clothesline","Clash+1","Rampage+1","Offering+1","Seeing Red+1","Flex+1","Flex+1","Inflame","Spot Weakness+1","Heavy Blade"],"max_hp_per_floor":[80,80,80,80,80,80,80,80,80,80,80,80,80,80,80,80,80,80,80,80,80,80,80,80,80,80,80,80,80,85,85,85],"relics":["Burning Blood","Toxic Egg 2","Juzu Bracelet","Anchor","Bag of Marbles","Bronze Scales","Velvet Choker","Red Mask","Bag of Preparation","Lantern","Oddly Smooth Stone","Art of War","Whetstone"],"card_choices":[{"not_picked":["Wild Strike","Pommel Strike"],"picked":"Clothesline"},{"not_picked":["Entrench","Twin Strike"],"picked":"Clash"},{"not_picked":["Fire Breathing","Anger"],"picked":"Rampage"},{"not_picked":["Dark Embrace","Limit Break"],"picked":"Offering"},{"not_picked":["True Grit","Reckless Charge"],"picked":"Seeing Red"},{"not_picked":["Twin Strike","Feel No Pain"],"picked":"Flex"},{"not_picked":["Havoc","Flex"],"picked":"Inflame"},{"not_picked":["Metallicize","Dropkick"],"picked":"Spot Weakness"},{"not_picked":["Dual Wield","Sword Boomerang"],"picked":"Heavy Blade"}],"player_experience":179209,"potions_floor_usage":[6,16,16,33],"damage_taken":[{"damage":6,"enemies":"Small Slimes","floor":1,"turns":2},{"damage":0,"enemies":"2 Louse","floor":3,"turns":2},{"damage":37,"enemies":"3 Sentries","floor":6,"turns":8},{"damage":45,"enemies":"Lagavulin","floor":8,"turns":6},{"damage":40,"enemies":"The Guardian","floor":16,"turns":9},{"damage":2,"enemies":"Chosen","floor":18,"turns":2},{"damage":8,"enemies":"Masked Bandits","floor":19,"turns":3},{"damage":4,"enemies":"3 Byrds","floor":20,"turns":3},{"damage":9,"enemies":"Slavers","floor":23,"turns":5},{"damage":0,"enemies":"Snake Plant","floor":27,"turns":2},{"damage":13,"enemies":"Gremlin Leader","floor":29,"turns":3},{"damage":4,"enemies":"Slavers","floor":31,"turns":4},{"damage":92,"enemies":"Automaton","floor":33,"turns":6}],"event_choices":[{"event_name":"The Cleric","player_choice":"Card Removal","floor":2,"damage_taken":0},{"event_name":"Liars Game","player_choice":"agreed","floor":4,"damage_taken":0},{"event_name":"World of Goop","player_choice":"Gather Gold","floor":11,"damage_taken":0},{"event_name":"Scrap Ooze","player_choice":"success","floor":13,"damage_taken":3},{"event_name":"Wheel of Change","player_choice":"Card Removal","floor":14,"damage_taken":0},{"event_name":"Masked Bandits","player_choice":"Fought over 545 gold","floor":19,"damage_taken":0},{"event_name":"Beggar","player_choice":"Gave Gold","floor":21,"damage_taken":0},{"event_name":"Back to Basics","player_choice":"Simplicity","floor":22,"damage_taken":0},{"event_name":"Golden Shrine","player_choice":"Pray","floor":25,"damage_taken":0},{"event_name":"Forgotten Altar","player_choice":"Shed Blood","floor":30,"damage_taken":0}],"boss_relics":[{"not_picked":["Black Star","White Beast Statue"],"picked":"Velvet Choker"}],"potions_floor_spawned":[3,6,8,19,27,29],"seed_played":"-8086618162182588999","killed_by":"Automaton","ascension_level":6,"is_trial":false}