{"gold_per_floor":[116,126,126,143,159,159,186,186,186,186,196,210,210,223,223,223],"floor_reached":16,"playtime":545,"items_purged":[],"score":192,"play_id":"31e81511-438c-4de6-912f-fc454d571e55","local_time":"20190529140338","is_ascension_mode":true,"campfire_choices":[{"data":"Defragment","floor":6,"key":"SMITH"},{"data":"Consume","floor":8,"key":"SMITH"},{"data":"Conserve Battery","floor":10,"key":"SMITH"},{"data":"Recycle","floor":13,"key":"SMITH"},{"floor":15,"key":"REST"}],"neow_cost":"NONE","seed_source_timestamp":1000140754720455,"circlet_count":0,"master_deck":["AscendersBane","Strike_B","Strike_B","Strike_B","Strike_B","Defend_B","Defend_B","Defend_B","Defend_B","Zap","Dualcast","Defragment+1","Rainbow","Conserve Battery+1","Consume+1","Recycle+1","Doom and Gloom"],"relics":["Cracked Core","NeowsBlessing","Unceasing Top","Bird Faced Urn","Ice Cream"],"potions_floor_usage":[11,16],"damage_taken":[{"damage":0,"enemies":"Cultist","floor":1,"turns":1},{"damage":0,"enemies":"Small Slimes","floor":2,"turns":1},{"damage":0,"enemies":"2 Louse","floor":4,"turns":1},{"damage":4,"enemies":"Looter","floor":5,"turns":4},{"damage":15,"enemies":"Lagavulin","floor":7,"turns":7},{"damage":4,"enemies":"Red Slaver","floor":11,"turns":4},{"damage":7,"enemies":"Blue Slaver","floor":12,"turns":4},{"damage":15,"enemies":"Large Slime","floor":14,"turns":4},{"damage":34,"enemies":"Slime Boss","floor":16,"turns":6}],"seed_played":"-6611289387006248110","potions_obtained":[{"floor":4,"key":"SkillPotion"},{"floor":7,"key":"Regen Potion"},{"floor":14,"key":"Block Potion"}],"is_trial":false,"path_per_floor":["M","M","?","M","M","R","E","R","T","R","M","M","R","M","R","B"],"character_chosen":"DEFECT","items_purchased":[],"campfire_rested":1,"item_purchase_floors":[],"current_hp_per_floor":[64,64,38,38,34,34,19,19,19,19,29,24,24,11,32,0],"gold":223,"neow_bonus":"THREE_ENEMY_KILL","is_prod":false,"is_daily":false,"chose_seed":false,"campfire_upgraded":4,"win_rate":0,"timestamp":1559160218,"path_taken":["M","?","?","M","M","R","E","R","T","R","M","M","R","M","R","BOSS"],"build_version":"2019-01-23","purchased_purges":0,"victory":false,"max_hp_per_floor":[71,71,71,71,71,71,71,71,71,71,71,71,71,71,71,71],"card_choices":[{"not_picked":["Compile Driver","Coolheaded"],"picked":"Defragment","floor":1},{"not_picked":["Streamline","Gash","Hello World"],"picked":"SKIP","floor":2},{"not_picked":["Hello World","Turbo"],"picked":"Rainbow","floor":4},{"not_picked":["Ball Lightning","Go for the Eyes"],"picked":"Conserve Battery","floor":5},{"not_picked":["Leap","Self Repair"],"picked":"Consume","floor":7},{"not_picked":["Sweeping Beam","Chaos","Recycle"],"picked":"SKIP","floor":11},{"not_picked":["Redo","Chaos"],"picked":"Recycle","floor":12},{"not_picked":["BootSequence","Aggregate"],"picked":"Doom and Gloom","floor":14}],"player_experience":925185,"relics_obtained":[{"floor":7,"key":"Bird Faced Urn"},{"floor":9,"key":"Ice Cream"}],"event_choices":[{"damage_healed":0,"gold_gain":0,"player_choice":"Success","damage_taken":26,"relics_obtained":["Unceasing Top"],"max_hp_gain":0,"max_hp_loss":0,"event_name":"Scrap Ooze","floor":3,"gold_loss":0}],"is_beta":false,"boss_relics":[],"items_purged_floors":[],"is_endless":false,"potions_floor_spawned":[4,7,14],"killed_by":"Slime Boss","ascension_level":17}