{"gold_per_floor":[110,110,40,215,227,227,261,261,287,306,306,292,292,292,292,416,416,431,356,372,372,34,34,34,50,50,50,68,68,68],"floor_reached":30,"playtime":3126,"items_purged":["Injury"],"score":319,"play_id":"8d77f47d-3c62-4de0-81c7-84854c731743","local_time":"20190506152844","is_ascension_mode":true,"campfire_choices":[{"data":"Madness","floor":6.0,"key":"SMITH"},{"floor":8.0,"key":"REST"},{"data":"Zap","floor":13.0,"key":"SMITH"},{"floor":15.0,"key":"REST"},{"data":"Rainbow","floor":23,"key":"SMITH"},{"floor":27,"key":"REST"}],"neow_cost":"NONE","seed_source_timestamp":397313419491358,"circlet_count":0,"master_deck":["Defend_B","Defend_B","Defend_B","Defend_B","Zap+1","Dualcast","Madness+1","Hello World+1","Heatsinks","Cold Snap","Force Field","All For One","Leap","Streamline","Rainbow+1","Steam+1","Bite","Bite","Bite","Bite","Bite","Loop+1","Chaos","Coolheaded","Loop+1"],"special_seed":0,"relics":["Cracked Core","Frozen Egg 2","Juzu Bracelet","Golden Idol","Inserter","Lee\u0027s Waffle","Bird Faced Urn"],"potions_floor_usage":[20,28,30],"damage_taken":[{"damage":2.0,"enemies":"Jaw Worm","floor":1.0,"turns":3.0},{"damage":14.0,"enemies":"Small Slimes","floor":5.0,"turns":3.0},{"damage":30.0,"enemies":"3 Sentries","floor":7.0,"turns":10.0},{"damage":0.0,"enemies":"2 Louse","floor":10.0,"turns":2.0},{"damage":10.0,"enemies":"Exordium Thugs","floor":12.0,"turns":5.0},{"damage":53.0,"enemies":"The Guardian","floor":16.0,"turns":15.0},{"damage":20.0,"enemies":"Shell Parasite","floor":18.0,"turns":8.0},{"damage":23,"enemies":"3 Byrds","floor":20,"turns":4},{"damage":61,"enemies":"Centurion and Healer","floor":25,"turns":9},{"damage":24,"enemies":"Snake Plant","floor":28,"turns":6},{"damage":59,"enemies":"Slavers","floor":30,"turns":3}],"seed_played":"-378394804079858999","potions_obtained":[{"floor":1.0,"key":"SpeedPotion"},{"floor":5.0,"key":"EssenceOfSteel"},{"floor":7.0,"key":"Regen Potion"},{"floor":18.0,"key":"Energy Potion"},{"floor":24,"key":"Regen Potion"},{"floor":24,"key":"Fire Potion"},{"floor":28,"key":"Poison Potion"}],"is_trial":false,"path_per_floor":["M","?","$","?","M","R","E","R","T","M","?","M","R","?","R","B",null,"M","?","M","?","$","R","?","M","T","R","M","?","E"],"character_chosen":"DEFECT","items_purchased":["Heatsinks","Loop+1","Lee\u0027s Waffle"],"campfire_rested":3,"item_purchase_floors":[3,22,22],"current_hp_per_floor":[66,66,66,66,52,52,22,44,44,44,44,34,34,34,56,18,61,41,41,18,18,59,59,59,14,14,31,38,38,0],"gold":68,"neow_bonus":"RANDOM_COLORLESS","is_prod":false,"is_daily":false,"chose_seed":false,"campfire_upgraded":3,"win_rate":0,"timestamp":1557120524,"path_taken":["M","?","$","?","M","R","E","R","T","M","?","M","R","?","R","BOSS","M","?","M","?","$","R","?","M","T","R","M","?","E"],"build_version":"2019-01-23","purchased_purges":1,"victory":false,"max_hp_per_floor":[75,75,75,75,75,75,75,75,75,75,75,75,75,75,75,75,75,75,75,75,52,59,59,59,59,59,59,59,59,59],"card_choices":[{"not_picked":["Leap","Conserve Battery"],"picked":"Hello World","floor":1.0},{"not_picked":["Heatsinks","Beam Cell"],"picked":"Cold Snap","floor":5.0},{"not_picked":["Coolheaded","Streamline"],"picked":"Force Field","floor":7.0},{"not_picked":["Coolheaded","Consume"],"picked":"All For One","floor":10.0},{"not_picked":["Barrage","Go for the Eyes"],"picked":"Leap","floor":12.0},{"not_picked":["Biased Cognition+1","Reboot"],"picked":"Rainbow","floor":16.0},{"not_picked":["Rebound","Stack+1","Aggregate+1"],"picked":"SKIP","floor":18.0},{"not_picked":["Rebound","Compile Driver"],"picked":"Steam+1","floor":20},{"not_picked":["Gash","Darkness"],"picked":"Chaos","floor":25},{"not_picked":["Beam Cell+1","Lockon"],"picked":"Coolheaded","floor":28}],"player_experience":1581490,"relics_obtained":[{"floor":7.0,"key":"Frozen Egg 2"},{"floor":9.0,"key":"Juzu Bracelet"},{"floor":26,"key":"Bird Faced Urn"}],"event_choices":[{"damage_healed":0.0,"max_hp_gain":0.0,"max_hp_loss":0.0,"gold_gain":0.0,"event_name":"Living Wall","player_choice":"Grow","floor":2.0,"gold_loss":0.0,"damage_taken":0.0,"cards_upgraded":["Hello World"]},{"damage_healed":0.0,"max_hp_gain":0.0,"max_hp_loss":0.0,"gold_gain":175.0,"event_name":"Liars Game","player_choice":"AGREE","floor":4.0,"gold_loss":0.0,"damage_taken":0.0,"cards_obtained":["Doubt"]},{"damage_healed":0.0,"max_hp_gain":0.0,"max_hp_loss":0.0,"gold_gain":0.0,"event_name":"Golden Idol","player_choice":"Take Wound","floor":11.0,"gold_loss":0.0,"damage_taken":0.0,"relics_obtained":["Golden Idol"],"cards_obtained":["Injury"]},{"damage_healed":0.0,"max_hp_gain":0.0,"max_hp_loss":0.0,"gold_gain":0.0,"cards_transformed":["Strike_B"],"event_name":"Transmorgrifier","player_choice":"Transformed","floor":14.0,"gold_loss":0.0,"damage_taken":0.0,"cards_obtained":["Streamline"]},{"cards_removed":["Doubt"],"damage_healed":0,"gold_gain":0,"player_choice":"Gave Gold","damage_taken":0,"max_hp_gain":0,"max_hp_loss":0,"event_name":"Beggar","floor":19,"gold_loss":75},{"damage_healed":0,"gold_gain":0,"player_choice":"Became a vampire","damage_taken":0,"max_hp_gain":0,"max_hp_loss":23,"event_name":"Vampires","floor":21,"gold_loss":0,"cards_obtained":["Bite","Bite","Bite","Bite","Bite"]},{"damage_healed":0,"gold_gain":0,"player_choice":"Got Potions","damage_taken":0,"max_hp_gain":0,"max_hp_loss":0,"event_name":"Lab","floor":24,"gold_loss":0},{"damage_healed":0,"gold_gain":0,"player_choice":"Copied","damage_taken":0,"max_hp_gain":0,"max_hp_loss":0,"event_name":"Duplicator","floor":29,"gold_loss":0,"cards_obtained":["Loop"]}],"is_beta":false,"boss_relics":[{"not_picked":["Astrolabe","Calling Bell"],"picked":"Inserter"}],"items_purged_floors":[22],"is_endless":false,"potions_floor_spawned":[1,5,7,18,25,28],"killed_by":"Slavers","ascension_level":6}