{"gold_per_floor":[110,110,35,46,11,11,43,43,43,71,36,68,19,33,33,106,106,125,8,18,18,73,108,108,119,119,48,48,25,25,25],"floor_reached":31,"playtime":1308,"items_purged":[],"score":555,"play_id":"37ce546d-3ff5-4783-af86-fd687d5a4a35","local_time":"20190528170403","is_ascension_mode":true,"campfire_choices":[{"data":"Inflame","floor":6.0,"key":"SMITH"},{"data":"Evolve","floor":8.0,"key":"SMITH"},{"data":"Disarm","floor":15.0,"key":"SMITH"},{"data":"Entrench","floor":24.0,"key":"SMITH"},{"data":"True Grit","floor":28.0,"key":"SMITH"}],"neow_cost":"NONE","seed_source_timestamp":625747378468,"circlet_count":0,"master_deck":["AscendersBane","Strike_R","Strike_R","Strike_R","Strike_R","Defend_R","Defend_R","Defend_R","Defend_R","Bash+1","Shrug It Off","Evolve+1","Inflame+1","Flex","Disarm+1","Metallicize+1","Disarm","True Grit+1","Dark Embrace+1","Shrug It Off","Corruption+1","Dual Wield","Cleave","Entrench+1","Power Through+1","Ghostly Armor","Body Slam","Writhe"],"special_seed":0,"relics":["Burning Blood","NeowsBlessing","Letter Opener","Question Card","Frozen Egg 2","Juzu Bracelet","Coffee Dripper","Blood Vial","Happy Flower","Vajra","Bag of Marbles"],"potions_floor_usage":[31,31],"damage_taken":[{"damage":0.0,"enemies":"2 Louse","floor":1.0,"turns":1.0},{"damage":0.0,"enemies":"Jaw Worm","floor":4.0,"turns":1.0},{"damage":0.0,"enemies":"3 Sentries","floor":7.0,"turns":2.0},{"damage":34.0,"enemies":"Gremlin Nob","floor":10.0,"turns":4.0},{"damage":0.0,"enemies":"3 Sentries","floor":12.0,"turns":8.0},{"damage":0.0,"enemies":"Cultist","floor":14.0,"turns":4.0},{"damage":47.0,"enemies":"Hexaghost","floor":16.0,"turns":16.0},{"damage":6.0,"enemies":"3 Byrds","floor":18.0,"turns":6.0},{"damage":30.0,"enemies":"2 Thieves","floor":20.0,"turns":5.0},{"damage":1.0,"enemies":"Book of Stabbing","floor":23.0,"turns":8.0},{"damage":47.0,"enemies":"Cultist and Chosen","floor":25.0,"turns":7.0},{"damage":43,"enemies":"Gremlin Leader","floor":31,"turns":8}],"seed_played":"-8181217783984176236","potions_obtained":[{"floor":7.0,"key":"EssenceOfSteel"},{"floor":10.0,"key":"EssenceOfSteel"},{"floor":14.0,"key":"Explosive Potion"},{"floor":18.0,"key":"Dexterity Potion"},{"floor":23.0,"key":"Regen Potion"},{"floor":25.0,"key":"EssenceOfSteel"}],"is_trial":false,"path_per_floor":["M","?","?","M","$","R","E","R","T","E","$","E","$","M","R","B",null,"M","$","M","?","T","E","R","M","T","$","R","$","?","E"],"character_chosen":"IRONCLAD","items_purchased":["Inflame","Metallicize+1","Block Potion","Corruption+1","Dual Wield","Ghostly Armor","Body Slam"],"campfire_rested":0,"item_purchase_floors":[5,11,13,19,19,27,29],"current_hp_per_floor":[74,74,74,75,75,75,75,75,75,47,47,53,53,59,59,18,61,61,61,37,52,52,59,59,20,20,20,20,20,20,0],"gold":25,"neow_bonus":"THREE_ENEMY_KILL","is_prod":false,"is_daily":false,"chose_seed":false,"campfire_upgraded":5,"win_rate":0,"timestamp":1559055843,"path_taken":["M","?","?","M","$","R","E","R","T","E","$","E","?","M","R","BOSS","M","$","M","?","?","E","R","M","T","?","R","$","?","E"],"build_version":"2019-01-23","purchased_purges":0,"victory":false,"max_hp_per_floor":[75,75,75,75,75,75,75,75,75,75,75,75,75,75,75,75,75,75,75,75,75,75,75,75,75,75,75,75,75,75,75],"card_choices":[{"not_picked":["Armaments","Warcry"],"picked":"Shrug It Off","floor":1.0},{"not_picked":["Seeing Red","Heavy Blade"],"picked":"Evolve","floor":4.0},{"not_picked":["Havoc","Reckless Charge"],"picked":"Flex","floor":7.0},{"not_picked":["Combust","Immolate","Anger"],"picked":"Disarm","floor":10.0},{"not_picked":["Clothesline","Burning Pact","Sentinel"],"picked":"Disarm","floor":12.0},{"not_picked":["Iron Wave","Corruption+1","Warcry"],"picked":"True Grit","floor":14.0},{"not_picked":["Impervious","Immolate","Brutality+1"],"picked":"Dark Embrace+1","floor":16.0},{"not_picked":["Wild Strike","Power Through","Perfected Strike"],"picked":"Shrug It Off","floor":18.0},{"not_picked":["Inflame+1","Second Wind","Searing Blow"],"picked":"Cleave","floor":20.0},{"not_picked":["Clothesline","Havoc+1","Pommel Strike"],"picked":"Entrench","floor":23.0},{"not_picked":["Warcry","Brutality+1","Carnage"],"picked":"Power Through+1","floor":25.0}],"player_experience":691294,"relics_obtained":[{"floor":7.0,"key":"Letter Opener"},{"floor":9.0,"key":"Question Card"},{"floor":10.0,"key":"Frozen Egg 2"},{"floor":12.0,"key":"Juzu Bracelet"},{"floor":22.0,"key":"Blood Vial"},{"floor":23.0,"key":"Happy Flower"},{"floor":26.0,"key":"Vajra"}],"event_choices":[{"damage_healed":0.0,"max_hp_gain":0.0,"max_hp_loss":0.0,"gold_gain":0.0,"event_name":"Living Wall","player_choice":"Grow","floor":2.0,"gold_loss":0.0,"damage_taken":0.0,"cards_upgraded":["Bash"]},{"cards_removed":["Strike_R"],"damage_healed":0.0,"max_hp_gain":0.0,"max_hp_loss":0.0,"gold_gain":0.0,"event_name":"The Cleric","player_choice":"Card Removal","floor":3.0,"gold_loss":75.0,"damage_taken":0.0},{"damage_healed":15.0,"max_hp_gain":0.0,"max_hp_loss":0.0,"gold_gain":0.0,"event_name":"The Library","player_choice":"Heal","floor":21.0,"gold_loss":0.0,"damage_taken":0.0},{"damage_healed":0.0,"max_hp_gain":0.0,"max_hp_loss":0.0,"gold_gain":0.0,"event_name":"The Mausoleum","player_choice":"Opened","floor":30.0,"gold_loss":0.0,"damage_taken":0.0,"relics_obtained":["Bag of Marbles"],"cards_obtained":["Writhe"]}],"is_beta":false,"boss_relics":[{"not_picked":["Runic Pyramid","Eternal Feather"],"picked":"Coffee Dripper"}],"items_purged_floors":[],"is_endless":false,"potions_floor_spawned":[7,10,14,18,23,25],"killed_by":"Gremlin Leader","ascension_level":15}