{"gold_per_floor":[111,129,145,145,164,164,184,184,208,208,233,252,279,343,343,447,447,463,463,483,495,495,495,530,530,530,546,821,821,831,89,89,89],"floor_reached":33,"playtime":3185,"items_purged":["Regret"],"score":399,"play_id":"9f88e84f-d7fc-4596-8289-1351a9d19d17","local_time":"20190418010322","is_ascension_mode":true,"campfire_choices":[{"data":"Catalyst","floor":6.0,"key":"SMITH"},{"floor":8.0,"key":"REST"},{"floor":15.0,"key":"REST"},{"floor":23.0,"key":"REST"},{"floor":25.0,"key":"REST"},{"floor":29.0,"key":"REST"},{"floor":32,"key":"REST"}],"neow_cost":"NONE","seed_source_timestamp":87490628093107,"circlet_count":0,"master_deck":["Defend_G","Defend_G","Defend_G","Defend_G+1","Strike_G","Strike_G","Strike_G","Strike_G","Strike_G+1","Survivor","Neutralize","Blade Dance","Catalyst+1","Dodge and Roll","Deadly Poison","Blade Dance","Flechettes","Bane","Cloak And Dagger","Quick Slash","Bullet Time","Bane","All Out Attack","Accuracy","Poisoned Stab","Bandage Up","Discovery","Night Terror","Dodge and Roll","Bouncing Flask","Well Laid Plans+1","Setup","Eviscerate","Predator","Cloak And Dagger","Backflip+1"],"special_seed":0,"relics":["Ring of the Snake","NeowsBlessing","PreservedInsect","Lantern","Boot","Ancient Tea Set","Art of War","Philosopher\u0027s Stone","Bag of Marbles","Frozen Egg 2","Dream Catcher","Orichalcum"],"potions_floor_usage":[33,33,33,33,33],"damage_taken":[{"damage":0.0,"enemies":"2 Louse","floor":1.0,"turns":1.0},{"damage":0.0,"enemies":"Jaw Worm","floor":2.0,"turns":1.0},{"damage":0.0,"enemies":"Small Slimes","floor":3.0,"turns":1.0},{"damage":1.0,"enemies":"2 Fungi Beasts","floor":5.0,"turns":4.0},{"damage":24.0,"enemies":"Lots of Slimes","floor":7.0,"turns":7.0},{"damage":8.0,"enemies":"Gremlin Nob","floor":11.0,"turns":3.0},{"damage":0.0,"enemies":"Looter","floor":12.0,"turns":2.0},{"damage":2.0,"enemies":"3 Sentries","floor":13.0,"turns":6.0},{"damage":12.0,"enemies":"3 Sentries","floor":14.0,"turns":8.0},{"damage":32.0,"enemies":"Slime Boss","floor":16.0,"turns":11.0},{"damage":0.0,"enemies":"3 Byrds","floor":18.0,"turns":4.0},{"damage":7.0,"enemies":"Spheric Guardian","floor":20.0,"turns":3.0},{"damage":12.0,"enemies":"3 Cultists","floor":21.0,"turns":4.0},{"damage":10.0,"enemies":"Slavers","floor":24.0,"turns":6.0},{"damage":34.0,"enemies":"Centurion and Healer","floor":27.0,"turns":6.0},{"damage":41,"enemies":"Shelled Parasite and Fungi","floor":30,"turns":8},{"damage":34,"enemies":"Collector","floor":33,"turns":7}],"seed_played":"1570779599421904083","potions_obtained":[{"floor":2.0,"key":"SteroidPotion"},{"floor":5.0,"key":"Weak Potion"},{"floor":7.0,"key":"Dexterity Potion"},{"floor":11.0,"key":"SpeedPotion"},{"floor":16.0,"key":"Strength Potion"},{"floor":18.0,"key":"Poison Potion"},{"floor":20.0,"key":"Dexterity Potion"},{"floor":30,"key":"EntropicBrew"}],"is_trial":false,"path_per_floor":["M","M","M","?","M","R","M","R","T","?","E","M","E","?","R","B",null,"M","?","M","M","?","R","E","R","T","M","?","R","M","$","R","B"],"character_chosen":"THE_SILENT","items_purchased":["Dream Catcher","Orichalcum","Block Potion","Well Laid Plans+1","Setup","Eviscerate","Predator","Cloak And Dagger"],"campfire_rested":6,"item_purchase_floors":[31,31,31,31,31,31,31,31],"current_hp_per_floor":[63,63,63,60,59,59,35,56,56,42,34,34,32,20,41,9,55,55,55,48,36,15,36,30,51,51,21,21,42,5,5,26,0],"gold":89,"neow_bonus":"THREE_ENEMY_KILL","is_prod":false,"is_daily":false,"chose_seed":false,"campfire_upgraded":1,"win_rate":0,"timestamp":1555513402,"path_taken":["M","M","M","?","M","R","M","R","T","?","E","M","E","?","R","BOSS","M","?","M","?","?","R","E","R","T","?","?","R","M","$","R","BOSS"],"build_version":"2019-01-23","purchased_purges":1,"victory":false,"max_hp_per_floor":[70,70,70,70,70,70,70,70,70,70,70,70,70,70,70,70,70,70,70,70,70,70,70,70,70,70,70,70,70,70,70,70,70],"card_choices":[{"not_picked":["All Out Attack","Dagger Throw"],"picked":"Blade Dance","floor":1.0},{"not_picked":["Riddle With Holes","Distraction"],"picked":"Catalyst","floor":2.0},{"not_picked":["Outmaneuver","Reflex"],"picked":"Dodge and Roll","floor":3.0},{"not_picked":["Doppelganger","Poisoned Stab"],"picked":"Deadly Poison","floor":5.0},{"not_picked":["Heel Hook","Dagger Throw"],"picked":"Blade Dance","floor":7.0},{"not_picked":["Reflex","Dagger Spray"],"picked":"Flechettes","floor":11.0},{"not_picked":["Cloak And Dagger","Storm of Steel"],"picked":"Bane","floor":12.0},{"not_picked":["Blur","Escape Plan"],"picked":"Cloak And Dagger","floor":13.0},{"not_picked":["Setup","Reflex"],"picked":"Quick Slash","floor":14.0},{"not_picked":["Wraith Form v2","Grand Finale"],"picked":"Bullet Time","floor":16.0},{"not_picked":["Dagger Throw","Flying Knee"],"picked":"Bane","floor":18.0},{"not_picked":["All Out Attack+1","Cloak And Dagger+1"],"picked":"Accuracy","floor":20.0},{"not_picked":["Quick Slash","Malaise"],"picked":"Poisoned Stab","floor":21.0},{"not_picked":["Dodge and Roll","Outmaneuver"],"picked":"Night Terror","floor":24.0},{"not_picked":["Sucker Punch","Deflect"],"picked":"Dodge and Roll","floor":27.0},{"not_picked":["Finisher","Slice+1"],"picked":"Bouncing Flask","floor":30},{"not_picked":["Acrobatics","Dodge and Roll"],"picked":"Backflip+1","floor":32}],"player_experience":1255550,"relics_obtained":[{"floor":9.0,"key":"Lantern"},{"floor":11.0,"key":"Boot"},{"floor":13.0,"key":"Ancient Tea Set"},{"floor":14.0,"key":"Art of War"},{"floor":24.0,"key":"Bag of Marbles"},{"floor":26.0,"key":"Frozen Egg 2"}],"event_choices":[{"damage_healed":0.0,"max_hp_gain":0.0,"max_hp_loss":0.0,"gold_gain":0.0,"event_name":"Scrap Ooze","player_choice":"Success","floor":4.0,"gold_loss":0.0,"damage_taken":3.0,"relics_obtained":["PreservedInsect"]},{"damage_healed":0.0,"max_hp_gain":0.0,"max_hp_loss":0.0,"gold_gain":0.0,"event_name":"Shining Light","player_choice":"Entered Light","floor":10.0,"gold_loss":0.0,"damage_taken":14.0,"cards_upgraded":["Strike_G","Defend_G"]},{"damage_healed":0.0,"max_hp_gain":0.0,"max_hp_loss":0.0,"gold_gain":0.0,"event_name":"Dead Adventurer","player_choice":"Searched \u00272\u0027 times","floor":14.0,"gold_loss":0.0,"damage_taken":0.0},{"damage_healed":0.0,"max_hp_gain":0.0,"max_hp_loss":0.0,"gold_gain":0.0,"cards_transformed":["Defend_G"],"event_name":"Transmorgrifier","player_choice":"Transformed","floor":19.0,"gold_loss":0.0,"damage_taken":0.0,"cards_obtained":["All Out Attack"]},{"damage_healed":0.0,"max_hp_gain":0.0,"max_hp_loss":0.0,"gold_gain":0.0,"event_name":"Knowing Skull","player_choice":"CARD CARD ","floor":22.0,"potions_obtained":[],"gold_loss":0.0,"damage_taken":21.0,"cards_obtained":["Bandage Up","Discovery"]},{"damage_healed":0.0,"max_hp_gain":0.0,"max_hp_loss":0.0,"gold_gain":275.0,"event_name":"Golden Shrine","player_choice":"Desecrate","floor":28.0,"gold_loss":0.0,"damage_taken":0.0,"cards_obtained":["Regret"]}],"is_beta":false,"boss_relics":[{"not_picked":["Lizard Tail","Coffee Dripper"],"picked":"Philosopher\u0027s Stone"}],"items_purged_floors":[31],"is_endless":false,"potions_floor_spawned":[2,5,7,11,16,18,20,30],"killed_by":"Collector","ascension_level":7}