{"gold_per_floor":[110,29,29,42,61,61,91,91,116,129,129,129,164,164,164,268,268,279,279,279,295,295,295,345,45,45,45,56,56,56,90,90,191,191,209,209,209,228,14,14,44,44,44,76,76,89,89,16,16,16],"floor_reached":51,"playtime":7203,"items_purged":["Strike_B"],"score":846,"play_id":"96488db1-bb98-4441-9425-2bfe4f4ba4ec","local_time":"20190426230359","is_ascension_mode":true,"campfire_choices":[{"data":"Consume","floor":6,"key":"SMITH"},{"data":"Loop","floor":8,"key":"SMITH"},{"floor":12,"key":"REST"},{"data":"Zap","floor":15,"key":"SMITH"},{"floor":23,"key":"REST"},{"floor":27,"key":"REST"},{"data":"White Noise","floor":30,"key":"SMITH"},{"floor":32,"key":"REST"},{"floor":40,"key":"REST"},{"data":"Self Repair","floor":42,"key":"SMITH"},{"floor":45,"key":"REST"},{"floor":49,"key":"REST"}],"neow_cost":"NONE","seed_source_timestamp":113463606397286,"circlet_count":0,"master_deck":["Strike_B","Defend_B","Defend_B","Defend_B","Zap+1","Dualcast","Coolheaded","Loop+1","Leap","Consume+1","Capacitor","Conserve Battery","Ball Lightning","Coolheaded","Creative AI","Leap+1","RitualDagger","Sunder","Enlightenment","Blizzard","Turbo","White Noise+1","Melter","Meteor Strike","Redo","Madness","Self Repair+1","Bandage Up","Ball Lightning","Defragment","Chill+1","Chill","Self Repair+1","Loop"],"relics":["Cracked Core","NeowsBlessing","Art of War","Orichalcum","Juzu Bracelet","Runic Pyramid","DataDisk","Letter Opener","StoneCalendar","Lizard Tail","Potion Belt","Dodecahedron","Oddly Smooth Stone"],"potions_floor_usage":[7,21,31,33,44,47,50,50],"damage_taken":[{"damage":0,"enemies":"2 Louse","floor":1,"turns":1},{"damage":0,"enemies":"Cultist","floor":4,"turns":1},{"damage":0,"enemies":"Jaw Worm","floor":5,"turns":1},{"damage":22,"enemies":"3 Sentries","floor":7,"turns":9},{"damage":10,"enemies":"Looter","floor":10,"turns":3},{"damage":13,"enemies":"Gremlin Nob","floor":13,"turns":5},{"damage":8,"enemies":"Hexaghost","floor":16,"turns":9},{"damage":11,"enemies":"Spheric Guardian","floor":18,"turns":4},{"damage":11,"enemies":"2 Thieves","floor":21,"turns":4},{"damage":22,"enemies":"Colosseum Slavers","floor":22,"turns":5},{"damage":14,"enemies":"Centurion and Healer","floor":28,"turns":5},{"damage":16,"enemies":"Slavers","floor":31,"turns":4},{"damage":35,"enemies":"Automaton","floor":33,"turns":10},{"damage":2,"enemies":"Orb Walker","floor":35,"turns":4},{"damage":32,"enemies":"3 Darklings","floor":38,"turns":6},{"damage":6,"enemies":"Giant Head","floor":41,"turns":7},{"damage":73,"enemies":"Reptomancer","floor":44,"turns":8},{"damage":4,"enemies":"Spire Growth","floor":46,"turns":4},{"damage":12,"enemies":"Giant Head","floor":47,"turns":7},{"damage":84,"enemies":"Time Eater","floor":50,"turns":11}],"seed_played":"4761497418023636690","potions_obtained":[{"floor":1,"key":"SkillPotion"},{"floor":4,"key":"GamblersBrew"},{"floor":13,"key":"GamblersBrew"},{"floor":21,"key":"Swift Potion"},{"floor":33,"key":"EssenceOfSteel"},{"floor":38,"key":"Block Potion"},{"floor":41,"key":"SmokeBomb"},{"floor":46,"key":"SpeedPotion"}],"is_trial":false,"path_per_floor":["M","$","?","M","M","R","E","R","T","M","?","R","E","?","R","B",null,"M","?","?","M","?","R","T","$","T","R","M","?","R","E","R","B",null,"M","?","?","M","$","R","E","R","T","E","R","M","E","$","R","B",null],"character_chosen":"DEFECT","items_purchased":["Loop","Leap","Enlightenment","Blizzard","Turbo","Bandage Up","Ball Lightning","Defragment","Loop"],"campfire_rested":7,"item_purchase_floors":[2,2,25,25,25,39,39,39,48],"current_hp_per_floor":[75,75,68,68,68,68,46,46,46,36,36,58,45,45,45,37,75,64,58,44,33,11,35,35,35,35,59,45,45,45,29,53,18,80,78,78,78,46,46,70,75,75,75,16,40,40,52,52,76,60],"gold":16,"neow_bonus":"THREE_ENEMY_KILL","is_prod":false,"is_daily":false,"chose_seed":false,"campfire_upgraded":5,"win_rate":0,"timestamp":1556283839,"path_taken":["M","$","?","M","M","R","E","R","T","M","?","R","E","?","R","BOSS","M","?","?","M","?","R","?","$","T","R","M","?","R","E","R","BOSS","M","?","?","M","?","R","E","R","T","E","R","M","E","$","R","BOSS"],"build_version":"2019-01-23","purchased_purges":1,"victory":true,"max_hp_per_floor":[75,75,75,75,75,75,75,75,75,75,75,75,75,75,75,75,75,75,75,80,80,80,80,80,80,80,80,80,80,80,80,80,80,80,80,80,80,80,80,80,80,80,80,80,80,80,80,80,80,80],"card_choices":[{"not_picked":["Skim","Turbo"],"picked":"Coolheaded","floor":1},{"not_picked":["Hello World","Gash"],"picked":"Consume","floor":4},{"not_picked":["Redo","Conserve Battery"],"picked":"Capacitor","floor":5},{"not_picked":["Compile Driver","Gash"],"picked":"Conserve Battery","floor":7},{"not_picked":["Beam Cell","Stack"],"picked":"Ball Lightning","floor":10},{"not_picked":["Sunder","Cold Snap"],"picked":"Coolheaded","floor":13},{"not_picked":["Reboot","Seek"],"picked":"Creative AI","floor":16},{"not_picked":["Streamline+1","Beam Cell+1"],"picked":"Leap+1","floor":18},{"not_picked":["Gash","Turbo"],"picked":"Sunder","floor":21},{"not_picked":["Doom and Gloom","Undo"],"picked":"White Noise","floor":28},{"not_picked":["Barrage","Beam Cell"],"picked":"Melter","floor":31},{"not_picked":["Buffer","Creative AI"],"picked":"Meteor Strike","floor":33},{"not_picked":["Leap+1","Stack"],"picked":"Redo","floor":35},{"not_picked":["Jack Of All Trades","HandOfGreed"],"picked":"Madness","floor":37},{"not_picked":["Loop","Go for the Eyes+1"],"picked":"Self Repair","floor":38},{"not_picked":["Defragment","Rebound"],"picked":"Chill+1","floor":41},{"not_picked":["Aggregate","Barrage"],"picked":"Chill","floor":44},{"not_picked":["Chill","Rebound"],"picked":"Self Repair+1","floor":46}],"player_experience":1428251,"relics_obtained":[{"floor":7,"key":"Art of War"},{"floor":9,"key":"Orichalcum"},{"floor":13,"key":"Juzu Bracelet"},{"floor":24,"key":"DataDisk"},{"floor":26,"key":"Letter Opener"},{"floor":31,"key":"StoneCalendar"},{"floor":41,"key":"Potion Belt"},{"floor":43,"key":"Dodecahedron"},{"floor":44,"key":"Oddly Smooth Stone"}],"event_choices":[{"cards_removed":["Defend_B"],"damage_healed":0,"gold_gain":0,"player_choice":"Card Removal","damage_taken":7,"max_hp_gain":0,"max_hp_loss":0,"event_name":"Golden Wing","floor":3,"gold_loss":0},{"cards_removed":["Strike_B"],"damage_healed":0,"gold_gain":0,"player_choice":"Purged","damage_taken":0,"max_hp_gain":0,"max_hp_loss":0,"event_name":"Purifier","floor":11,"gold_loss":0},{"cards_removed":["Strike_B"],"damage_healed":0,"gold_gain":0,"player_choice":"Card Removal","damage_taken":0,"max_hp_gain":0,"max_hp_loss":0,"event_name":"Wheel of Change","floor":14,"gold_loss":0},{"damage_healed":0,"gold_gain":0,"player_choice":"Joined the Cult","damage_taken":6,"max_hp_gain":0,"max_hp_loss":0,"event_name":"Nest","floor":19,"gold_loss":0,"cards_obtained":["RitualDagger"]},{"damage_healed":0,"gold_gain":0,"player_choice":"Shed Blood","damage_taken":19,"max_hp_gain":5,"max_hp_loss":0,"event_name":"Forgotten Altar","floor":20,"gold_loss":0},{"damage_healed":0,"gold_gain":0,"player_choice":"Fight","damage_taken":0,"max_hp_gain":0,"max_hp_loss":0,"event_name":"Colosseum","floor":22,"gold_loss":0},{"damage_healed":0,"gold_gain":0,"player_choice":"Fled From Nobs","damage_taken":0,"max_hp_gain":0,"max_hp_loss":0,"event_name":"Colosseum","floor":22,"gold_loss":0},{"damage_healed":0,"gold_gain":0,"player_choice":"Ignored","damage_taken":0,"max_hp_gain":0,"max_hp_loss":0,"event_name":"Beggar","floor":29,"gold_loss":0},{"damage_healed":0,"gold_gain":0,"player_choice":"Ignored","damage_taken":0,"max_hp_gain":0,"max_hp_loss":0,"event_name":"Tomb of Lord Red Mask","floor":36,"gold_loss":0},{"damage_healed":0,"gold_gain":0,"player_choice":"Memory 1","damage_taken":0,"max_hp_gain":0,"max_hp_loss":0,"event_name":"SensoryStone","floor":37,"gold_loss":0}],"is_beta":false,"boss_relics":[{"not_picked":["Sozu","Tiny House"],"picked":"Runic Pyramid"},{"not_picked":["Eternal Feather","Black Star"],"picked":"Lizard Tail"}],"items_purged_floors":[25],"is_endless":false,"potions_floor_spawned":[1,4,13,21,33,38,41,46],"ascension_level":4}