{"gold_per_floor":[118,118,131,6,16,49,61,61,115,148,148,209,241,259,259,330,330,346,62,74,74,74,74,104,119,143,143],"floor_reached":27,"playtime":1162,"items_purged":[],"score":557,"play_id":"2c9a1850-8fe0-4ada-b27f-eed5701672ef","local_time":"20190529143227","is_ascension_mode":true,"campfire_choices":[{"data":"Defragment","floor":8.0,"key":"SMITH"},{"data":"Fission","floor":11.0,"key":"SMITH"},{"data":"Glacier","floor":15.0,"key":"SMITH"},{"data":"Double Energy","floor":23.0,"key":"SMITH"}],"neow_cost":"NONE","seed_source_timestamp":0,"circlet_count":0,"master_deck":["AscendersBane","Strike_B+1","Strike_B+1","Strike_B+1","Strike_B+1","Defend_B+1","Defend_B+1","Defend_B+1","Defend_B+1","Zap","Dualcast","Go for the Eyes","Coolheaded","Ball Lightning","White Noise","Glacier+1","Tempest","Defragment+1","Fission+1","Loop","Doom and Gloom","Ball Lightning","Reboot","Writhe","Conserve Battery","Double Energy+1","Master of Strategy","Consume+1","Reboot","Conserve Battery+1"],"special_seed":0,"relics":["Cracked Core","NeowsBlessing","Letter Opener","Boot","Centennial Puzzle","Omamori","Cables","Calling Bell","Potion Belt","Sundial","Dead Branch","The Courier","Art of War"],"potions_floor_usage":[],"damage_taken":[{"damage":0.0,"enemies":"Jaw Worm","floor":1.0,"turns":1.0},{"damage":0.0,"enemies":"Cultist","floor":3.0,"turns":1.0},{"damage":0.0,"enemies":"Small Slimes","floor":5.0,"turns":1.0},{"damage":6.0,"enemies":"Lagavulin","floor":6.0,"turns":9.0},{"damage":2.0,"enemies":"Exordium Wildlife","floor":7.0,"turns":6.0},{"damage":14.0,"enemies":"Gremlin Nob","floor":10.0,"turns":4.0},{"damage":0.0,"enemies":"Gremlin Nob","floor":12.0,"turns":3.0},{"damage":7.0,"enemies":"3 Sentries","floor":13.0,"turns":5.0},{"damage":0.0,"enemies":"Blue Slaver","floor":14.0,"turns":2.0},{"damage":0.0,"enemies":"The Guardian","floor":16.0,"turns":8.0},{"damage":18.0,"enemies":"Spheric Guardian","floor":18.0,"turns":4.0},{"damage":11.0,"enemies":"Shell Parasite","floor":20.0,"turns":4.0},{"damage":21.0,"enemies":"Slavers","floor":24.0,"turns":4.0},{"damage":0.0,"enemies":"Centurion and Healer","floor":25.0,"turns":4.0},{"damage":14,"enemies":"Snake Plant","floor":27,"turns":2}],"seed_played":"7166320003708430196","potions_obtained":[{"floor":1.0,"key":"Poison Potion"},{"floor":5.0,"key":"GamblersBrew"},{"floor":6.0,"key":"Fire Potion"},{"floor":13.0,"key":"LiquidBronze"},{"floor":24.0,"key":"SpeedPotion"}],"is_trial":false,"path_per_floor":["M","?","M","$","M","E","M","R","T","E","R","?","E","M","R","B",null,"M","$","M","?","?","R","E","M","T","M"],"character_chosen":"DEFECT","items_purchased":["Ball Lightning","White Noise","Double Energy","Master of Strategy"],"campfire_rested":0,"item_purchase_floors":[4,4,19,19],"current_hp_per_floor":[64,64,64,64,64,58,56,56,56,42,42,42,35,35,35,35,62,44,44,33,33,33,33,12,12,12,0],"gold":143,"neow_bonus":"THREE_ENEMY_KILL","is_prod":false,"is_daily":false,"chose_seed":false,"campfire_upgraded":4,"win_rate":0,"timestamp":1559161947,"path_taken":["M","?","M","$","?","E","?","R","T","E","R","?","E","M","R","BOSS","M","$","M","?","?","R","E","M","T","M"],"build_version":"2019-01-23","purchased_purges":0,"victory":false,"max_hp_per_floor":[71,71,71,71,71,71,71,71,71,71,71,71,71,71,71,71,71,71,71,71,71,71,71,71,71,71,71],"card_choices":[{"not_picked":["Skim","Barrage","Turbo"],"picked":"SKIP","floor":1.0},{"not_picked":["Steam","BootSequence"],"picked":"Coolheaded","floor":3.0},{"not_picked":["Gash","Beam Cell"],"picked":"Glacier","floor":5.0},{"not_picked":["Hello World","Barrage"],"picked":"Tempest","floor":6.0},{"not_picked":["Consume","Static Discharge"],"picked":"Defragment","floor":7.0},{"not_picked":["Barrage","Skim"],"picked":"Fission","floor":10.0},{"not_picked":["Ball Lightning","Conserve Battery"],"picked":"Loop","floor":12.0},{"not_picked":["Genetic Algorithm","Skim"],"picked":"Doom and Gloom","floor":13.0},{"not_picked":["Storm","Blizzard"],"picked":"Ball Lightning","floor":14.0},{"not_picked":["Amplify","Multi-Cast"],"picked":"Reboot","floor":16.0},{"not_picked":["Beam Cell","Hologram"],"picked":"Conserve Battery","floor":18.0},{"not_picked":["Compile Driver","Steam"],"picked":"Consume+1","floor":20.0},{"not_picked":["Scrape","Auto Shields"],"picked":"Reboot","floor":24.0},{"not_picked":["Barrage","Beam Cell"],"picked":"Conserve Battery+1","floor":25.0}],"player_experience":926059,"relics_obtained":[{"floor":6.0,"key":"Letter Opener"},{"floor":9.0,"key":"Boot"},{"floor":10.0,"key":"Centennial Puzzle"},{"floor":12.0,"key":"Omamori"},{"floor":13.0,"key":"Cables"},{"floor":17.0,"key":"Potion Belt"},{"floor":17.0,"key":"Sundial"},{"floor":17.0,"key":"Dead Branch"},{"floor":24.0,"key":"The Courier"},{"floor":26.0,"key":"Art of War"}],"event_choices":[{"damage_healed":0.0,"max_hp_gain":0.0,"max_hp_loss":0.0,"gold_gain":0.0,"event_name":"Match and Keep!","player_choice":"1 cards matched","floor":2.0,"gold_loss":0.0,"damage_taken":0.0,"cards_obtained":["Go for the Eyes"]},{"damage_healed":0.0,"max_hp_gain":0.0,"max_hp_loss":0.0,"gold_gain":0.0,"event_name":"Dead Adventurer","player_choice":"Searched \u00272\u0027 times","floor":12.0,"gold_loss":0.0,"damage_taken":0.0},{"damage_healed":0.0,"max_hp_gain":0.0,"max_hp_loss":0.0,"gold_gain":0.0,"event_name":"Back to Basics","player_choice":"Simplicity","floor":21.0,"gold_loss":0.0,"damage_taken":0.0,"cards_upgraded":["Strike_B","Strike_B","Strike_B","Strike_B","Defend_B","Defend_B","Defend_B","Defend_B"]},{"damage_healed":0.0,"max_hp_gain":0.0,"max_hp_loss":0.0,"gold_gain":0.0,"event_name":"Vampires","player_choice":"Ignored","floor":22.0,"gold_loss":0.0,"damage_taken":0.0}],"is_beta":false,"boss_relics":[{"not_picked":["Empty Cage","Runic Pyramid"],"picked":"Calling Bell"}],"items_purged_floors":[],"is_endless":false,"potions_floor_spawned":[1,5,6,13,24],"killed_by":"Snake Plant","ascension_level":17}