{"gold_per_floor":[113,126,142,162,162,162,191,206,206,239,250,250,47,47,47,152,152,164,176,10,25,25],"floor_reached":22,"playtime":3461,"items_purged":["Strike_R"],"score":218,"play_id":"93569e16-ff4d-4664-8fdc-faad5d37c1d8","local_time":"20190130235805","is_ascension_mode":true,"campfire_choices":[{"floor":6.0,"key":"RECALL"},{"floor":12.0,"key":"REST"},{"data":"Bash","floor":15,"key":"SMITH"}],"neow_cost":"NONE","seed_source_timestamp":0,"circlet_count":0,"master_deck":["Strike_R","Strike_R","Strike_R","Strike_R","Defend_R","Defend_R","Defend_R","Defend_R","Bash+1","Pommel Strike","Warcry","Spot Weakness","Rampage","Anger","Spot Weakness","Reaper","Anger","Exhume","Shrug It Off","Barricade","Clash","Armaments","Armaments","Power Through","Evolve"],"special_seed":0,"relics":["Burning Blood","Matryoshka","Paper Frog","Vajra","Anchor","Oddly Smooth Stone","Black Star"],"potions_floor_usage":[16,21,21,22],"damage_taken":[{"damage":1.0,"enemies":"Cultist","floor":1.0,"turns":3.0},{"damage":10.0,"enemies":"Small Slimes","floor":2.0,"turns":4.0},{"damage":2.0,"enemies":"Jaw Worm","floor":3.0,"turns":3.0},{"damage":18.0,"enemies":"Exordium Thugs","floor":4.0,"turns":4.0},{"damage":26.0,"enemies":"Gremlin Nob","floor":7.0,"turns":4.0},{"damage":18.0,"enemies":"2 Fungi Beasts","floor":8.0,"turns":3.0},{"damage":31.0,"enemies":"Lagavulin","floor":10.0,"turns":5.0},{"damage":6.0,"enemies":"Large Slime","floor":11.0,"turns":5.0},{"damage":37,"enemies":"Hexaghost","floor":16,"turns":9},{"damage":31,"enemies":"Shell Parasite","floor":18,"turns":7},{"damage":22,"enemies":"Spheric Guardian","floor":19,"turns":4},{"damage":70,"enemies":"3 Cultists","floor":21,"turns":6},{"damage":72,"enemies":"Chosen and Byrds","floor":22,"turns":7}],"seed_played":"1645425524565257671","potions_obtained":[{"floor":8.0,"key":"Dexterity Potion"},{"floor":10.0,"key":"SkillPotion"},{"floor":18,"key":"GamblersBrew"},{"floor":21,"key":"Energy Potion"}],"is_trial":false,"path_per_floor":["M","M","M","M","T","R","E","M","T","E","M","R","$","$","R","B",null,"M","M","$","M","M"],"character_chosen":"IRONCLAD","items_purchased":["Exhume","Regen Potion","Shrug It Off","Armaments","Power Through"],"campfire_rested":1,"item_purchase_floors":[13,13,13,20,20],"current_hp_per_floor":[88,84,88,76,76,76,56,44,44,19,29,55,55,55,55,29,88,73,57,57,60,0],"gold":25,"neow_bonus":"TEN_PERCENT_HP_BONUS","is_prod":false,"is_daily":false,"chose_seed":false,"campfire_upgraded":1,"win_rate":0,"timestamp":1548853085,"path_taken":["M","M","M","M","?","R","E","M","T","E","?","R","?","$","R","BOSS","M","M","$","M","M"],"build_version":"2019-01-23","purchased_purges":1,"victory":false,"max_hp_per_floor":[88,88,88,88,88,88,88,88,88,88,88,88,88,88,88,88,88,88,88,88,88,88],"card_choices":[{"not_picked":["Clothesline","Headbutt"],"picked":"Pommel Strike","floor":1.0},{"not_picked":["Searing Blow","Havoc"],"picked":"Warcry","floor":2.0},{"not_picked":["Shrug It Off","Havoc"],"picked":"Spot Weakness","floor":3.0},{"not_picked":["Warcry","Body Slam"],"picked":"Rampage","floor":4.0},{"not_picked":["Pommel Strike","Shrug It Off"],"picked":"Anger","floor":7.0},{"not_picked":["Searing Blow","Perfected Strike"],"picked":"Spot Weakness","floor":8.0},{"not_picked":["Pommel Strike","Metallicize"],"picked":"Reaper","floor":10.0},{"not_picked":["Twin Strike","Spot Weakness"],"picked":"Anger","floor":11.0},{"not_picked":["Dark Embrace","Bludgeon"],"picked":"Barricade","floor":16},{"not_picked":["Iron Wave","Twin Strike"],"picked":"Clash","floor":18},{"not_picked":["Pommel Strike","Shrug It Off"],"picked":"Armaments","floor":19},{"not_picked":["Clothesline","Hemokinesis+1"],"picked":"Evolve","floor":21}],"player_experience":190286,"relics_obtained":[{"floor":5.0,"key":"Matryoshka"},{"floor":7.0,"key":"Paper Frog"},{"floor":9.0,"key":"Vajra"},{"floor":9.0,"key":"Anchor"},{"floor":10.0,"key":"Oddly Smooth Stone"}],"event_choices":[],"is_beta":false,"boss_relics":[{"not_picked":["Tiny House","Busted Crown"],"picked":"Black Star"}],"items_purged_floors":[20],"is_endless":false,"potions_floor_spawned":[8,10,18,21],"killed_by":"Chosen and Byrds","ascension_level":2}