{"gold_per_floor":[109,54,65,65,78,107,107,125,171,182,192,192,192,223,223,319,319,287,287],"floor_reached":19,"playtime":1044,"items_purged":[],"score":322,"play_id":"b7bb6d63-6f98-4a76-9921-35ebaceb593e","local_time":"20190530015725","is_ascension_mode":true,"campfire_choices":[{"floor":7,"key":"REST"},{"floor":13,"key":"REST"},{"floor":15,"key":"REST"}],"neow_cost":"NONE","seed_source_timestamp":23503267744926,"circlet_count":0,"master_deck":["AscendersBane","Strike_R","Strike_R","Strike_R","Strike_R","Strike_R","Defend_R","Defend_R","Defend_R","Defend_R","Bash+1","Pommel Strike","Armaments","True Grit","Fiend Fire","Flex","Headbutt","Uppercut","Intimidate","Clothesline","Reaper","Spot Weakness"],"relics":["Burning Blood","Kunai","PreservedInsect","Blood Vial","Golden Idol","Red Skull","Black Star"],"potions_floor_usage":[10,11,14,16],"damage_taken":[{"damage":1,"enemies":"Cultist","floor":1,"turns":3},{"damage":10,"enemies":"2 Louse","floor":3,"turns":3},{"damage":2,"enemies":"Jaw Worm","floor":5,"turns":5},{"damage":27,"enemies":"3 Sentries","floor":6,"turns":15},{"damage":6,"enemies":"Looter","floor":8,"turns":4},{"damage":15,"enemies":"Large Slime","floor":10,"turns":7},{"damage":10,"enemies":"Gremlin Gang","floor":11,"turns":5},{"damage":35,"enemies":"Lagavulin","floor":14,"turns":6},{"damage":36,"enemies":"The Guardian","floor":16,"turns":14},{"damage":39,"enemies":"2 Thieves","floor":18,"turns":5},{"damage":65,"enemies":"Masked Bandits","floor":19,"turns":3}],"seed_played":"451762460763239458","potions_obtained":[{"floor":3,"key":"Energy Potion"},{"floor":6,"key":"SkillPotion"},{"floor":11,"key":"LiquidBronze"},{"floor":14,"key":"Fruit Juice"}],"is_trial":false,"path_per_floor":["M","$","M","?","M","E","R","M","T","M","M","?","R","E","R","B",null,"M","?"],"character_chosen":"IRONCLAD","items_purchased":["Armaments"],"campfire_rested":3,"item_purchase_floors":[2],"current_hp_per_floor":[73,73,69,43,47,26,48,48,48,41,39,13,35,13,37,9,62,49,0],"gold":287,"neow_bonus":"UPGRADE_CARD","is_prod":false,"is_daily":false,"chose_seed":false,"campfire_upgraded":0,"win_rate":0,"timestamp":1559174245,"path_taken":["M","$","?","?","M","E","R","M","T","M","M","?","R","E","R","BOSS","M","?"],"build_version":"2019-01-23","purchased_purges":0,"victory":false,"max_hp_per_floor":[75,75,75,75,75,75,75,75,75,75,75,75,75,80,80,80,80,80,80],"card_choices":[{"not_picked":["Clash","Warcry"],"picked":"Pommel Strike","floor":1},{"not_picked":["Wild Strike","Burning Pact"],"picked":"True Grit","floor":3},{"not_picked":["Dual Wield","Sword Boomerang"],"picked":"Fiend Fire","floor":5},{"not_picked":["Metallicize","Seeing Red"],"picked":"Flex","floor":6},{"not_picked":["Anger","Pummel"],"picked":"Headbutt","floor":8},{"not_picked":["Thunderclap","Body Slam"],"picked":"Uppercut","floor":10},{"not_picked":["Cleave","Heavy Blade"],"picked":"Intimidate","floor":11},{"not_picked":["Sentinel","Whirlwind"],"picked":"Clothesline","floor":14},{"not_picked":["Bludgeon","Double Tap"],"picked":"Reaper","floor":16},{"not_picked":["True Grit","Hemokinesis"],"picked":"Spot Weakness","floor":18}],"player_experience":711949,"relics_obtained":[{"floor":6,"key":"PreservedInsect"},{"floor":9,"key":"Blood Vial"},{"floor":14,"key":"Red Skull"}],"event_choices":[{"damage_healed":0,"gold_gain":0,"player_choice":"Success","damage_taken":26,"relics_obtained":["Kunai"],"max_hp_gain":0,"max_hp_loss":0,"event_name":"Scrap Ooze","floor":4,"gold_loss":0},{"damage_healed":0,"gold_gain":0,"player_choice":"Take Damage","damage_taken":26,"relics_obtained":["Golden Idol"],"max_hp_gain":0,"max_hp_loss":0,"event_name":"Golden Idol","floor":12,"gold_loss":0},{"damage_healed":0,"gold_gain":0,"player_choice":"Fought Bandits","damage_taken":0,"max_hp_gain":0,"max_hp_loss":0,"event_name":"Masked Bandits","floor":19,"gold_loss":0}],"is_beta":false,"boss_relics":[{"not_picked":["Runic Cube","Cursed Key"],"picked":"Black Star"}],"items_purged_floors":[],"is_endless":false,"potions_floor_spawned":[3,6,11,14],"killed_by":"Masked Bandits","ascension_level":16}