{"gold_per_floor":[110,126,126,144,144,144,64,89,89,99,118,128,128,128,128,256,256,247,247],"floor_reached":19,"playtime":4501,"items_purged":[],"score":194,"play_id":"fdd7220c-0977-4f6b-bba3-087e2ec0b827","local_time":"20190215151903","is_ascension_mode":true,"campfire_choices":[{"data":"Endless Agony","floor":6.0,"key":"SMITH"},{"floor":15.0,"key":"REST"}],"neow_cost":"NONE","seed_source_timestamp":0,"circlet_count":0,"master_deck":["Defend_G","Defend_G","Defend_G","Defend_G","Defend_G","Strike_G","Strike_G","Strike_G","Strike_G","Strike_G","Survivor","Neutralize","Skewer+1","Endless Agony+1","Dash","Decay","Adrenaline","Blade Dance","Concentrate","Underhanded Strike","Infinite Blades","Injury","Venomology","Underhanded Strike"],"special_seed":0,"relics":["Ring of the Snake","NeowsBlessing","Gambling Chip","Dodecahedron","Regal Pillow","Golden Idol","Black Star"],"potions_floor_usage":[],"damage_taken":[{"damage":0.0,"enemies":"Jaw Worm","floor":1.0,"turns":1.0},{"damage":0.0,"enemies":"Cultist","floor":2.0,"turns":1.0},{"damage":0.0,"enemies":"Small Slimes","floor":4.0,"turns":1.0},{"damage":26.0,"enemies":"Lagavulin","floor":8.0,"turns":6.0},{"damage":19.0,"enemies":"Gremlin Gang","floor":10.0,"turns":4.0},{"damage":0.0,"enemies":"Blue Slaver","floor":11.0,"turns":3.0},{"damage":0.0,"enemies":"Looter","floor":12.0,"turns":3.0},{"damage":39.0,"enemies":"Hexaghost","floor":16.0,"turns":11.0},{"damage":9.0,"enemies":"2 Thieves","floor":18.0,"turns":4.0},{"damage":0,"enemies":"Chosen","floor":19,"turns":1}],"seed_played":"6434901702365435384","potions_obtained":[{"floor":2.0,"key":"Poison Potion"},{"floor":4.0,"key":"Regen Potion"},{"floor":11.0,"key":"SteroidPotion"},{"floor":16.0,"key":"Fire Potion"}],"is_trial":false,"path_per_floor":["M","M","?","M","?","R","$","E","T","M","M","M","?","?","R","B",null,"M","M"],"character_chosen":"THE_SILENT","items_purchased":["Adrenaline"],"campfire_rested":1,"item_purchase_floors":[7],"current_hp_per_floor":[70,70,70,70,70,70,70,44,44,25,25,25,7,7,43,19,70,61,61],"gold":247,"neow_bonus":"THREE_ENEMY_KILL","is_prod":false,"is_daily":false,"chose_seed":false,"campfire_upgraded":1,"win_rate":0,"timestamp":1550204343,"path_taken":["M","M","?","?","?","R","$","E","T","?","M","?","?","?","R","BOSS","M","M"],"build_version":"2019-01-23","purchased_purges":0,"victory":false,"max_hp_per_floor":[70,70,70,70,70,70,70,70,70,70,70,70,70,70,70,70,70,70,70],"card_choices":[{"not_picked":["Quick Slash","Distraction"],"picked":"Skewer","floor":1.0},{"not_picked":["Poisoned Stab","Bane"],"picked":"Endless Agony","floor":2.0},{"not_picked":["Deadly Poison","Sucker Punch"],"picked":"Dash","floor":4.0},{"not_picked":["Riddle With Holes","Blur"],"picked":"Blade Dance","floor":8.0},{"not_picked":["Deadly Poison","Accuracy"],"picked":"Concentrate","floor":10.0},{"not_picked":["Heel Hook","Well Laid Plans"],"picked":"Underhanded Strike","floor":11.0},{"not_picked":["Prepared","Night Terror"],"picked":"Infinite Blades","floor":12.0},{"not_picked":["Night Terror","Phantasmal Killer"],"picked":"Venomology","floor":16.0},{"not_picked":["Backflip","Terror"],"picked":"Underhanded Strike","floor":18.0}],"player_experience":493002,"relics_obtained":[{"floor":8.0,"key":"Gambling Chip"},{"floor":9.0,"key":"Dodecahedron"}],"event_choices":[{"damage_healed":0.0,"max_hp_gain":0.0,"max_hp_loss":0.0,"gold_gain":0.0,"event_name":"Upgrade Shrine","player_choice":"Upgraded","floor":3.0,"gold_loss":0.0,"damage_taken":0.0,"cards_upgraded":["Skewer"]},{"damage_healed":0.0,"max_hp_gain":0.0,"max_hp_loss":0.0,"gold_gain":0.0,"event_name":"Wheel of Change","player_choice":"Cursed","floor":5.0,"gold_loss":0.0,"damage_taken":0.0,"cards_obtained":["Decay"]},{"damage_healed":0.0,"max_hp_gain":0.0,"max_hp_loss":0.0,"gold_gain":0.0,"event_name":"Scrap Ooze","player_choice":"Success","floor":13.0,"gold_loss":0.0,"damage_taken":18.0,"relics_obtained":["Regal Pillow"]},{"damage_healed":0.0,"max_hp_gain":0.0,"max_hp_loss":0.0,"gold_gain":0.0,"event_name":"Golden Idol","player_choice":"Take Wound","floor":14.0,"gold_loss":0.0,"damage_taken":0.0,"relics_obtained":["Golden Idol"],"cards_obtained":["Injury"]}],"is_beta":false,"boss_relics":[{"not_picked":["Lizard Tail","Ectoplasm"],"picked":"Black Star"}],"items_purged_floors":[],"is_endless":false,"potions_floor_spawned":[2,4,11,16],"killed_by":"Chosen","ascension_level":3}