{"gold_per_floor":[116,127,137,156,156,190,190,225,225,245,275,275,275,275,275,379,379,398,410,31,31,31,62,78,78,78,96,96,108,108,168,168,265,265,275,275,275,289,289,289],"floor_reached":40,"playtime":1716,"items_purged":["Strike_B"],"score":466,"play_id":"3a79d8f7-fef6-4365-87f6-fe76aefa59b7","local_time":"20190508175130","is_ascension_mode":true,"campfire_choices":[{"floor":7.0,"key":"REST"},{"floor":13.0,"key":"REST"},{"data":"Defragment","floor":15.0,"key":"SMITH"},{"floor":25.0,"key":"REST"},{"floor":30.0,"key":"REST"},{"floor":32.0,"key":"REST"}],"neow_cost":"TEN_PERCENT_HP_LOSS","seed_source_timestamp":1185191053953980,"circlet_count":0,"master_deck":["Strike_B","Defend_B","Defend_B","Zap","Dualcast","Capacitor","Defragment+1","Undo","Ball Lightning","Machine Learning","Consume+1","Conserve Battery","White Noise","Glacier","Echo Form","Darkness","Ball Lightning+1","Finesse","Coolheaded","Buffer","Self Repair","Coolheaded"],"special_seed":0,"relics":["Cracked Core","Bag of Preparation","Symbiotic Virus","Kunai","The Courier","Orrery","Membership Card","Anchor","Nloth\u0027s Gift","Blue Candle","Incense Burner","Tiny Chest","Runic Dome"],"potions_floor_usage":[],"damage_taken":[{"damage":1.0,"enemies":"Cultist","floor":1.0,"turns":3.0},{"damage":0.0,"enemies":"2 Louse","floor":2.0,"turns":2.0},{"damage":0.0,"enemies":"Small Slimes","floor":3.0,"turns":4.0},{"damage":18.0,"enemies":"2 Fungi Beasts","floor":4.0,"turns":4.0},{"damage":50.0,"enemies":"Gremlin Nob","floor":6.0,"turns":5.0},{"damage":13.0,"enemies":"Lagavulin","floor":8.0,"turns":7.0},{"damage":2.0,"enemies":"3 Louse","floor":10.0,"turns":7.0},{"damage":32.0,"enemies":"Gremlin Nob","floor":11.0,"turns":4.0},{"damage":17.0,"enemies":"Slime Boss","floor":16.0,"turns":4.0},{"damage":0.0,"enemies":"Spheric Guardian","floor":18.0,"turns":3.0},{"damage":10.0,"enemies":"3 Byrds","floor":19.0,"turns":3.0},{"damage":30.0,"enemies":"Slavers","floor":23.0,"turns":5.0},{"damage":17.0,"enemies":"Snake Plant","floor":24.0,"turns":4.0},{"damage":14.0,"enemies":"Chosen and Byrds","floor":27.0,"turns":5.0},{"damage":6.0,"enemies":"Snecko","floor":29.0,"turns":6.0},{"damage":30.0,"enemies":"Gremlin Leader","floor":31.0,"turns":7.0},{"damage":10.0,"enemies":"Collector","floor":33.0,"turns":13.0},{"damage":0,"enemies":"Orb Walker","floor":35,"turns":5},{"damage":0,"enemies":"3 Shapes","floor":38,"turns":6},{"damage":77,"enemies":"Reptomancer","floor":40,"turns":5}],"seed_played":"-8207928250577994399","potions_obtained":[{"floor":1.0,"key":"Regen Potion"},{"floor":3.0,"key":"Strength Potion"},{"floor":8.0,"key":"Regen Potion"},{"floor":11.0,"key":"GamblersBrew"},{"floor":16.0,"key":"Fire Potion"},{"floor":18.0,"key":"EntropicBrew"},{"floor":19.0,"key":"EssenceOfSteel"},{"floor":23.0,"key":"LiquidBronze"},{"floor":27.0,"key":"Poison Potion"}],"is_trial":false,"path_per_floor":["M","M","M","M","?","E","R","E","T","M","E","?","R","?","R","B",null,"M","M","$","?","$","E","M","R","T","M","?","M","R","E","R","B",null,"M","?","T","M","?","E"],"character_chosen":"DEFECT","items_purchased":["Membership Card","Finesse","Anchor","Coolheaded","Potion Belt"],"campfire_rested":5,"item_purchase_floors":[20,20,20,20,20],"current_hp_per_floor":[67,67,67,49,54,4,25,12,12,55,23,16,37,37,37,20,73,73,63,63,63,63,33,16,37,37,23,23,24,45,22,43,47,73,73,73,73,73,73,0],"gold":289,"neow_bonus":"REMOVE_TWO","is_prod":false,"is_daily":false,"chose_seed":false,"campfire_upgraded":1,"win_rate":0,"timestamp":1557359490,"path_taken":["M","?","?","M","?","E","R","E","T","M","E","?","R","?","R","BOSS","M","M","$","?","$","E","?","R","T","M","?","M","R","E","R","BOSS","M","?","?","M","?","E"],"build_version":"2019-01-23","purchased_purges":1,"victory":false,"max_hp_per_floor":[68,68,68,68,73,73,73,73,73,73,73,73,73,73,73,73,73,73,73,73,73,73,73,73,73,73,73,73,73,73,73,73,73,73,73,73,73,73,73,73],"card_choices":[{"not_picked":["Recycle","Double Energy"],"picked":"Capacitor","floor":1.0},{"not_picked":["Hello World","Gash"],"picked":"Defragment","floor":2.0},{"not_picked":["Beam Cell","Barrage"],"picked":"Undo","floor":3.0},{"not_picked":["Streamline","Barrage","Beam Cell"],"picked":"SKIP","floor":4.0},{"not_picked":["Redo","Stack"],"picked":"Ball Lightning","floor":6.0},{"not_picked":["Stack","Gash"],"picked":"Machine Learning","floor":8.0},{"not_picked":["Doom and Gloom","Gash"],"picked":"Consume","floor":10.0},{"not_picked":["Turbo","Beam Cell"],"picked":"Conserve Battery","floor":11.0},{"not_picked":["BootSequence","Chaos"],"picked":"White Noise","floor":17.0},{"not_picked":["Heatsinks","Sunder"],"picked":"Glacier","floor":17.0},{"not_picked":["Gash","Barrage"],"picked":"Echo Form","floor":17.0},{"not_picked":["Stack","Gash"],"picked":"Darkness","floor":18.0},{"not_picked":["Leap+1","Sweeping Beam"],"picked":"Ball Lightning+1","floor":19.0},{"not_picked":["Leap+1","Go for the Eyes+1"],"picked":"Buffer","floor":23.0},{"not_picked":["Auto Shields","Tempest","Aggregate"],"picked":"SKIP","floor":24.0},{"not_picked":["BootSequence","Ball Lightning+1"],"picked":"Self Repair","floor":27.0},{"not_picked":["Rebound+1","Turbo","Ball Lightning"],"picked":"SKIP","floor":29.0},{"not_picked":["Static Discharge","Thunder Strike","Steam+1"],"picked":"SKIP","floor":31.0},{"not_picked":["Barrage+1","Rebound"],"picked":"Coolheaded","floor":35},{"not_picked":["Lockon+1","Streamline","Gash"],"picked":"SKIP","floor":38}],"player_experience":889361,"relics_obtained":[{"floor":6.0,"key":"Bag of Preparation"},{"floor":8.0,"key":"Symbiotic Virus"},{"floor":9.0,"key":"Kunai"},{"floor":11.0,"key":"The Courier"},{"floor":23.0,"key":"Blue Candle"},{"floor":26.0,"key":"Incense Burner"},{"floor":31.0,"key":"Tiny Chest"}],"event_choices":[{"damage_healed":0.0,"max_hp_gain":5.0,"max_hp_loss":0.0,"gold_gain":0.0,"event_name":"Big Fish","player_choice":"Donut","floor":5.0,"gold_loss":0.0,"damage_taken":0.0},{"cards_removed":["Strike_B"],"damage_healed":0.0,"max_hp_gain":0.0,"max_hp_loss":0.0,"gold_gain":0.0,"event_name":"Golden Wing","player_choice":"Card Removal","floor":12.0,"gold_loss":0.0,"damage_taken":7.0},{"damage_healed":0.0,"max_hp_gain":0.0,"max_hp_loss":0.0,"gold_gain":0.0,"event_name":"Living Wall","player_choice":"Grow","floor":14.0,"gold_loss":0.0,"damage_taken":0.0,"cards_upgraded":["Consume"]},{"damage_healed":0.0,"max_hp_gain":0.0,"max_hp_loss":0.0,"gold_gain":0.0,"event_name":"N\u0027loth","player_choice":"Traded Relic","floor":21.0,"relics_lost":["Potion Belt"],"gold_loss":0.0,"damage_taken":0.0,"relics_obtained":["Nloth\u0027s Gift"]},{"damage_healed":0.0,"max_hp_gain":0.0,"max_hp_loss":0.0,"gold_gain":0.0,"event_name":"Vampires","player_choice":"Ignored","floor":28.0,"gold_loss":0.0,"damage_taken":0.0},{"damage_healed":0,"gold_gain":0,"player_choice":"Ignored","damage_taken":0,"max_hp_gain":0,"max_hp_loss":0,"event_name":"Tomb of Lord Red Mask","floor":36,"gold_loss":0},{"cards_removed":["Defend_B"],"damage_healed":0,"gold_gain":0,"player_choice":"Offered Basic","damage_taken":0,"max_hp_gain":0,"max_hp_loss":0,"event_name":"Bonfire Elementals","floor":39,"gold_loss":0}],"is_beta":false,"boss_relics":[{"not_picked":["Calling Bell","Lizard Tail"],"picked":"Orrery"},{"not_picked":["Coffee Dripper","Velvet Choker"],"picked":"Runic Dome"}],"items_purged_floors":[20],"is_endless":false,"potions_floor_spawned":[1,3,8,11,16,18,19,23,27],"killed_by":"Reptomancer","ascension_level":1}