{"gold_per_floor":[119,119,119,132,149,149,181,16,16,16,16,54,54,67,67,193,193,209,13,38,38,52,52,91,91,138,153,252,275,315,366,366,491,491,510,35,160,221,554,554,572,572,572,582,612,612,643,657,657,657,657,657,46,79,79],"floor_reached":56,"playtime":2699,"items_purged":["Defend_G","Strike_G","Strike_G"],"score":1399,"play_id":"20051698-d119-46f2-8f0a-74f1b984ad0e","local_time":"20190508183856","is_ascension_mode":true,"campfire_choices":[{"data":"Neutralize","floor":6.0,"key":"SMITH"},{"data":"Apotheosis","floor":10.0,"key":"SMITH"},{"data":"Neutralize","floor":15.0,"key":"SMITH"},{"data":"Cloak And Dagger","floor":23.0,"key":"SMITH"},{"data":"Phantasmal Killer","floor":25.0,"key":"SMITH"},{"floor":32.0,"key":"REST"},{"floor":40.0,"key":"REST"},{"floor":42.0,"key":"RECALL"},{"data":"Malaise","floor":49.0,"key":"SMITH"},{"data":"Footwork","floor":52.0,"key":"SMITH"}],"neow_cost":"NONE","seed_source_timestamp":1186937575946611,"circlet_count":0,"master_deck":["Defend_G","Defend_G+1","Defend_G+1","Strike_G+1","Strike_G","Survivor+1","Neutralize+1","Neutralize+1","Finesse","Blur","Caltrops","Flying Knee","Apotheosis+1","Flying Knee","Skewer","Caltrops","Phantasmal Killer+1","Cloak And Dagger+1","Noxious Fumes","Escape Plan","Blade Dance+1","Malaise+1","Well Laid Plans+1","Footwork+1","Outmaneuver+1","Heel Hook+1","Backflip","Cloak And Dagger+1"],"special_seed":0,"relics":["Ring of the Snake","Shuriken","Lantern","War Paint","Philosopher\u0027s Stone","Bag of Preparation","Blood Vial","Centennial Puzzle","PreservedInsect","Ancient Tea Set","Busted Crown","Thread and Needle","Dead Branch","Turnip","The Specimen","Dream Catcher","Bottled Flame","Bottled Lightning","TheAbacus","Ice Cream"],"potions_floor_usage":[55,55,55],"damage_taken":[{"damage":2.0,"enemies":"Small Slimes","floor":1.0,"turns":4.0},{"damage":0.0,"enemies":"Cultist","floor":4.0,"turns":3.0},{"damage":0.0,"enemies":"2 Louse","floor":5.0,"turns":2.0},{"damage":24.0,"enemies":"Gremlin Nob","floor":7.0,"turns":5.0},{"damage":0.0,"enemies":"Lagavulin","floor":12.0,"turns":6.0},{"damage":5.0,"enemies":"Exordium Thugs","floor":14.0,"turns":5.0},{"damage":2.0,"enemies":"Hexaghost","floor":16.0,"turns":9.0},{"damage":0.0,"enemies":"3 Byrds","floor":18.0,"turns":3.0},{"damage":0.0,"enemies":"2 Thieves","floor":22.0,"turns":4.0},{"damage":8.0,"enemies":"Gremlin Leader","floor":24.0,"turns":6.0},{"damage":6.0,"enemies":"Shelled Parasite and Fungi","floor":27.0,"turns":4.0},{"damage":7.0,"enemies":"Sentry and Sphere","floor":29.0,"turns":4.0},{"damage":24.0,"enemies":"Slavers","floor":30.0,"turns":4.0},{"damage":38.0,"enemies":"Collector","floor":33.0,"turns":8.0},{"damage":11.0,"enemies":"3 Darklings","floor":35.0,"turns":4.0},{"damage":0.0,"enemies":"Mind Bloom Boss Battle","floor":37.0,"turns":5.0},{"damage":19.0,"enemies":"2 Orb Walkers","floor":38.0,"turns":2.0},{"damage":0.0,"enemies":"3 Shapes","floor":41.0,"turns":5.0},{"damage":0.0,"enemies":"Transient","floor":44.0,"turns":5.0},{"damage":0.0,"enemies":"Giant Head","floor":45.0,"turns":5.0},{"damage":13.0,"enemies":"Nemesis","floor":47.0,"turns":6.0},{"damage":4.0,"enemies":"Jaw Worm Horde","floor":48.0,"turns":4.0},{"damage":23.0,"enemies":"Donu and Deca","floor":50.0,"turns":8.0},{"damage":0,"enemies":"Shield and Spear","floor":54,"turns":4},{"damage":52,"enemies":"The Heart","floor":55,"turns":7}],"seed_played":"-2398883465071859241","potions_obtained":[{"floor":5.0,"key":"Weak Potion"},{"floor":14.0,"key":"LiquidBronze"},{"floor":16.0,"key":"LiquidBronze"},{"floor":27.0,"key":"LiquidBronze"},{"floor":30.0,"key":"Swift Potion"},{"floor":37.0,"key":"SpeedPotion"},{"floor":38.0,"key":"SteroidPotion"},{"floor":44.0,"key":"PowerPotion"},{"floor":48.0,"key":"GhostInAJar"}],"is_trial":false,"path_per_floor":["M","?","?","M","M","R","E","$","T","R","?","E","?","M","R","B",null,"M","$","T","?","M","R","E","R","T","M","?","M","E","T","R","B",null,"M","$","?","?","?","R","M","R","T","M","E","?","E","M","R","B",null,"R","$","E","B",null],"character_chosen":"THE_SILENT","items_purchased":["Apotheosis","Cloak And Dagger","Noxious Fumes","Thread and Needle","Footwork","Bottled Lightning","Backflip","TheAbacus"],"campfire_rested":2,"item_purchase_floors":[8,19,19,36,36,53,53,53],"current_hp_per_floor":[68,54,54,54,54,54,30,30,30,30,30,30,30,25,25,23,65,65,65,65,65,65,65,57,57,57,53,53,48,26,26,45,9,65,54,54,56,39,39,58,60,60,60,62,64,64,52,50,50,29,65,65,65,65,13],"gold":79,"neow_bonus":"REMOVE_CARD","is_prod":false,"is_daily":false,"chose_seed":false,"campfire_upgraded":7,"win_rate":0,"timestamp":1557362336,"path_taken":["M","?","?","M","?","R","E","$","T","R","?","E","?","?","R","BOSS","M","$","?","?","?","R","E","R","T","M","?","M","E","?","R","BOSS","M","$","?","?","?","R","M","R","T","?","E","?","E","M","R","BOSS","R","$","E","BOSS"],"build_version":"2019-01-23","purchased_purges":3,"victory":true,"max_hp_per_floor":[70,70,70,70,70,70,70,70,70,70,65,65,65,65,65,65,65,65,65,65,65,65,65,65,65,65,65,65,65,65,65,65,65,65,65,65,65,65,65,65,65,65,65,65,65,65,65,65,65,65,65,65,65,65,65],"card_choices":[{"not_picked":["Prepared","Reflex"],"picked":"Deflect","floor":1.0},{"not_picked":["Reflex","Infinite Blades"],"picked":"Blur","floor":4.0},{"not_picked":["Terror","Dodge and Roll"],"picked":"Caltrops","floor":5.0},{"not_picked":["Doppelganger","Finisher"],"picked":"Flying Knee","floor":7.0},{"not_picked":["Outmaneuver","Tactician"],"picked":"Flying Knee","floor":12.0},{"not_picked":["Well Laid Plans","Flechettes"],"picked":"Caltrops","floor":14.0},{"not_picked":["Storm of Steel","Doppelganger"],"picked":"Phantasmal Killer","floor":16.0},{"not_picked":["Concentrate","Outmaneuver","Eviscerate"],"picked":"SKIP","floor":18.0},{"not_picked":["Prepared","Deadly Poison","Dodge and Roll"],"picked":"SKIP","floor":22.0},{"not_picked":["Prepared","Deadly Poison","Dodge and Roll"],"picked":"SKIP","floor":22.0},{"not_picked":["Bouncing Flask+1","Predator"],"picked":"Escape Plan","floor":24.0},{"not_picked":["Deflect","Escape Plan"],"picked":"Blade Dance","floor":27.0},{"not_picked":["Venomology","Bane","Dagger Spray"],"picked":"SKIP","floor":29.0},{"not_picked":["Crippling Poison+1","Dagger Throw","Dagger Spray+1"],"picked":"SKIP","floor":30.0},{"not_picked":["Die Die Die","Wraith Form v2"],"picked":"Malaise","floor":33.0},{"not_picked":[],"picked":"Well Laid Plans+1","floor":35.0},{"not_picked":[],"picked":"Outmaneuver+1","floor":38.0},{"not_picked":["Tactician"],"picked":"SKIP","floor":41.0},{"not_picked":["Prepared+1"],"picked":"SKIP","floor":44.0},{"not_picked":["Bane"],"picked":"SKIP","floor":45.0},{"not_picked":["Dagger Spray+1"],"picked":"SKIP","floor":47.0},{"not_picked":[],"picked":"Heel Hook+1","floor":48.0},{"not_picked":[],"picked":"Cloak And Dagger+1","floor":54}],"player_experience":891077,"relics_obtained":[{"floor":7.0,"key":"Shuriken"},{"floor":9.0,"key":"Lantern"},{"floor":12.0,"key":"War Paint"},{"floor":20.0,"key":"Bag of Preparation"},{"floor":24.0,"key":"Centennial Puzzle"},{"floor":26.0,"key":"PreservedInsect"},{"floor":30.0,"key":"Ancient Tea Set"},{"floor":37.0,"key":"Dead Branch"},{"floor":38.0,"key":"Turnip"},{"floor":43.0,"key":"The Specimen"},{"floor":45.0,"key":"Dream Catcher"},{"floor":47.0,"key":"Bottled Flame"},{"floor":54,"key":"Ice Cream"}],"event_choices":[{"damage_healed":0.0,"max_hp_gain":0.0,"max_hp_loss":0.0,"gold_gain":0.0,"event_name":"Shining Light","player_choice":"Entered Light","floor":2.0,"gold_loss":0.0,"damage_taken":14.0,"cards_upgraded":["Strike_G","Defend_G"]},{"damage_healed":0.0,"max_hp_gain":0.0,"max_hp_loss":0.0,"gold_gain":0.0,"event_name":"Match and Keep!","player_choice":"2 cards matched","floor":3.0,"gold_loss":0.0,"damage_taken":0.0,"cards_obtained":["Neutralize","Finesse"]},{"damage_healed":0.0,"max_hp_gain":0.0,"max_hp_loss":5.0,"gold_gain":0.0,"event_name":"Golden Idol","player_choice":"Lose Max HP","floor":11.0,"gold_loss":0.0,"damage_taken":0.0,"relics_obtained":["Golden Idol"]},{"damage_healed":0.0,"max_hp_gain":0.0,"max_hp_loss":0.0,"gold_gain":0.0,"cards_transformed":["Strike_G"],"event_name":"Transmorgrifier","player_choice":"Transformed","floor":13.0,"gold_loss":0.0,"damage_taken":0.0,"cards_obtained":["Skewer"]},{"cards_removed":["Deflect"],"damage_healed":0.0,"max_hp_gain":0.0,"max_hp_loss":0.0,"gold_gain":0.0,"event_name":"WeMeetAgain","player_choice":"Gave Card","floor":21.0,"gold_loss":0.0,"damage_taken":0.0,"relics_obtained":["Blood Vial"]},{"damage_healed":0.0,"max_hp_gain":0.0,"max_hp_loss":0.0,"gold_gain":99.0,"event_name":"Nest","player_choice":"Stole From Cult","floor":28.0,"gold_loss":0.0,"damage_taken":0.0},{"damage_healed":0.0,"max_hp_gain":0.0,"max_hp_loss":0.0,"gold_gain":0.0,"event_name":"MindBloom","player_choice":"Fight","floor":37.0,"gold_loss":0.0,"damage_taken":0.0},{"damage_healed":0.0,"max_hp_gain":0.0,"max_hp_loss":0.0,"gold_gain":0.0,"event_name":"Mysterious Sphere","player_choice":"Fight","floor":38.0,"gold_loss":0.0,"damage_taken":0.0},{"damage_healed":0.0,"max_hp_gain":0.0,"max_hp_loss":0.0,"gold_gain":333.0,"event_name":"The Moai Head","player_choice":"Gave Idol","floor":39.0,"relics_lost":["Golden Idol"],"gold_loss":0.0,"damage_taken":0.0},{"damage_healed":0.0,"max_hp_gain":0.0,"max_hp_loss":0.0,"gold_gain":0.0,"event_name":"Accursed Blacksmith","player_choice":"Forge","floor":46.0,"gold_loss":0.0,"damage_taken":0.0,"cards_upgraded":["Blade Dance"]}],"is_beta":false,"boss_relics":[{"not_picked":["Calling Bell","Velvet Choker"],"picked":"Philosopher\u0027s Stone"},{"not_picked":["Runic Dome","Coffee Dripper"],"picked":"Busted Crown"}],"items_purged_floors":[19,36,53],"is_endless":false,"potions_floor_spawned":[5,14,16,27,30,37,38,44,47,48,54],"ascension_level":1}