{"gold_per_floor":[113,43,43,60,74,74,89,89,138,138,108,133,143,168,168,264,264,274,6,18,18,18,18,34,34,34,34,53,81,81,10,10,113,113,124,124,139,139,149,149,182,5,5,5,5,25,25,41,41,41],"floor_reached":50,"playtime":3734,"items_purged":["Decay","Shame"],"score":731,"play_id":"9f943a5c-4b03-45d5-9ad1-8e5c20ca7c63","local_time":"20190513141936","is_ascension_mode":true,"campfire_choices":[{"data":"Metamorphosis","floor":6.0,"key":"SMITH"},{"data":"Hello World","floor":8.0,"key":"SMITH"},{"data":"Turbo","floor":10.0,"key":"SMITH"},{"data":"Static Discharge","floor":15.0,"key":"SMITH"},{"floor":23.0,"key":"REST"},{"floor":25.0,"key":"REST"},{"data":"Storm","floor":27.0,"key":"SMITH"},{"floor":32.0,"key":"REST"},{"data":"Defragment","floor":40,"key":"SMITH"},{"data":"Capacitor","floor":47,"key":"SMITH"},{"data":"Seek","floor":49,"key":"SMITH"}],"neow_cost":"TEN_PERCENT_HP_LOSS","seed_source_timestamp":79180394623525,"circlet_count":0,"master_deck":["Strike_B+1","Strike_B","Strike_B+1","Strike_B","Defend_B","Defend_B","Defend_B","Defend_B","Zap","Dualcast","Trip","Metamorphosis+1","Hello World+1","Coolheaded","Turbo+1","Regret","Glacier","Streamline","Conserve Battery","Sunder","Static Discharge+1","BootSequence","Seek+1","Parasite","Writhe","Storm+1","Melter","Chaos","Double Energy+1","Gash+1","Self Repair","Reboot","Defragment+1","Panache","Bandage Up","Parasite","Capacitor+1","Capacitor+1","Turbo+1","Barrage+1"],"special_seed":0,"relics":["Cracked Core","Pen Nib","Anchor","Bag of Preparation","Whetstone","Calling Bell","Juzu Bracelet","Ornamental Fan","Du-Vu Doll","MealTicket","Enchiridion","Art of War","Singing Bowl","Oddly Smooth Stone","Bag of Marbles","Sozu","NlothsMask","Toxic Egg 2"],"potions_floor_usage":[33,33],"damage_taken":[{"damage":0.0,"enemies":"Jaw Worm","floor":1.0,"turns":3.0},{"damage":1.0,"enemies":"Small Slimes","floor":4.0,"turns":3.0},{"damage":5.0,"enemies":"Cultist","floor":5.0,"turns":4.0},{"damage":0.0,"enemies":"Exordium Thugs","floor":7.0,"turns":3.0},{"damage":6.0,"enemies":"3 Sentries","floor":12.0,"turns":3.0},{"damage":15.0,"enemies":"Looter","floor":13.0,"turns":3.0},{"damage":0.0,"enemies":"Gremlin Nob","floor":14.0,"turns":2.0},{"damage":12.0,"enemies":"The Guardian","floor":16.0,"turns":4.0},{"damage":17.0,"enemies":"3 Byrds","floor":18.0,"turns":3.0},{"damage":0.0,"enemies":"Chosen","floor":20.0,"turns":3.0},{"damage":22.0,"enemies":"Snecko","floor":24.0,"turns":3.0},{"damage":4.0,"enemies":"Snake Plant","floor":28.0,"turns":3.0},{"damage":27.0,"enemies":"Gremlin Leader","floor":29.0,"turns":4.0},{"damage":28,"enemies":"Champ","floor":33,"turns":5},{"damage":1,"enemies":"Orb Walker","floor":35,"turns":2},{"damage":2,"enemies":"3 Shapes","floor":37,"turns":3},{"damage":8,"enemies":"Writhing Mass","floor":39,"turns":4},{"damage":36,"enemies":"Giant Head","floor":41,"turns":7},{"damage":13,"enemies":"Transient","floor":46,"turns":5},{"damage":0,"enemies":"4 Shapes","floor":48,"turns":5},{"damage":63,"enemies":"Time Eater","floor":50,"turns":6}],"seed_played":"1598762245267653169","potions_obtained":[{"floor":4.0,"key":"Block Potion"},{"floor":7.0,"key":"Swift Potion"},{"floor":11.0,"key":"SneckoOil"},{"floor":11.0,"key":"Regen Potion"},{"floor":12.0,"key":"LiquidBronze"},{"floor":14.0,"key":"Strength Potion"},{"floor":16.0,"key":"AttackPotion"},{"floor":18.0,"key":"SteroidPotion"},{"floor":24.0,"key":"Fire Potion"}],"is_trial":false,"path_per_floor":["M","$","?","M","M","R","M","R","T","R","?","E","M","E","R","B",null,"M","$","M","?","?","R","M","R","T","R","M","E","?","$","R","B",null,"M","?","M","?","M","R","E","$","T","$","?","M","R","M","R","B"],"character_chosen":"DEFECT","items_purchased":["Coolheaded","Turbo","MealTicket","Self Repair","Capacitor"],"campfire_rested":3,"item_purchase_floors":[2,2,19,31,42],"current_hp_per_floor":[68,68,68,67,62,62,62,62,62,62,62,64,49,49,49,37,60,43,43,43,27,27,47,25,45,45,45,41,14,14,29,49,28,58,57,52,59,59,60,60,46,61,61,72,65,52,52,59,59,0],"gold":41,"neow_bonus":"RANDOM_COLORLESS_2","is_prod":false,"is_daily":false,"chose_seed":false,"campfire_upgraded":8,"win_rate":0,"timestamp":1557721176,"path_taken":["M","$","?","M","M","R","M","R","T","R","?","E","?","E","R","BOSS","M","$","M","?","?","R","M","R","T","R","M","E","?","$","R","BOSS","M","?","M","?","M","R","E","$","T","$","?","M","R","M","R","BOSS"],"build_version":"2019-01-23","purchased_purges":2,"victory":false,"max_hp_per_floor":[68,68,68,68,68,68,68,68,68,68,68,68,68,68,68,68,68,68,68,68,68,68,68,68,68,68,68,68,68,68,68,68,68,68,68,68,70,70,72,72,72,72,72,72,72,72,72,72,72,72],"card_choices":[{"not_picked":["Hologram","Reinforced Body"],"picked":"Hello World","floor":1.0},{"not_picked":["Hologram","Leap"],"picked":"Glacier","floor":4.0},{"not_picked":["Steam","Aggregate"],"picked":"Streamline","floor":5.0},{"not_picked":["Beam Cell","Redo"],"picked":"Conserve Battery","floor":7.0},{"not_picked":["Loop","Doom and Gloom"],"picked":"Sunder","floor":12.0},{"not_picked":["Gash","Rainbow"],"picked":"Static Discharge","floor":13.0},{"not_picked":["Gash","Stack"],"picked":"BootSequence","floor":14.0},{"not_picked":["Core Surge","Hyperbeam"],"picked":"Seek","floor":16.0},{"not_picked":["Beam Cell","Turbo"],"picked":"Storm","floor":18.0},{"not_picked":["Lockon","Steam"],"picked":"Melter","floor":20.0},{"not_picked":["Compile Driver+1","Go for the Eyes"],"picked":"Chaos","floor":24.0},{"not_picked":["Compile Driver","Steam"],"picked":"Double Energy+1","floor":28.0},{"not_picked":["Fission","Cold Snap+1"],"picked":"Gash+1","floor":29.0},{"not_picked":["Thunder Strike","Hyperbeam"],"picked":"Reboot","floor":33},{"not_picked":["Leap+1","Scrape"],"picked":"Defragment","floor":35},{"not_picked":["Purity","Deep Breath"],"picked":"Panache","floor":36},{"not_picked":["Metamorphosis","Secret Technique"],"picked":"Bandage Up","floor":36},{"not_picked":["Compile Driver+1","Hello World+1","Sweeping Beam"],"picked":"Singing Bowl","floor":37},{"not_picked":["Leap+1","Cold Snap","Steam"],"picked":"Singing Bowl","floor":39},{"not_picked":["Hello World+1","Melter+1"],"picked":"Capacitor+1","floor":41},{"not_picked":["Sweeping Beam","Rebound"],"picked":"Turbo+1","floor":46},{"not_picked":["Leap+1","Compile Driver"],"picked":"Barrage+1","floor":48}],"player_experience":1719264,"relics_obtained":[{"floor":9.0,"key":"Anchor"},{"floor":12.0,"key":"Bag of Preparation"},{"floor":14.0,"key":"Whetstone"},{"floor":17.0,"key":"Juzu Bracelet"},{"floor":17.0,"key":"Ornamental Fan"},{"floor":17.0,"key":"Du-Vu Doll"},{"floor":21.0,"key":"Enchiridion"},{"floor":26.0,"key":"Singing Bowl"},{"floor":29.0,"key":"Oddly Smooth Stone"},{"floor":41,"key":"Toxic Egg 2"}],"event_choices":[{"damage_healed":0.0,"max_hp_gain":0.0,"max_hp_loss":0.0,"gold_gain":0.0,"event_name":"Big Fish","player_choice":"Box","floor":3.0,"gold_loss":0.0,"damage_taken":0.0,"relics_obtained":["Pen Nib"],"cards_obtained":["Regret"]},{"damage_healed":0.0,"max_hp_gain":0.0,"max_hp_loss":0.0,"gold_gain":0.0,"event_name":"The Woman in Blue","player_choice":"Bought 2 Potions","floor":11.0,"gold_loss":0.0,"damage_taken":0.0},{"damage_healed":0.0,"max_hp_gain":0.0,"max_hp_loss":0.0,"gold_gain":0.0,"event_name":"Cursed Tome","player_choice":"Obtained Book","floor":21.0,"gold_loss":0.0,"damage_taken":16.0},{"damage_healed":0.0,"max_hp_gain":0.0,"max_hp_loss":0.0,"gold_gain":0.0,"event_name":"The Mausoleum","player_choice":"Opened","floor":22.0,"gold_loss":0.0,"damage_taken":0.0,"relics_obtained":["Art of War"]},{"damage_healed":0.0,"max_hp_gain":0.0,"max_hp_loss":0.0,"gold_gain":0.0,"event_name":"Addict","player_choice":"Stole Relic","floor":30.0,"gold_loss":0.0,"damage_taken":0.0,"relics_obtained":["Bag of Marbles"],"cards_obtained":["Shame"]},{"damage_healed":0,"gold_gain":0,"player_choice":"Memory 2","damage_taken":5,"max_hp_gain":0,"max_hp_loss":0,"event_name":"SensoryStone","floor":36,"gold_loss":0},{"damage_healed":0,"gold_gain":0,"player_choice":"Trade","damage_taken":0,"relics_obtained":["NlothsMask"],"max_hp_gain":0,"max_hp_loss":0,"event_name":"FaceTrader","floor":38,"gold_loss":0},{"damage_healed":0,"gold_gain":0,"player_choice":"Damaged","damage_taken":7,"max_hp_gain":0,"max_hp_loss":0,"event_name":"Wheel of Change","floor":45,"gold_loss":0}],"is_beta":false,"boss_relics":[{"not_picked":["Fusion Hammer","Philosopher\u0027s Stone"],"picked":"Calling Bell"},{"not_picked":["Black Star","White Beast Statue"],"picked":"Sozu"}],"items_purged_floors":[19,42],"is_endless":false,"potions_floor_spawned":[4,7,12,14,16,18,24,28,37,46],"killed_by":"Time Eater","ascension_level":7}