{"gold_per_floor":[115,115,115,133,208,242,242,254,278,310,322,346,132,145,145,247,247,265,299,299,82,7,26,26],"floor_reached":24,"playtime":1105,"items_purged":["Strike_R"],"score":298,"play_id":"ff2d80da-ea66-4867-99c7-c1a991c74dfb","local_time":"20190606091409","is_ascension_mode":true,"campfire_choices":[{"data":"Fiend Fire","floor":7,"key":"SMITH"},{"data":"Anger","floor":11,"key":"SMITH"},{"data":"Whirlwind","floor":15,"key":"SMITH"}],"neow_cost":"NONE","seed_source_timestamp":244536763704228,"circlet_count":0,"master_deck":["Strike_R+1","Defend_R","Defend_R+1","Defend_R","Defend_R","Bash","Anger+1","Whirlwind+1","Fiend Fire+1","Metallicize","Metallicize","Power Through","Juggernaut","True Grit","Spot Weakness","Limit Break","Evolve"],"relics":["Burning Blood","NeowsBlessing","Blood Vial","Oddly Smooth Stone","MawBank","PreservedInsect","Empty Cage","Red Mask","MutagenicStrength","Bag of Preparation"],"potions_floor_usage":[10,12,14,24],"damage_taken":[{"damage":0,"enemies":"Small Slimes","floor":1,"turns":1},{"damage":0,"enemies":"2 Louse","floor":4,"turns":1},{"damage":0,"enemies":"Gremlin Nob","floor":6,"turns":1},{"damage":0,"enemies":"Cultist","floor":8,"turns":2},{"damage":14,"enemies":"3 Sentries","floor":10,"turns":6},{"damage":0,"enemies":"Looter","floor":12,"turns":1},{"damage":0,"enemies":"Exordium Wildlife","floor":14,"turns":3},{"damage":75,"enemies":"Hexaghost","floor":16,"turns":12},{"damage":1,"enemies":"3 Byrds","floor":18,"turns":4},{"damage":36,"enemies":"Masked Bandits","floor":19,"turns":5},{"damage":12,"enemies":"Spheric Guardian","floor":23,"turns":6},{"damage":50,"enemies":"Gremlin Leader","floor":24,"turns":6}],"seed_played":"2243618841832383193","potions_obtained":[{"floor":6,"key":"Strength Potion"},{"floor":8,"key":"Explosive Potion"},{"floor":12,"key":"Explosive Potion"},{"floor":18,"key":"SneckoOil"}],"is_trial":false,"path_per_floor":["?","?","?","M","?","?","?"],"character_chosen":"IRONCLAD","items_purchased":["PreservedInsect","Limit Break","Bag of Preparation"],"campfire_rested":0,"item_purchase_floors":[13,21,21],"current_hp_per_floor":[78,62,67,73,65,71,71,79,79,73,73,81,81,85,85,16,68,75,47,47,47,47,43,0],"gold":26,"neow_bonus":"THREE_ENEMY_KILL","is_prod":false,"is_daily":false,"chose_seed":false,"campfire_upgraded":3,"win_rate":0,"timestamp":1559805249,"path_taken":["M","?","?","M","?","E","R","?","T","E","R","M","$","M","R","BOSS","M","?","?","$","?","M","E"],"build_version":"2019-01-23","purchased_purges":1,"victory":false,"max_hp_per_floor":[80,80,85,85,85,85,85,85,85,85,85,85,85,85,85,85,85,85,85,85,85,85,85,85],"card_choices":[{"not_picked":["Body Slam","Fire Breathing"],"picked":"Anger","floor":1},{"not_picked":["Burning Pact","Combust"],"picked":"Whirlwind","floor":4},{"not_picked":["Twin Strike","Sword Boomerang"],"picked":"Fiend Fire","floor":6},{"not_picked":["Thunderclap","Fire Breathing"],"picked":"Metallicize","floor":8},{"not_picked":["Perfected Strike","Wild Strike","Body Slam"],"picked":"SKIP","floor":10},{"not_picked":["Twin Strike","Rupture"],"picked":"Metallicize","floor":12},{"not_picked":["Searing Blow","Perfected Strike"],"picked":"Power Through","floor":14},{"not_picked":["Double Tap","Barricade"],"picked":"Juggernaut","floor":16},{"not_picked":["Havoc","Sword Boomerang+1"],"picked":"True Grit","floor":18},{"not_picked":["Havoc","Pommel Strike"],"picked":"Spot Weakness","floor":19},{"not_picked":["Carnage","Whirlwind"],"picked":"Evolve","floor":23}],"player_experience":31000,"relics_obtained":[{"floor":6,"key":"Blood Vial"},{"floor":9,"key":"Oddly Smooth Stone"},{"floor":10,"key":"MawBank"},{"floor":19,"key":"Red Mask"}],"event_choices":[{"damage_healed":0,"gold_gain":0,"player_choice":"Entered Light","damage_taken":16,"max_hp_gain":0,"max_hp_loss":0,"event_name":"Shining Light","floor":2,"gold_loss":0,"cards_upgraded":["Strike_R","Defend_R"]},{"damage_healed":0,"gold_gain":0,"player_choice":"Donut","damage_taken":0,"max_hp_gain":5,"max_hp_loss":0,"event_name":"Big Fish","floor":3,"gold_loss":0},{"damage_healed":0,"gold_gain":75,"player_choice":"Touch","damage_taken":8,"max_hp_gain":0,"max_hp_loss":0,"event_name":"FaceTrader","floor":5,"gold_loss":0},{"damage_healed":0,"gold_gain":0,"player_choice":"Fought Bandits","damage_taken":0,"max_hp_gain":0,"max_hp_loss":0,"event_name":"Masked Bandits","floor":19,"gold_loss":0},{"damage_healed":0,"gold_gain":0,"player_choice":"Inject Mutagens","damage_taken":0,"relics_obtained":["MutagenicStrength"],"max_hp_gain":0,"max_hp_loss":0,"event_name":"Drug Dealer","floor":20,"gold_loss":0},{"cards_removed":["Strike_R"],"damage_healed":0,"gold_gain":0,"player_choice":"Gave Gold","damage_taken":0,"max_hp_gain":0,"max_hp_loss":0,"event_name":"Beggar","floor":22,"gold_loss":75}],"is_beta":false,"boss_relics":[{"not_picked":["Cursed Key","Eternal Feather"],"picked":"Empty Cage"}],"items_purged_floors":[13],"is_endless":false,"potions_floor_spawned":[6,8,12,18],"killed_by":"Gremlin Leader","ascension_level":6}