{"gold_per_floor":[115,115,9,59,234,234,0,0,27,27,27,55,74,87,87,163,163,175,175,73,173,183,183,209,209,209,209,239,239,239,209,209,287,287,304,1303,1303,698,798,831,831,850,875,875,900,900,900,46,46,46],"floor_reached":51,"playtime":4007,"items_purged":["Doubt","Normality","Normality"],"score":1250,"play_id":"b248dc74-78bd-4db2-b354-81f2340ae507","local_time":"20190405144757","is_ascension_mode":true,"campfire_choices":[{"data":"Bandage Up","floor":6.0,"key":"SMITH"},{"data":"Bash","floor":8.0,"key":"SMITH"},{"data":"Spot Weakness","floor":10.0,"key":"SMITH"},{"data":"Second Wind","floor":15.0,"key":"SMITH"},{"floor":23,"key":"REST"},{"floor":25,"key":"REST"},{"data":"Heavy Blade","floor":27,"key":"SMITH"},{"data":"Demon Form","floor":30,"key":"SMITH"},{"data":"Pummel","floor":32,"key":"SMITH"},{"data":"Heavy Blade","floor":41,"key":"SMITH"},{"floor":46,"key":"REST"},{"data":"Limit Break","floor":47,"key":"SMITH"},{"floor":49,"key":"REST"}],"neow_cost":"NONE","seed_source_timestamp":840378961919977,"circlet_count":0,"master_deck":["AscendersBane","Strike_R","Strike_R","Strike_R","Strike_R","Strike_R","Defend_R","Defend_R","Defend_R","Defend_R","Bash+1","Pummel+1","Power Through","Bandage Up+1","Headbutt","Spot Weakness+1","Reckless Charge","Second Wind+1","Sword Boomerang","Flex+1","Demon Form+1","Flex+1","Heavy Blade+1","Pummel","Warcry","Body Slam","Iron Wave","Wild Strike","Impervious","Sword Boomerang","Sword Boomerang+1","Heavy Blade+1","Cleave","Cleave+1","Double Tap","Purity","Shockwave+1","Infernal Blade+1","Twin Strike+1","Limit Break+1"],"special_seed":0,"relics":["Burning Blood","CultistMask","Centennial Puzzle","Blood Vial","WarpedTongs","Bag of Preparation","Velvet Choker","WingedGreaves","Bottled Flame","Regal Pillow","Kunai","Mango","Bottled Tornado","Orrery","Sling","The Courier","Red Skull","War Paint","Potion Belt","Mummified Hand","Dead Branch","Orichalcum"],"potions_floor_usage":[21,28,33,40,42,44,50,50],"damage_taken":[{"damage":7.0,"enemies":"2 Louse","floor":1.0,"turns":3.0},{"damage":44.0,"enemies":"Lagavulin","floor":12.0,"turns":4.0},{"damage":5.0,"enemies":"Cultist","floor":13.0,"turns":4.0},{"damage":9.0,"enemies":"Jaw Worm","floor":14.0,"turns":3.0},{"damage":25.0,"enemies":"The Guardian","floor":16.0,"turns":8.0},{"damage":0.0,"enemies":"Chosen","floor":18.0,"turns":3.0},{"damage":21,"enemies":"Colosseum Slavers","floor":21,"turns":5},{"damage":9,"enemies":"Colosseum Nobs","floor":21,"turns":3},{"damage":42,"enemies":"3 Byrds","floor":22,"turns":6},{"damage":49,"enemies":"Gremlin Leader","floor":24,"turns":5},{"damage":20,"enemies":"Book of Stabbing","floor":28,"turns":4},{"damage":43,"enemies":"Automaton","floor":33,"turns":8},{"damage":11,"enemies":"Orb Walker","floor":35,"turns":3},{"damage":19,"enemies":"Nemesis","floor":40,"turns":5},{"damage":17,"enemies":"3 Darklings","floor":42,"turns":4},{"damage":0,"enemies":"Spire Growth","floor":44,"turns":2},{"damage":70,"enemies":"Giant Head","floor":45,"turns":6},{"damage":67,"enemies":"Time Eater","floor":50,"turns":6}],"seed_played":"-7671549563028535572","potions_obtained":[{"floor":1.0,"key":"SkillPotion"},{"floor":13.0,"key":"Energy Potion"},{"floor":24,"key":"EssenceOfSteel"},{"floor":31,"key":"SmokeBomb"},{"floor":31,"key":"EssenceOfSteel"},{"floor":40,"key":"BloodPotion"},{"floor":45,"key":"Dexterity Potion"}],"is_trial":false,"path_per_floor":["M","?","$","T","?","R","$","R","T","R","?","E","M","M","R","B",null,"M","?","$","?","M","R","E","R","T","R","E","T","R","?","R","B",null,"M","?","?","$","?","E","R","M","T","M","E","R","R","$","R","B",null],"character_chosen":"IRONCLAD","items_purchased":["Bandage Up","Headbutt","Spot Weakness","Reckless Charge","Heavy Blade","Pummel","Double Tap","Purity","Shockwave","Sling","SkillPotion","Potion Belt","Regen Potion","Mummified Hand","Dead Branch","Orichalcum"],"campfire_rested":4,"item_purchase_floors":[3,3,7,7,20,20,38,38,38,38,38,48,48,48,48,48],"current_hp_per_floor":[67,67,67,67,67,67,67,67,67,67,67,37,46,51,51,40,66,75,75,75,65,37,59,24,61,61,61,69,69,69,69,69,40,77,74,74,74,74,74,69,69,74,74,82,20,61,61,61,89,46],"gold":46,"neow_bonus":"THREE_CARDS","is_prod":false,"is_daily":false,"chose_seed":false,"campfire_upgraded":9,"win_rate":0,"timestamp":1554436077,"path_taken":["M","?","$","?","?","R","?","R","T","R","?","E","?","M","R","BOSS","M","?","$","?","M","R","E","R","T","R","E","?","R","?","R","BOSS","M","?","?","$","?","E","R","M","T","?","E","R","R","$","R","BOSS"],"build_version":"2019-01-23","purchased_purges":3,"victory":true,"max_hp_per_floor":[75,75,75,75,75,75,75,75,75,75,75,75,75,75,75,75,75,75,75,75,75,75,75,75,75,75,75,89,89,89,89,89,89,89,89,89,89,89,89,89,89,89,89,89,89,89,89,89,89,89],"card_choices":[{"not_picked":["Wild Strike","Armaments"],"picked":"Pummel","floor":0.0},{"not_picked":["Reckless Charge","Fire Breathing"],"picked":"Power Through","floor":1.0},{"not_picked":["Clothesline","Anger"],"picked":"Second Wind","floor":12.0},{"not_picked":["Warcry","Clothesline"],"picked":"Sword Boomerang","floor":13.0},{"not_picked":["Thunderclap","Cleave"],"picked":"Flex","floor":14.0},{"not_picked":["Offering","Reaper"],"picked":"Demon Form","floor":16.0},{"not_picked":["Battle Trance","Infernal Blade"],"picked":"Flex+1","floor":18.0},{"not_picked":["Uppercut","Burning Pact"],"picked":"Warcry","floor":21},{"not_picked":["Sword Boomerang+1","Twin Strike+1"],"picked":"Body Slam","floor":22},{"not_picked":["Wild Strike","Havoc"],"picked":"Iron Wave","floor":24},{"not_picked":["Fire Breathing","Warcry"],"picked":"Wild Strike","floor":28},{"not_picked":["Bludgeon","Demon Form"],"picked":"Impervious","floor":33},{"not_picked":["Headbutt","Clash"],"picked":"Sword Boomerang","floor":34},{"not_picked":["Pommel Strike+1","Havoc"],"picked":"Sword Boomerang+1","floor":34},{"not_picked":["Warcry","Juggernaut"],"picked":"Heavy Blade","floor":34},{"not_picked":["Flex","Corruption"],"picked":"Inflame","floor":34},{"not_picked":["Wild Strike","Reckless Charge"],"picked":"Cleave","floor":34},{"not_picked":["Perfected Strike","Headbutt"],"picked":"Cleave+1","floor":35},{"not_picked":["Spot Weakness","Rupture"],"picked":"Infernal Blade+1","floor":40},{"not_picked":["Uppercut","True Grit"],"picked":"Twin Strike+1","floor":42},{"not_picked":["Hemokinesis","Armaments"],"picked":"Limit Break","floor":45}],"player_experience":1144345,"relics_obtained":[{"floor":4.0,"key":"Centennial Puzzle"},{"floor":9.0,"key":"Blood Vial"},{"floor":12.0,"key":"Bag of Preparation"},{"floor":21,"key":"WingedGreaves"},{"floor":21,"key":"Bottled Flame"},{"floor":24,"key":"Regal Pillow"},{"floor":26,"key":"Kunai"},{"floor":28,"key":"Mango"},{"floor":29,"key":"Bottled Tornado"},{"floor":40,"key":"The Courier"},{"floor":43,"key":"Red Skull"},{"floor":45,"key":"War Paint"}],"event_choices":[{"damage_healed":0.0,"max_hp_gain":0.0,"max_hp_loss":0.0,"gold_gain":0.0,"event_name":"FaceTrader","player_choice":"Trade","floor":2.0,"gold_loss":0.0,"damage_taken":0.0,"relics_obtained":["CultistMask"]},{"damage_healed":0.0,"max_hp_gain":0.0,"max_hp_loss":0.0,"gold_gain":175.0,"event_name":"Liars Game","player_choice":"AGREE","floor":5.0,"gold_loss":0.0,"damage_taken":0.0,"cards_obtained":["Doubt"]},{"damage_healed":0.0,"max_hp_gain":0.0,"max_hp_loss":0.0,"gold_gain":0.0,"event_name":"Accursed Blacksmith","player_choice":"Rummage","floor":11.0,"gold_loss":0.0,"damage_taken":0.0,"relics_obtained":["WarpedTongs"],"cards_obtained":["Pain"]},{"cards_removed":["Pain"],"damage_healed":0,"gold_gain":0,"player_choice":"Elegance","damage_taken":0,"max_hp_gain":0,"max_hp_loss":0,"event_name":"Back to Basics","floor":19,"gold_loss":0},{"damage_healed":0,"gold_gain":0,"player_choice":"Fight","damage_taken":0,"max_hp_gain":0,"max_hp_loss":0,"event_name":"Colosseum","floor":21,"gold_loss":0},{"damage_healed":0,"gold_gain":0,"player_choice":"Fought Nobs","damage_taken":0,"max_hp_gain":0,"max_hp_loss":0,"event_name":"Colosseum","floor":21,"gold_loss":0},{"damage_healed":0,"gold_gain":0,"player_choice":"Bought 2 Potions","damage_taken":0,"max_hp_gain":0,"max_hp_loss":0,"event_name":"The Woman in Blue","floor":31,"gold_loss":0},{"damage_healed":0,"gold_gain":999,"player_choice":"Gold","damage_taken":0,"max_hp_gain":0,"max_hp_loss":0,"event_name":"MindBloom","floor":36,"gold_loss":0,"cards_obtained":["Normality","Normality"]},{"cards_removed":["Inflame"],"damage_healed":0,"gold_gain":0,"player_choice":"Removed Power","damage_taken":0,"max_hp_gain":0,"max_hp_loss":0,"event_name":"Falling","floor":37,"gold_loss":0},{"damage_healed":0,"gold_gain":100,"player_choice":"Pray","damage_taken":0,"max_hp_gain":0,"max_hp_loss":0,"event_name":"Golden Shrine","floor":39,"gold_loss":0}],"is_beta":false,"boss_relics":[{"not_picked":["Busted Crown","Coffee Dripper"],"picked":"Velvet Choker"},{"not_picked":["Tiny House","Snecko Eye"],"picked":"Orrery"}],"items_purged_floors":[7,38,48],"is_endless":false,"potions_floor_spawned":[1,13,21,24,40,44,45],"ascension_level":14}