{"gold_per_floor":[112,130,130,149,160,186,186,201,201,151,151,151,151,151,151,249,249,264,281,291,291,53,53],"floor_reached":23,"playtime":1295,"items_purged":[],"score":248,"play_id":"709a5627-8466-401d-b5e1-f93d0bf9e766","local_time":"20190606085132","is_ascension_mode":true,"campfire_choices":[{"data":"Demon Form","floor":7,"key":"SMITH"},{"data":"Headbutt","floor":11,"key":"SMITH"},{"data":"Cleave","floor":13,"key":"SMITH"},{"data":"Pommel Strike","floor":15,"key":"SMITH"}],"neow_cost":"NONE","seed_source_timestamp":242991494740689,"circlet_count":0,"master_deck":["Strike_R","Strike_R","Strike_R","Strike_R","Defend_R","Defend_R","Defend_R","Defend_R","Bash+1","Pommel Strike+1","Cleave+1","Corruption","Headbutt+1","Demon Form+1","Immolate","Armaments","Uppercut+1"],"relics":["Burning Blood","Boot","Meat on the Bone","Runic Pyramid","Kunai"],"potions_floor_usage":[16,16,18,21],"damage_taken":[{"damage":9,"enemies":"Jaw Worm","floor":1,"turns":3},{"damage":1,"enemies":"Cultist","floor":2,"turns":3},{"damage":0,"enemies":"2 Louse","floor":4,"turns":3},{"damage":12,"enemies":"Looter","floor":5,"turns":3},{"damage":32,"enemies":"Gremlin Nob","floor":6,"turns":4},{"damage":7,"enemies":"3 Louse","floor":8,"turns":4},{"damage":45,"enemies":"The Guardian","floor":16,"turns":8},{"damage":19,"enemies":"Spheric Guardian","floor":18,"turns":4},{"damage":12,"enemies":"Chosen","floor":19,"turns":4},{"damage":27,"enemies":"Snecko","floor":20,"turns":5},{"damage":34,"enemies":"Colosseum Slavers","floor":21,"turns":5},{"damage":36,"enemies":"Slavers","floor":23,"turns":3}],"seed_played":"8950972204076202231","potions_obtained":[{"floor":5,"key":"Energy Potion"},{"floor":6,"key":"SpeedPotion"},{"floor":16,"key":"Block Potion"},{"floor":18,"key":"Ancient Potion"},{"floor":20,"key":"BloodPotion"}],"is_trial":false,"path_per_floor":["?","M","?","?","?","M","?","$"],"character_chosen":"IRONCLAD","items_purchased":["Kunai"],"campfire_rested":0,"item_purchase_floors":[22],"current_hp_per_floor":[69,74,74,80,74,48,48,47,47,47,47,52,52,52,52,25,70,57,51,42,34,34,0],"gold":53,"neow_bonus":"UPGRADE_CARD","is_prod":false,"is_daily":false,"chose_seed":false,"campfire_upgraded":4,"win_rate":0,"timestamp":1559803892,"path_taken":["M","M","?","?","M","E","R","M","T","?","R","?","R","?","R","BOSS","M","M","?","?","?","E"],"build_version":"2019-01-23","purchased_purges":0,"victory":false,"max_hp_per_floor":[80,80,80,80,80,80,80,80,80,80,80,85,85,85,85,85,85,85,85,85,85,85,85],"card_choices":[{"not_picked":["Sword Boomerang","Twin Strike"],"picked":"Pommel Strike","floor":1},{"not_picked":["Flex","Whirlwind"],"picked":"Cleave","floor":2},{"not_picked":["Reckless Charge","Seeing Red"],"picked":"Corruption","floor":4},{"not_picked":["Havoc","Iron Wave"],"picked":"Headbutt","floor":5},{"not_picked":["Headbutt","Second Wind"],"picked":"Demon Form","floor":6},{"not_picked":["Sentinel","Perfected Strike","Flex"],"picked":"SKIP","floor":8},{"not_picked":["Demon Form","Berserk"],"picked":"Immolate","floor":16},{"not_picked":["Hemokinesis","Battle Trance"],"picked":"Armaments","floor":18},{"not_picked":["Blood for Blood+1","Thunderclap","Dropkick"],"picked":"SKIP","floor":19},{"not_picked":["Warcry","Feel No Pain"],"picked":"Uppercut+1","floor":20}],"player_experience":29485,"relics_obtained":[{"floor":6,"key":"Boot"},{"floor":9,"key":"Meat on the Bone"}],"event_choices":[{"damage_healed":0,"gold_gain":0,"player_choice":"Ignored","damage_taken":0,"max_hp_gain":0,"max_hp_loss":0,"event_name":"WeMeetAgain","floor":3,"gold_loss":0},{"cards_removed":["Strike_R"],"damage_healed":0,"gold_gain":0,"player_choice":"Card Removal","damage_taken":0,"max_hp_gain":0,"max_hp_loss":0,"event_name":"The Cleric","floor":10,"gold_loss":50},{"damage_healed":0,"gold_gain":0,"player_choice":"Donut","damage_taken":0,"max_hp_gain":5,"max_hp_loss":0,"event_name":"Big Fish","floor":12,"gold_loss":0},{"damage_healed":0,"gold_gain":0,"player_choice":"Bought 0 Potions","damage_taken":0,"max_hp_gain":0,"max_hp_loss":0,"event_name":"The Woman in Blue","floor":14,"gold_loss":0},{"damage_healed":0,"gold_gain":0,"player_choice":"Fight","damage_taken":0,"max_hp_gain":0,"max_hp_loss":0,"event_name":"Colosseum","floor":21,"gold_loss":0},{"damage_healed":0,"gold_gain":0,"player_choice":"Fled From Nobs","damage_taken":0,"max_hp_gain":0,"max_hp_loss":0,"event_name":"Colosseum","floor":21,"gold_loss":0}],"is_beta":false,"boss_relics":[{"not_picked":["Calling Bell","Lizard Tail"],"picked":"Runic Pyramid"}],"items_purged_floors":[],"is_endless":false,"potions_floor_spawned":[5,6,16,18,20],"killed_by":"Slavers","ascension_level":6}