{"gold_per_floor":[117,1,1,1,16,16,47,47,118,154,168,184,2,40,40,171,171,194,209,224,124,124,124,160,173,200,200,223,223,238,252,252,252],"floor_reached":33,"playtime":1598,"items_purged":["Strike_G","Strike_G"],"score":435,"play_id":"b7c6665f-877c-4902-b75f-7433c5cc766e","local_time":"20190611202306","is_ascension_mode":true,"campfire_choices":[{"data":"Sucker Punch","floor":6.0,"key":"SMITH"},{"data":"Bane","floor":8.0,"key":"SMITH"},{"data":"Burst","floor":15.0,"key":"SMITH"},{"data":"Catalyst","floor":23.0,"key":"SMITH"},{"floor":27.0,"key":"REST"},{"data":"Corpse Explosion","floor":29.0,"key":"SMITH"},{"data":"Deadly Poison","floor":32.0,"key":"SMITH"}],"neow_cost":"NONE","seed_source_timestamp":0,"circlet_count":0,"master_deck":["Defend_G","Defend_G","Defend_G","Defend_G","Defend_G","Strike_G","Strike_G","Survivor","Neutralize+1","Deadly Poison+1","Heel Hook","Injury","Sucker Punch+1","Bane+1","Dagger Spray","Burst+1","Dodge and Roll","Backstab","Corpse Explosion+1","Blur","Glass Knife+1","Catalyst+1","Choke+1","Backflip","Noxious Fumes+1"],"special_seed":0,"relics":["Ring of the Snake","Golden Idol","Potion Belt","Frozen Egg 2","Pear","Odd Mushroom","Snecko Eye","Anchor","Regal Pillow","Bronze Scales"],"potions_floor_usage":[33,33,33],"damage_taken":[{"damage":0.0,"enemies":"Small Slimes","floor":1.0,"turns":7.0},{"damage":3.0,"enemies":"2 Louse","floor":5.0,"turns":3.0},{"damage":34.0,"enemies":"Gremlin Nob","floor":7.0,"turns":5.0},{"damage":1.0,"enemies":"Lagavulin","floor":10.0,"turns":6.0},{"damage":0.0,"enemies":"Jaw Worm","floor":11.0,"turns":3.0},{"damage":6.0,"enemies":"Red Slaver","floor":12.0,"turns":3.0},{"damage":0.0,"enemies":"The Mushroom Lair","floor":14.0,"turns":1.0},{"damage":13.0,"enemies":"The Guardian","floor":16.0,"turns":13.0},{"damage":13.0,"enemies":"Chosen","floor":18.0,"turns":5.0},{"damage":0.0,"enemies":"Spheric Guardian","floor":19.0,"turns":3.0},{"damage":8.0,"enemies":"Snake Plant","floor":20.0,"turns":6.0},{"damage":38.0,"enemies":"Book of Stabbing","floor":24.0,"turns":4.0},{"damage":0.0,"enemies":"Chosen and Byrds","floor":25.0,"turns":3.0},{"damage":0.0,"enemies":"Centurion and Healer","floor":30.0,"turns":3.0},{"damage":0.0,"enemies":"Snecko","floor":31.0,"turns":2.0},{"damage":65,"enemies":"Champ","floor":33,"turns":12}],"seed_played":"8271591624917410004","potions_obtained":[{"floor":1.0,"key":"PowerPotion"},{"floor":11.0,"key":"Dexterity Potion"},{"floor":14.0,"key":"Strength Potion"},{"floor":24.0,"key":"Regen Potion"},{"floor":25.0,"key":"LiquidBronze"},{"floor":31.0,"key":"GhostInAJar"}],"is_trial":false,"path_per_floor":["M","$","?","?","M","R","E","R","T","E","M","M","$","?","R","B",null,"M","M","M","$","?","R","E","M","T","R","T","R","M","M","R","B"],"character_chosen":"THE_SILENT","items_purchased":["Heel Hook","Backstab","Corpse Explosion"],"campfire_rested":1,"item_purchase_floors":[2,13,13],"current_hp_per_floor":[63,63,63,63,60,60,26,26,26,35,35,29,29,29,29,16,64,51,51,43,43,43,43,5,5,5,44,44,44,44,44,44,0],"gold":252,"neow_bonus":"REMOVE_CARD","is_prod":false,"is_daily":false,"chose_seed":false,"campfire_upgraded":6,"win_rate":1,"timestamp":1560302586,"path_taken":["M","$","?","?","M","R","E","R","T","E","M","M","$","?","R","BOSS","M","M","M","$","?","R","E","M","T","R","?","R","M","M","R","BOSS"],"build_version":"2019-01-23","purchased_purges":2,"victory":false,"max_hp_per_floor":[70,70,70,70,70,70,70,70,70,80,80,80,80,80,80,80,80,80,80,80,80,80,80,80,80,80,80,80,80,80,80,80,80],"card_choices":[{"not_picked":["Bouncing Flask","Setup"],"picked":"Deadly Poison","floor":1.0},{"not_picked":["Setup","Deadly Poison"],"picked":"Sucker Punch","floor":5.0},{"not_picked":["Terror","Choke"],"picked":"Bane","floor":7.0},{"not_picked":["Sucker Punch","Poisoned Stab"],"picked":"Dagger Spray","floor":10.0},{"not_picked":["Dagger Spray","Outmaneuver"],"picked":"Burst","floor":11.0},{"not_picked":["Tactician","Bane"],"picked":"Dodge and Roll","floor":12.0},{"not_picked":["Blade Dance","Slice"],"picked":"Blur","floor":14.0},{"not_picked":["Tools of the Trade+1","Malaise"],"picked":"Glass Knife","floor":16.0},{"not_picked":["Distraction","Tactician"],"picked":"Catalyst","floor":18.0},{"not_picked":["Outmaneuver","Dagger Throw","Infinite Blades+1"],"picked":"SKIP","floor":19.0},{"not_picked":["Outmaneuver","Dagger Throw","Infinite Blades+1"],"picked":"SKIP","floor":19.0},{"not_picked":["Dodge and Roll","Dagger Throw","Sucker Punch"],"picked":"SKIP","floor":20.0},{"not_picked":["Cloak And Dagger","All Out Attack"],"picked":"Choke+1","floor":24.0},{"not_picked":["Flying Knee","Dagger Spray"],"picked":"Backflip","floor":25.0},{"not_picked":["Dagger Spray+1","Blade Dance+1"],"picked":"Noxious Fumes+1","floor":30.0},{"not_picked":["Tactician","Deflect","Dagger Throw+1"],"picked":"SKIP","floor":31.0}],"player_experience":68394,"relics_obtained":[{"floor":7.0,"key":"Potion Belt"},{"floor":9.0,"key":"Frozen Egg 2"},{"floor":10.0,"key":"Pear"},{"floor":14.0,"key":"Odd Mushroom"},{"floor":24.0,"key":"Anchor"},{"floor":26.0,"key":"Regal Pillow"},{"floor":28.0,"key":"Bronze Scales"}],"event_choices":[{"damage_healed":0.0,"max_hp_gain":0.0,"max_hp_loss":0.0,"gold_gain":0.0,"event_name":"Golden Idol","player_choice":"Take Wound","floor":3.0,"gold_loss":0.0,"damage_taken":0.0,"relics_obtained":["Golden Idol"],"cards_obtained":["Injury"]},{"damage_healed":0.0,"max_hp_gain":0.0,"max_hp_loss":0.0,"gold_gain":0.0,"event_name":"Living Wall","player_choice":"Grow","floor":4.0,"gold_loss":0.0,"damage_taken":0.0,"cards_upgraded":["Neutralize"]},{"damage_healed":0.0,"max_hp_gain":0.0,"max_hp_loss":0.0,"gold_gain":0.0,"event_name":"Mushrooms","player_choice":"Fought Mushrooms","floor":14.0,"gold_loss":0.0,"damage_taken":0.0},{"damage_healed":0.0,"max_hp_gain":0.0,"max_hp_loss":0.0,"gold_gain":0.0,"event_name":"Upgrade Shrine","player_choice":"Upgraded","floor":22.0,"gold_loss":0.0,"damage_taken":0.0,"cards_upgraded":["Glass Knife"]}],"is_beta":false,"boss_relics":[{"not_picked":["White Beast Statue","Pandora\u0027s Box"],"picked":"Snecko Eye"}],"items_purged_floors":[2,21],"is_endless":false,"potions_floor_spawned":[1,11,14,24,25,31],"killed_by":"Champ","ascension_level":9}