{"gold_per_floor":[109,124,137,148,148,179,29,39,39,39,68,68,0,175,175,175],"floor_reached":16,"playtime":1429,"items_purged":["Defend_R"],"score":110,"play_id":"dde532d4-f60f-4578-8dde-2b26b5608862","local_time":"20190526164344","is_ascension_mode":false,"campfire_choices":[{"floor":10,"key":"RECALL"},{"floor":12,"key":"REST"},{"data":"Heavy Blade","floor":15,"key":"SMITH"}],"neow_cost":"TEN_PERCENT_HP_LOSS","seed_source_timestamp":85812622199132,"circlet_count":0,"master_deck":["Strike_R","Strike_R","Strike_R","Strike_R","Defend_R","Defend_R","Defend_R","Bash","Master of Strategy","Purity","Perfected Strike","Evolve","Rampage","Heavy Blade+1","Heavy Blade","Flex","Twin Strike","Rage+1","Doubt"],"special_seed":0,"relics":["Burning Blood","StoneCalendar","Toxic Egg 2","Art of War"],"potions_floor_usage":[6,6,16],"damage_taken":[{"damage":6.0,"enemies":"Cultist","floor":1.0,"turns":3.0},{"damage":3.0,"enemies":"Small Slimes","floor":2.0,"turns":2.0},{"damage":6.0,"enemies":"Jaw Worm","floor":3.0,"turns":3.0},{"damage":0.0,"enemies":"Large Slime","floor":4.0,"turns":5.0},{"damage":14,"enemies":"Gremlin Nob","floor":6,"turns":3},{"damage":10,"enemies":"Looter","floor":8,"turns":2},{"damage":36,"enemies":"Lagavulin","floor":11,"turns":4},{"damage":51,"enemies":"Hexaghost","floor":16,"turns":7}],"seed_played":"9219717737565606706","potions_obtained":[{"floor":3.0,"key":"Strength Potion"},{"floor":4.0,"key":"LiquidBronze"},{"floor":11,"key":"Weak Potion"}],"is_trial":false,"path_per_floor":["M","M","M","M","?","E","$","M","T","R","E","R","$","?","R","B"],"character_chosen":"IRONCLAD","items_purchased":["Heavy Blade","Flex","Rage+1"],"campfire_rested":1,"item_purchase_floors":[7,7,13],"current_hp_per_floor":[72,72,72,72,72,64,64,60,60,60,30,51,51,51,51,0],"gold":175,"neow_bonus":"RANDOM_COLORLESS_2","is_prod":false,"is_daily":false,"chose_seed":false,"campfire_upgraded":1,"win_rate":0,"timestamp":1558853024,"path_taken":["M","M","?","M","?","E","$","M","T","R","E","R","$","?","R","BOSS"],"build_version":"2019-01-23","purchased_purges":1,"victory":false,"max_hp_per_floor":[72,72,72,72,72,72,72,72,72,72,72,72,72,72,72,72],"card_choices":[{"not_picked":["Wild Strike","Power Through"],"picked":"Perfected Strike","floor":1.0},{"not_picked":["Whirlwind","True Grit"],"picked":"Evolve","floor":2.0},{"not_picked":["Warcry","Cleave"],"picked":"Rampage","floor":3.0},{"not_picked":["Spot Weakness","Rampage"],"picked":"Heavy Blade","floor":4.0},{"not_picked":["Perfected Strike","Body Slam","Ghostly Armor"],"picked":"SKIP","floor":6},{"not_picked":["Cleave","Bloodletting"],"picked":"Twin Strike","floor":8},{"not_picked":["Rampage","Corruption","Headbutt"],"picked":"SKIP","floor":11}],"player_experience":1985699,"relics_obtained":[{"floor":6,"key":"StoneCalendar"},{"floor":9,"key":"Toxic Egg 2"},{"floor":11,"key":"Art of War"}],"event_choices":[{"cards_removed":["Strike_R"],"damage_healed":0.0,"max_hp_gain":0.0,"max_hp_loss":0.0,"gold_gain":0.0,"event_name":"Living Wall","player_choice":"Forget","floor":5.0,"gold_loss":0.0,"damage_taken":0.0},{"damage_healed":0,"gold_gain":175,"player_choice":"AGREE","damage_taken":0,"max_hp_gain":0,"max_hp_loss":0,"event_name":"Liars Game","floor":14,"gold_loss":0,"cards_obtained":["Doubt"]}],"is_beta":false,"boss_relics":[],"items_purged_floors":[7],"is_endless":false,"potions_floor_spawned":[3,4,11],"killed_by":"Hexaghost","ascension_level":0}