{"gold_per_floor":[119,69,244,262,272,306,306,338,361,361,5,35,47,47,47,144,144,144,59,159,159,176,176,176],"floor_reached":24,"playtime":1731,"items_purged":[],"score":364,"play_id":"7e046e35-7acd-4a1a-8c09-eb74455a7d0b","local_time":"20190322000516","is_ascension_mode":true,"campfire_choices":[{"floor":7.0,"key":"REST"},{"data":"Shockwave","floor":10.0,"key":"SMITH"},{"floor":15,"key":"REST"},{"data":"Limit Break","floor":23,"key":"SMITH"}],"neow_cost":"NONE","seed_source_timestamp":182054426757368,"circlet_count":0,"master_deck":["AscendersBane","Strike_R","Strike_R","Strike_R","Strike_R","Defend_R","Defend_R","Defend_R","Defend_R","Bash","Iron Wave","Doubt","Iron Wave","Sword Boomerang","Shockwave+1","Power Through","Corruption","Metamorphosis","Iron Wave","Hemokinesis","Headbutt","Dropkick","Barricade","Armaments+1","Limit Break+1"],"special_seed":0,"relics":["Burning Blood","PreservedInsect","Blood Vial","Oddly Smooth Stone","WingedGreaves","Black Star","Smiling Mask","Mango","Pear","Nloth\u0027s Gift"],"potions_floor_usage":[18,20,24],"damage_taken":[{"damage":0.0,"enemies":"Cultist","floor":1.0,"turns":4.0},{"damage":7.0,"enemies":"Small Slimes","floor":4.0,"turns":5.0},{"damage":11.0,"enemies":"2 Louse","floor":5.0,"turns":3.0},{"damage":32.0,"enemies":"Gremlin Nob","floor":6.0,"turns":4.0},{"damage":25.0,"enemies":"3 Sentries","floor":8.0,"turns":10.0},{"damage":21,"enemies":"Lagavulin","floor":12,"turns":5},{"damage":6,"enemies":"2 Fungi Beasts","floor":13,"turns":4},{"damage":17,"enemies":"Hexaghost","floor":16,"turns":7},{"damage":20,"enemies":"3 Byrds","floor":18,"turns":3},{"damage":24,"enemies":"Colosseum Slavers","floor":20,"turns":6},{"damage":7,"enemies":"Colosseum Nobs","floor":20,"turns":4},{"damage":20,"enemies":"Chosen","floor":22,"turns":7},{"damage":64,"enemies":"Slavers","floor":24,"turns":6}],"seed_played":"5063685954441383768","potions_obtained":[{"floor":1.0,"key":"PowerPotion"},{"floor":4.0,"key":"SmokeBomb"},{"floor":6.0,"key":"GamblersBrew"},{"floor":8.0,"key":"FearPotion"},{"floor":22,"key":"Poison Potion"}],"is_trial":false,"path_per_floor":["M","?","?","M","M","E","R","E","T","R","$","E","M","$","R","B",null,"M","?","?","?","M","R","E"],"character_chosen":"IRONCLAD","items_purchased":["Corruption","Metamorphosis","Iron Wave","Hemokinesis"],"campfire_rested":2,"item_purchase_floors":[11,11,11,11],"current_hp_per_floor":[78,78,78,77,72,46,70,53,53,53,53,40,42,42,66,57,74,62,62,71,71,59,59,0],"gold":176,"neow_bonus":"RANDOM_COMMON_RELIC","is_prod":false,"is_daily":false,"chose_seed":false,"campfire_upgraded":2,"win_rate":0,"timestamp":1553173516,"path_taken":["M","?","?","M","M","E","R","E","T","R","$","E","M","$","R","BOSS","M","?","?","?","?","R","E"],"build_version":"2019-01-23","purchased_purges":0,"victory":false,"max_hp_per_floor":[80,80,80,80,80,80,80,80,80,80,80,80,80,80,80,80,80,80,80,104,104,104,104,104],"card_choices":[{"not_picked":["Hemokinesis","Warcry"],"picked":"Iron Wave","floor":1.0},{"not_picked":["Havoc","Entrench"],"picked":"Iron Wave","floor":4.0},{"not_picked":["Thunderclap","Rampage"],"picked":"Sword Boomerang","floor":5.0},{"not_picked":["Pommel Strike","Wild Strike"],"picked":"Shockwave","floor":6.0},{"not_picked":["Feed","Perfected Strike"],"picked":"Power Through","floor":8.0},{"not_picked":["Clothesline","Fire Breathing"],"picked":"Headbutt","floor":12},{"not_picked":["Pummel","Body Slam"],"picked":"Dropkick","floor":13},{"not_picked":["Offering","Brutality"],"picked":"Barricade","floor":16},{"not_picked":["Clothesline","True Grit"],"picked":"Armaments+1","floor":20},{"not_picked":["Pommel Strike","Entrench"],"picked":"Limit Break","floor":22}],"player_experience":1052424,"relics_obtained":[{"floor":6.0,"key":"Blood Vial"},{"floor":8.0,"key":"Oddly Smooth Stone"},{"floor":9.0,"key":"Orichalcum"},{"floor":12,"key":"WingedGreaves"},{"floor":20,"key":"Mango"},{"floor":20,"key":"Pear"}],"event_choices":[{"cards_removed":["Strike_R"],"damage_healed":0.0,"max_hp_gain":0.0,"max_hp_loss":0.0,"gold_gain":0.0,"event_name":"The Cleric","player_choice":"Card Removal","floor":2.0,"gold_loss":50.0,"damage_taken":0.0},{"damage_healed":0.0,"max_hp_gain":0.0,"max_hp_loss":0.0,"gold_gain":175.0,"event_name":"Liars Game","player_choice":"AGREE","floor":3.0,"gold_loss":0.0,"damage_taken":0.0,"cards_obtained":["Doubt"]},{"damage_healed":0,"gold_gain":0,"player_choice":"Obtained Relic","damage_taken":0,"relics_obtained":["Smiling Mask"],"max_hp_gain":0,"max_hp_loss":0,"event_name":"Addict","floor":19,"gold_loss":85},{"damage_healed":0,"gold_gain":0,"player_choice":"Fight","damage_taken":0,"max_hp_gain":0,"max_hp_loss":0,"event_name":"Colosseum","floor":20,"gold_loss":0},{"damage_healed":0,"gold_gain":0,"player_choice":"Fought Nobs","damage_taken":0,"max_hp_gain":0,"max_hp_loss":0,"event_name":"Colosseum","floor":20,"gold_loss":0},{"damage_healed":0,"gold_gain":0,"player_choice":"Traded Relic","damage_taken":0,"relics_obtained":["Nloth\u0027s Gift"],"max_hp_gain":0,"max_hp_loss":0,"event_name":"N\u0027loth","floor":21,"relics_lost":["Orichalcum"],"gold_loss":0}],"is_beta":false,"boss_relics":[{"not_picked":["Velvet Choker","Coffee Dripper"],"picked":"Black Star"}],"items_purged_floors":[],"is_endless":false,"potions_floor_spawned":[1,4,6,8,18,22],"killed_by":"Slavers","ascension_level":12}