{"gold_per_floor":[110,73,91,106,121,121,146,146,170,185,240,205,54,66,66,167,167,183,183,3,18,18,49,49,49,49,49,49,49,49],"floor_reached":30,"playtime":2557,"items_purged":[],"score":410,"play_id":"8a150b9f-bf60-4507-bc8a-4f8beae24f02","local_time":"20190325231024","is_ascension_mode":true,"campfire_choices":[{"data":"Shockwave","floor":6.0,"key":"SMITH"},{"data":"Panacea","floor":8.0,"key":"SMITH"},{"floor":15.0,"key":"REST"},{"floor":25.0,"key":"REST"},{"floor":28.0,"key":"REST"}],"neow_cost":"NONE","seed_source_timestamp":204997886200720,"circlet_count":0,"master_deck":["AscendersBane","Strike_R","Strike_R","Strike_R","Strike_R","Defend_R","Defend_R","Defend_R","Defend_R","Bash","Panacea+1","Pommel Strike","Disarm","Flex","Shockwave+1","Cleave","Limit Break","Flex","Double Tap","Carnage","Headbutt","Limit Break","Ghostly Armor","Panache","Havoc+1","Wild Strike","Decay","Exhume","Dual Wield"],"special_seed":0,"relics":["Burning Blood","Lantern","Tiny Chest","Cursed Key","Nloth\u0027s Gift","Juzu Bracelet","Dream Catcher"],"potions_floor_usage":[30],"damage_taken":[{"damage":2.0,"enemies":"2 Louse","floor":1.0,"turns":3.0},{"damage":7.0,"enemies":"Jaw Worm","floor":3.0,"turns":3.0},{"damage":4.0,"enemies":"Cultist","floor":4.0,"turns":3.0},{"damage":7.0,"enemies":"Lots of Slimes","floor":5.0,"turns":4.0},{"damage":24.0,"enemies":"3 Sentries","floor":7.0,"turns":7.0},{"damage":5.0,"enemies":"3 Louse","floor":10.0,"turns":3.0},{"damage":49.0,"enemies":"Gremlin Nob","floor":11.0,"turns":5.0},{"damage":0.0,"enemies":"Looter","floor":14.0,"turns":2.0},{"damage":26.0,"enemies":"Slime Boss","floor":16.0,"turns":6.0},{"damage":19.0,"enemies":"3 Byrds","floor":18.0,"turns":5.0},{"damage":22.0,"enemies":"2 Thieves","floor":21.0,"turns":3.0},{"damage":36.0,"enemies":"Gremlin Leader","floor":23.0,"turns":6.0},{"damage":61,"enemies":"Book of Stabbing","floor":30,"turns":5}],"seed_played":"7379009175479627650","potions_obtained":[{"floor":1.0,"key":"Fire Potion"},{"floor":3.0,"key":"Strength Potion"},{"floor":5.0,"key":"SteroidPotion"},{"floor":11.0,"key":"Block Potion"},{"floor":14.0,"key":"SpeedPotion"},{"floor":18.0,"key":"FearPotion"}],"is_trial":false,"path_per_floor":["M","?","M","M","M","R","E","R","T","M","E","?","$","M","R","B",null,"M","?","$","M","$","E","?","R","T","?","R","?","E"],"character_chosen":"IRONCLAD","items_purchased":["Double Tap","Carnage","Panache"],"campfire_rested":3,"item_purchase_floors":[13,13,20],"current_hp_per_floor":[76,76,75,77,76,76,58,58,58,59,16,36,36,42,66,46,72,59,59,59,43,43,13,13,37,37,37,61,61,0],"gold":49,"neow_bonus":"RANDOM_COLORLESS","is_prod":false,"is_daily":false,"chose_seed":false,"campfire_upgraded":2,"win_rate":0,"timestamp":1553515824,"path_taken":["M","?","M","M","M","R","E","R","T","M","E","?","$","M","R","BOSS","M","?","$","M","?","E","?","R","T","?","R","?","E"],"build_version":"2019-01-23","purchased_purges":0,"victory":false,"max_hp_per_floor":[80,80,80,80,80,80,80,80,80,80,80,80,80,80,80,80,80,80,80,80,80,80,80,80,80,80,80,80,80,80],"card_choices":[{"not_picked":["Twin Strike","Feel No Pain"],"picked":"Pommel Strike","floor":1.0},{"not_picked":["Pommel Strike","Thunderclap"],"picked":"Disarm","floor":3.0},{"not_picked":["Battle Trance","Anger"],"picked":"Flex","floor":4.0},{"not_picked":["Hemokinesis","Havoc"],"picked":"Shockwave","floor":5.0},{"not_picked":["Body Slam","Wild Strike"],"picked":"Cleave","floor":7.0},{"not_picked":["Iron Wave","Flex"],"picked":"Limit Break","floor":10.0},{"not_picked":["Cleave","Spot Weakness"],"picked":"Flex","floor":11.0},{"not_picked":["Anger","Power Through"],"picked":"Headbutt","floor":14.0},{"not_picked":["Impervious","Double Tap"],"picked":"Limit Break","floor":16.0},{"not_picked":["Sword Boomerang","Reckless Charge"],"picked":"Ghostly Armor","floor":18.0},{"not_picked":["Twin Strike","Thunderclap"],"picked":"Havoc+1","floor":21.0},{"not_picked":["Iron Wave","Twin Strike"],"picked":"Wild Strike","floor":23.0},{"not_picked":["Sentinel","Fire Breathing"],"picked":"Dual Wield","floor":28.0}],"player_experience":1091288,"relics_obtained":[{"floor":7.0,"key":"Lantern"},{"floor":9.0,"key":"Anchor"},{"floor":11.0,"key":"Tiny Chest"},{"floor":23.0,"key":"Juzu Bracelet"},{"floor":26.0,"key":"Dream Catcher"}],"event_choices":[{"damage_healed":0.0,"max_hp_gain":0.0,"max_hp_loss":0.0,"gold_gain":0.0,"event_name":"World of Goop","player_choice":"Left Gold","floor":2.0,"gold_loss":37.0,"damage_taken":0.0},{"damage_healed":20.0,"max_hp_gain":0.0,"max_hp_loss":0.0,"gold_gain":0.0,"event_name":"The Cleric","player_choice":"Healed","floor":12.0,"gold_loss":35.0,"damage_taken":0.0},{"damage_healed":0.0,"max_hp_gain":0.0,"max_hp_loss":0.0,"gold_gain":0.0,"event_name":"N\u0027loth","player_choice":"Traded Relic","floor":19.0,"relics_lost":["Anchor"],"gold_loss":0.0,"damage_taken":0.0,"relics_obtained":["Nloth\u0027s Gift"]},{"damage_healed":0.0,"max_hp_gain":0.0,"max_hp_loss":0.0,"gold_gain":0.0,"event_name":"Beggar","player_choice":"Ignored","floor":24.0,"gold_loss":0.0,"damage_taken":0.0},{"damage_healed":0.0,"max_hp_gain":0.0,"max_hp_loss":0.0,"gold_gain":0.0,"cards_transformed":["Shame","Strike_R"],"event_name":"Drug Dealer","player_choice":"Became Test Subject","floor":27.0,"gold_loss":0.0,"damage_taken":0.0,"cards_obtained":["Decay","Exhume"]},{"damage_healed":0.0,"max_hp_gain":0.0,"max_hp_loss":0.0,"gold_gain":0.0,"event_name":"Ghosts","player_choice":"Ignored","floor":29.0,"gold_loss":0.0,"damage_taken":0.0}],"is_beta":false,"boss_relics":[{"not_picked":["Velvet Choker","Ectoplasm"],"picked":"Cursed Key"}],"items_purged_floors":[],"is_endless":false,"potions_floor_spawned":[1,3,5,11,14,18],"killed_by":"Book of Stabbing","ascension_level":12}