{"gold_per_floor":[114,125,144,157,171,206,217,217,266,266,281,281,297,327,327,426,426,442,458,458],"floor_reached":20,"playtime":2202,"items_purged":[],"score":209,"play_id":"c2019148-6a08-46ab-bd8e-240c1baa0cdb","local_time":"20190128234331","is_ascension_mode":true,"campfire_choices":[{"floor":10,"key":"REST"},{"floor":12,"key":"REST"},{"floor":15,"key":"REST"}],"neow_cost":"NONE","seed_source_timestamp":260198885421636,"circlet_count":0,"master_deck":["Strike_B","Strike_B","Strike_B","Strike_B","Defend_B","Defend_B","Defend_B","Defend_B","Zap","Dualcast","Streamline","Consume","Ball Lightning","Turbo","Reinforced Body","Auto Shields","BootSequence","Capacitor","Aggregate","Stack","Amplify","Double Energy+1","Beam Cell+1"],"relics":["Cracked Core","NeowsBlessing","Torii","Boot","Nuclear Battery"],"potions_floor_usage":[4,4,5,18],"damage_taken":[{"damage":0,"enemies":"2 Louse","floor":1,"turns":1},{"damage":0,"enemies":"Jaw Worm","floor":2,"turns":1},{"damage":0,"enemies":"Small Slimes","floor":3,"turns":1},{"damage":2,"enemies":"Exordium Wildlife","floor":4,"turns":2},{"damage":10,"enemies":"Lots of Slimes","floor":5,"turns":3},{"damage":40,"enemies":"3 Sentries","floor":6,"turns":8},{"damage":11,"enemies":"Exordium Thugs","floor":7,"turns":3},{"damage":0,"enemies":"2 Fungi Beasts","floor":11,"turns":3},{"damage":1,"enemies":"Exordium Wildlife","floor":13,"turns":3},{"damage":25,"enemies":"Gremlin Nob","floor":14,"turns":4},{"damage":15,"enemies":"Hexaghost","floor":16,"turns":10},{"damage":21,"enemies":"3 Byrds","floor":18,"turns":5},{"damage":1,"enemies":"Chosen","floor":19,"turns":6},{"damage":56,"enemies":"Centurion and Healer","floor":20,"turns":10}],"seed_played":"-2499674372805717859","potions_obtained":[{"floor":2,"key":"AttackPotion"},{"floor":3,"key":"Explosive Potion"},{"floor":4,"key":"Energy Potion"},{"floor":7,"key":"Swift Potion"},{"floor":16,"key":"Ancient Potion"}],"is_trial":false,"path_per_floor":["M","M","M","M","M","E","M","?","T","R","M","R","M","E","R","B",null,"M","M","M"],"character_chosen":"DEFECT","items_purchased":[],"campfire_rested":3,"item_purchase_floors":[],"current_hp_per_floor":[75,75,75,73,63,23,12,5,5,27,27,49,48,23,45,30,75,54,53,0],"gold":458,"neow_bonus":"THREE_ENEMY_KILL","is_prod":false,"is_daily":false,"chose_seed":false,"campfire_upgraded":0,"win_rate":0,"timestamp":1548679411,"path_taken":["M","M","M","M","M","E","M","?","T","R","M","R","M","E","R","BOSS","M","M","M"],"build_version":"2019-01-23","purchased_purges":0,"victory":false,"max_hp_per_floor":[75,75,75,75,75,75,75,75,75,75,75,75,75,75,75,75,75,75,75,75],"card_choices":[{"not_picked":["Redo","Undo"],"picked":"Streamline","floor":1},{"not_picked":["Gash","Conserve Battery"],"picked":"Consume","floor":2},{"not_picked":["FTL","Steam"],"picked":"Ball Lightning","floor":3},{"not_picked":["Compile Driver","Coolheaded"],"picked":"Turbo","floor":4},{"not_picked":["Ball Lightning","Loop"],"picked":"Reinforced Body","floor":5},{"not_picked":["Sweeping Beam","Compile Driver"],"picked":"Auto Shields","floor":6},{"not_picked":["Fission","Skim"],"picked":"BootSequence","floor":7},{"not_picked":["Redo","Hologram"],"picked":"Capacitor","floor":11},{"not_picked":["Lockon","Cold Snap"],"picked":"Aggregate","floor":13},{"not_picked":["Turbo","Ball Lightning"],"picked":"Stack","floor":14},{"not_picked":["Seek","Meteor Strike"],"picked":"Amplify","floor":16},{"not_picked":["Go for the Eyes","Cold Snap"],"picked":"Double Energy+1","floor":18},{"not_picked":["Heatsinks","Rip and Tear"],"picked":"Beam Cell+1","floor":19}],"player_experience":177100,"relics_obtained":[{"floor":6,"key":"Torii"},{"floor":14,"key":"Boot"}],"event_choices":[{"damage_healed":0,"gold_gain":0,"player_choice":"Fled","damage_taken":7,"max_hp_gain":0,"max_hp_loss":0,"event_name":"Scrap Ooze","floor":8,"gold_loss":0}],"is_beta":false,"boss_relics":[{"not_picked":["Sozu","Empty Cage"],"picked":"Nuclear Battery"}],"items_purged_floors":[],"is_endless":false,"potions_floor_spawned":[2,3,4,7,16],"killed_by":"Centurion and Healer","ascension_level":2}