{"gold_per_floor":[216,236,31,46,46,46,72,72,150,150,12,22,51,71,71,143,143,114,114,114,126,41,41],"floor_reached":23,"playtime":1157,"items_purged":[],"score":368,"play_id":"89fe3fe3-bcb1-4a99-89ae-15edbca730db","local_time":"20190610115002","is_ascension_mode":true,"campfire_choices":[{"data":"Dash","floor":6,"key":"SMITH"},{"floor":8,"key":"REST"},{"data":"Footwork","floor":10,"key":"SMITH"},{"floor":15,"key":"REST"}],"neow_cost":"NONE","seed_source_timestamp":77019046179734,"circlet_count":0,"master_deck":["AscendersBane","Defend_G","Defend_G+1","Defend_G","Defend_G","Defend_G","Strike_G","Strike_G","Strike_G+1","Survivor","Neutralize","Wraith Form v2","Bouncing Flask","Dash+1","Backstab","Footwork+1","Noxious Fumes","Dodge and Roll","Dagger Spray","Burst","Backflip","Ghostly","Ghostly","Ghostly","Deadly Poison"],"relics":["Ring of the Snake","Potion Belt","Matryoshka","PreservedInsect","Empty Cage","Prayer Wheel"],"potions_floor_usage":[16,16,18,19,23],"damage_taken":[{"damage":0,"enemies":"Cultist","floor":1,"turns":4},{"damage":0,"enemies":"2 Louse","floor":2,"turns":2},{"damage":1,"enemies":"Jaw Worm","floor":4,"turns":5},{"damage":23,"enemies":"Gremlin Nob","floor":7,"turns":5},{"damage":3,"enemies":"3 Louse","floor":12,"turns":3},{"damage":18,"enemies":"3 Sentries","floor":13,"turns":7},{"damage":0,"enemies":"Exordium Wildlife","floor":14,"turns":4},{"damage":20,"enemies":"Hexaghost","floor":16,"turns":13},{"damage":19,"enemies":"2 Thieves","floor":18,"turns":4},{"damage":12,"enemies":"Colosseum Slavers","floor":19,"turns":7},{"damage":4,"enemies":"Chosen","floor":21,"turns":7},{"damage":19,"enemies":"Slavers","floor":23,"turns":1}],"seed_played":"-6125354208761630200","potions_obtained":[{"floor":4,"key":"Dexterity Potion"},{"floor":7,"key":"Poison Potion"},{"floor":13,"key":"AttackPotion"},{"floor":14,"key":"SpeedPotion"},{"floor":16,"key":"Fire Potion"}],"is_trial":false,"path_per_floor":["M","M","$","M","?","R","E","R","T","R","$","M","E","M","R","B",null,"M","?","?","M","?","E"],"character_chosen":"THE_SILENT","items_purchased":["Bouncing Flask","Dash","Backstab","Noxious Fumes","Dodge and Roll"],"campfire_rested":2,"item_purchase_floors":[3,3,3,11,11],"current_hp_per_floor":[59,59,59,58,38,38,15,34,34,34,34,31,13,13,32,12,53,34,22,22,18,18,0],"gold":41,"neow_bonus":"HUNDRED_GOLD","is_prod":false,"is_daily":false,"chose_seed":false,"campfire_upgraded":2,"win_rate":0,"timestamp":1560160202,"path_taken":["M","?","$","M","?","R","E","R","T","R","?","M","E","M","R","BOSS","M","?","?","M","?","E"],"build_version":"2019-01-23","purchased_purges":0,"victory":false,"max_hp_per_floor":[66,66,66,66,66,66,66,66,66,66,66,66,66,66,66,66,66,66,66,33,33,33,33],"card_choices":[{"not_picked":["Slice","Bane","Acrobatics"],"picked":"SKIP","floor":1},{"not_picked":["Deadly Poison","Quick Slash"],"picked":"Wraith Form v2","floor":2},{"not_picked":["Accuracy","Terror","Flechettes"],"picked":"SKIP","floor":4},{"not_picked":["Backstab","Venomology"],"picked":"Footwork","floor":7},{"not_picked":["Cloak And Dagger","Outmaneuver"],"picked":"Dagger Spray","floor":12},{"not_picked":["Dagger Throw","Reflex","Tactician"],"picked":"SKIP","floor":13},{"not_picked":["Dagger Spray","Choke","Grand Finale"],"picked":"SKIP","floor":14},{"not_picked":["After Image","Wraith Form v2"],"picked":"Burst","floor":16},{"not_picked":["PiercingWail","Flechettes"],"picked":"Backflip","floor":18},{"not_picked":["Flying Knee","Skewer"],"picked":"Deadly Poison","floor":21}],"player_experience":729867,"relics_obtained":[{"floor":7,"key":"Potion Belt"},{"floor":9,"key":"Matryoshka"},{"floor":13,"key":"PreservedInsect"}],"event_choices":[{"damage_healed":0,"gold_gain":0,"player_choice":"Entered Light","damage_taken":20,"max_hp_gain":0,"max_hp_loss":0,"event_name":"Shining Light","floor":5,"gold_loss":0,"cards_upgraded":["Defend_G","Strike_G"]},{"damage_healed":0,"gold_gain":0,"player_choice":"Fight","damage_taken":0,"max_hp_gain":0,"max_hp_loss":0,"event_name":"Colosseum","floor":19,"gold_loss":0},{"damage_healed":0,"gold_gain":0,"player_choice":"Fled From Nobs","damage_taken":0,"max_hp_gain":0,"max_hp_loss":0,"event_name":"Colosseum","floor":19,"gold_loss":0},{"damage_healed":0,"gold_gain":0,"player_choice":"Became a Ghost","damage_taken":0,"max_hp_gain":0,"max_hp_loss":33,"event_name":"Ghosts","floor":20,"gold_loss":0,"cards_obtained":["Ghostly","Ghostly","Ghostly"]},{"damage_healed":0,"gold_gain":0,"player_choice":"Obtained Relic","damage_taken":0,"relics_obtained":["Prayer Wheel"],"max_hp_gain":0,"max_hp_loss":0,"event_name":"Addict","floor":22,"gold_loss":85}],"is_beta":false,"boss_relics":[{"not_picked":["Black Star","Runic Dome"],"picked":"Empty Cage"}],"items_purged_floors":[],"is_endless":false,"potions_floor_spawned":[4,7,13,14,16],"killed_by":"Slavers","ascension_level":17}