{"gold_per_floor":[113,113,34,34,48,48,78,107,107,107,140,140,152,152,152,229,229,194,210,22,42,59,59,92,142,167,167,12,12,46,58,58,58],"floor_reached":33,"playtime":1545,"items_purged":["Strike_R"],"score":524,"play_id":"0cc261d9-2139-49a6-9f05-f093be4887ee","local_time":"20190611172802","is_ascension_mode":true,"campfire_choices":[{"data":"Bash","floor":6.0,"key":"SMITH"},{"floor":10.0,"key":"REST"},{"data":"Shockwave","floor":12.0,"key":"SMITH"},{"floor":15.0,"key":"REST"},{"floor":23.0,"key":"REST"},{"data":"Inflame","floor":27,"key":"SMITH"},{"floor":29,"key":"REST"},{"floor":32,"key":"REST"}],"neow_cost":"PERCENT_DAMAGE","seed_source_timestamp":0,"circlet_count":0,"master_deck":["AscendersBane","Strike_R","Strike_R","Strike_R","Strike_R","Defend_R","Defend_R","Defend_R+1","Defend_R","Bash+1","Clothesline","Shockwave+1","True Grit+1","Disarm+1","Fiend Fire","Impervious","Body Slam+1","Cleave","Inflame+1","Sword Boomerang","Pommel Strike","Second Wind","Metallicize","Panacea","Sentinel","Juggernaut"],"special_seed":0,"relics":["Burning Blood","Ginger","Tiny Chest","Calipers","FossilizedHelix","Oddly Smooth Stone","Eternal Feather","Unceasing Top","War Paint","Letter Opener"],"potions_floor_usage":[24,24,33,33],"damage_taken":[{"damage":3.0,"enemies":"Jaw Worm","floor":1.0,"turns":5.0},{"damage":5.0,"enemies":"Small Slimes","floor":5.0,"turns":4.0},{"damage":42.0,"enemies":"Lagavulin","floor":8.0,"turns":8.0},{"damage":40.0,"enemies":"3 Sentries","floor":11.0,"turns":11.0},{"damage":0.0,"enemies":"2 Louse","floor":13.0,"turns":4.0},{"damage":39.0,"enemies":"The Guardian","floor":16.0,"turns":18.0},{"damage":22.0,"enemies":"2 Thieves","floor":18.0,"turns":5.0},{"damage":5.0,"enemies":"3 Byrds","floor":19.0,"turns":13.0},{"damage":18.0,"enemies":"Cultist and Chosen","floor":21.0,"turns":9.0},{"damage":28.0,"enemies":"Centurion and Healer","floor":22.0,"turns":9.0},{"damage":44,"enemies":"Slavers","floor":24,"turns":6},{"damage":28,"enemies":"Book of Stabbing","floor":30,"turns":9},{"damage":32,"enemies":"3 Cultists","floor":31,"turns":6},{"damage":57,"enemies":"Automaton","floor":33,"turns":10}],"seed_played":"189200680567174766","potions_obtained":[{"floor":13.0,"key":"Poison Potion"},{"floor":16.0,"key":"Strength Potion"},{"floor":21.0,"key":"Strength Potion"},{"floor":30,"key":"Dexterity Potion"}],"is_trial":false,"path_per_floor":["M","?","$","?","M","R","?","E","T","R","E","R","M","?","R","B",null,"M","M","$","M","M","R","E","?","T","R","$","R","E","M","R","B"],"character_chosen":"IRONCLAD","items_purchased":["Shockwave","Inflame","Sword Boomerang","Panacea","SteroidPotion"],"campfire_rested":5,"item_purchase_floors":[3,20,20,28,28],"current_hp_per_floor":[53,53,53,58,59,59,59,23,23,47,13,13,19,19,43,10,63,47,48,48,36,14,50,12,12,12,24,24,60,38,12,51,0],"gold":58,"neow_bonus":"ONE_RARE_RELIC","is_prod":false,"is_daily":false,"chose_seed":false,"campfire_upgraded":3,"win_rate":0,"timestamp":1560266882,"path_taken":["M","?","$","?","M","R","?","E","T","R","E","R","?","?","R","BOSS","M","M","$","?","M","R","E","?","T","R","$","R","E","M","R","BOSS"],"build_version":"2019-01-23","purchased_purges":1,"victory":false,"max_hp_per_floor":[75,75,75,80,80,80,80,80,80,80,80,80,80,80,80,80,80,80,80,80,80,80,80,80,80,80,80,80,80,80,80,80,80],"card_choices":[{"not_picked":["Iron Wave","Clash"],"picked":"Clothesline","floor":1.0},{"not_picked":["Headbutt","Warcry"],"picked":"True Grit","floor":5.0},{"not_picked":["Flex","Warcry"],"picked":"Disarm","floor":8.0},{"not_picked":["Twin Strike","Carnage"],"picked":"Fiend Fire","floor":11.0},{"not_picked":["Cleave","Clash","Rage"],"picked":"SKIP","floor":13.0},{"not_picked":["Berserk","Limit Break"],"picked":"Impervious","floor":16.0},{"not_picked":["Iron Wave","Sword Boomerang"],"picked":"Body Slam+1","floor":18.0},{"not_picked":["Twin Strike","Sentinel"],"picked":"Cleave","floor":19.0},{"not_picked":["Clothesline","Warcry"],"picked":"Pommel Strike","floor":21.0},{"not_picked":["Seeing Red","Anger"],"picked":"Second Wind","floor":22.0},{"not_picked":["Hemokinesis","Searing Blow"],"picked":"Metallicize","floor":24},{"not_picked":["Rupture","Reckless Charge"],"picked":"Sentinel","floor":30},{"not_picked":["Twin Strike","Perfected Strike"],"picked":"Juggernaut","floor":31}],"player_experience":742011,"relics_obtained":[{"floor":8.0,"key":"Calipers"},{"floor":9.0,"key":"FossilizedHelix"},{"floor":11.0,"key":"Oddly Smooth Stone"},{"floor":24,"key":"Unceasing Top"},{"floor":26,"key":"War Paint"},{"floor":30,"key":"Letter Opener"}],"event_choices":[{"damage_healed":0.0,"max_hp_gain":0.0,"max_hp_loss":0.0,"gold_gain":0.0,"event_name":"Golden Idol","player_choice":"Ignored","floor":2.0,"gold_loss":0.0,"damage_taken":0.0},{"damage_healed":0.0,"max_hp_gain":5.0,"max_hp_loss":0.0,"gold_gain":0.0,"event_name":"Big Fish","player_choice":"Donut","floor":4.0,"gold_loss":0.0,"damage_taken":0.0},{"damage_healed":0.0,"max_hp_gain":0.0,"max_hp_loss":0.0,"gold_gain":0.0,"event_name":"Dead Adventurer","player_choice":"Searched \u00271\u0027 times","floor":7.0,"gold_loss":0.0,"damage_taken":0.0,"relics_obtained":["Tiny Chest"]},{"damage_healed":0.0,"max_hp_gain":0.0,"max_hp_loss":0.0,"gold_gain":0.0,"event_name":"Upgrade Shrine","player_choice":"Upgraded","floor":14.0,"gold_loss":0.0,"damage_taken":0.0,"cards_upgraded":["Disarm"]},{"damage_healed":0,"gold_gain":50,"player_choice":"Stole From Cult","damage_taken":0,"max_hp_gain":0,"max_hp_loss":0,"event_name":"Nest","floor":25,"gold_loss":0}],"is_beta":false,"boss_relics":[{"not_picked":["Runic Cube","Runic Dome"],"picked":"Eternal Feather"}],"items_purged_floors":[20],"is_endless":false,"potions_floor_spawned":[13,16,21,30,31],"killed_by":"Automaton","ascension_level":16}