{"gold_per_floor":[116,128,57,132,144,174,174,174,229,257,272,284,284,294,294,294],"floor_reached":16,"playtime":2106,"items_purged":[],"score":112,"play_id":"4be2be00-1615-49a0-8dd3-b9385878303b","local_time":"20181229224440","is_ascension_mode":false,"campfire_choices":[{"floor":7,"key":"REST"},{"floor":15,"key":"REST"}],"neow_cost":"NONE","seed_source_timestamp":1357316334903,"circlet_count":0,"master_deck":["Strike_R","Strike_R","Strike_R","Strike_R","Strike_R","Defend_R","Defend_R","Defend_R","Bash","Infernal Blade","Perfected Strike","Sever Soul","Battle Trance","Clash","Cleave","Iron Wave","Infernal Blade","Dropkick","Impervious","Corruption"],"relics":["Burning Blood","Pen Nib","Potion Belt","Shuriken","Oddly Smooth Stone"],"potions_floor_usage":[6,16],"damage_taken":[{"damage":6,"enemies":"Cultist","floor":1,"turns":3},{"damage":0,"enemies":"Small Slimes","floor":2,"turns":2},{"damage":11,"enemies":"Jaw Worm","floor":5,"turns":3},{"damage":44,"enemies":"Lagavulin","floor":6,"turns":7},{"damage":21,"enemies":"3 Sentries","floor":10,"turns":7},{"damage":14,"enemies":"Blue Slaver","floor":11,"turns":3},{"damage":0,"enemies":"Exordium Thugs","floor":12,"turns":3},{"damage":0,"enemies":"2 Fungi Beasts","floor":14,"turns":2},{"damage":81,"enemies":"The Guardian","floor":16,"turns":9}],"seed_played":"5060751332182196998","potions_obtained":[{"floor":5,"key":"Regen Potion"},{"floor":6,"key":"EssenceOfSteel"},{"floor":11,"key":"GamblersBrew"}],"is_trial":false,"path_per_floor":["M","M","$","?","M","E","R","?","T","E","M","M","T","M","R","B"],"character_chosen":"IRONCLAD","items_purchased":["Battle Trance"],"campfire_rested":2,"item_purchase_floors":[3],"current_hp_per_floor":[80,80,80,69,64,41,65,65,65,50,42,48,48,54,78,0],"gold":294,"neow_bonus":"THREE_CARDS","is_prod":false,"is_daily":false,"chose_seed":false,"campfire_upgraded":0,"win_rate":0.0,"timestamp":1546083880,"path_taken":["M","M","$","?","M","E","R","?","T","E","M","?","?","M","R","BOSS"],"build_version":"2018-12-20","purchased_purges":0,"victory":false,"max_hp_per_floor":[80,80,80,80,80,80,80,80,80,80,80,80,80,80,80,80],"card_choices":[{"not_picked":["Combust","Disarm"],"picked":"Infernal Blade","floor":0},{"not_picked":["Shrug It Off","Warcry"],"picked":"Perfected Strike","floor":1},{"not_picked":["Power Through","Searing Blow"],"picked":"Sever Soul","floor":2},{"not_picked":["Warcry","Second Wind"],"picked":"Clash","floor":5},{"not_picked":["Twin Strike","Pummel"],"picked":"Cleave","floor":6},{"not_picked":["Sword Boomerang","Fire Breathing"],"picked":"Infernal Blade","floor":10},{"not_picked":["Battle Trance","Seeing Red"],"picked":"Dropkick","floor":11},{"not_picked":["Flex","Twin Strike"],"picked":"Impervious","floor":12},{"not_picked":["Feel No Pain","Armaments"],"picked":"Corruption","floor":14}],"player_experience":18169,"relics_obtained":[{"floor":6,"key":"Pen Nib"},{"floor":9,"key":"Potion Belt"},{"floor":10,"key":"Shuriken"},{"floor":13,"key":"Oddly Smooth Stone"}],"event_choices":[{"damage_healed":0,"gold_gain":75,"player_choice":"Gather Gold","damage_taken":11,"max_hp_gain":0,"max_hp_loss":0,"event_name":"World of Goop","floor":4,"gold_loss":0},{"cards_removed":["Defend_R"],"damage_healed":0,"gold_gain":0,"player_choice":"Took Card","damage_taken":0,"max_hp_gain":0,"max_hp_loss":0,"event_name":"NoteForYourself","floor":8,"gold_loss":0,"cards_obtained":["Iron Wave"]}],"is_beta":false,"boss_relics":[],"items_purged_floors":[],"is_endless":false,"potions_floor_spawned":[5,6,11],"killed_by":"The Guardian","ascension_level":0}