{"gold_per_floor":[118,118,135,149,149,149,149,161,161,161,179,179,204,204,204,204],"floor_reached":16,"playtime":817,"items_purged":[],"score":160,"play_id":"f3fb222f-6ab0-4cc5-bc2c-081b77c258c5","local_time":"20190330143811","is_ascension_mode":true,"campfire_choices":[{"data":"Flex","floor":6,"key":"SMITH"},{"data":"Rupture","floor":10,"key":"SMITH"},{"data":"Bash","floor":12,"key":"SMITH"},{"data":"Inflame","floor":15,"key":"SMITH"}],"neow_cost":"NONE","seed_source_timestamp":324618271231862,"circlet_count":0,"master_deck":["AscendersBane","Strike_R","Strike_R","Strike_R","Strike_R","Strike_R","Defend_R","Defend_R","Defend_R","Defend_R","Bash+1","Seeing Red+1","Entrench+1","Flex+1","Carnage","Rupture+1","Ghostly Armor","Inflame+1","Parasite"],"relics":["Burning Blood","Meat on the Bone","Sundial"],"potions_floor_usage":[8,11,16],"damage_taken":[{"damage":2,"enemies":"2 Louse","floor":1,"turns":3},{"damage":1,"enemies":"Cultist","floor":3,"turns":3},{"damage":8,"enemies":"Small Slimes","floor":4,"turns":3},{"damage":1,"enemies":"Exordium Thugs","floor":8,"turns":3},{"damage":10,"enemies":"Large Slime","floor":11,"turns":4},{"damage":59,"enemies":"Gremlin Nob","floor":13,"turns":6},{"damage":61,"enemies":"Hexaghost","floor":16,"turns":13}],"seed_played":"-7846355876300569506","potions_obtained":[{"floor":1,"key":"Strength Potion"},{"floor":4,"key":"BloodPotion"},{"floor":13,"key":"Dexterity Potion"}],"is_trial":false,"path_per_floor":["M","?","M","M","?","R","?","M","T","R","M","R","E","?","R","B"],"character_chosen":"IRONCLAD","items_purchased":[],"campfire_rested":0,"item_purchase_floors":[],"current_hp_per_floor":[76,76,80,78,78,78,78,80,80,80,80,80,39,59,59,0],"gold":204,"neow_bonus":"THREE_CARDS","is_prod":false,"is_daily":false,"chose_seed":false,"campfire_upgraded":4,"win_rate":0,"timestamp":1553917091,"path_taken":["M","?","?","M","?","R","?","?","T","R","M","R","E","?","R","BOSS"],"build_version":"2019-01-23","purchased_purges":0,"victory":false,"max_hp_per_floor":[80,80,80,80,80,80,80,80,80,80,80,80,80,80,80,80],"card_choices":[{"not_picked":["Warcry","Uppercut"],"picked":"Seeing Red","floor":0},{"not_picked":["Perfected Strike","Feel No Pain"],"picked":"Entrench","floor":1},{"not_picked":["Warcry","Dropkick"],"picked":"Flex","floor":3},{"not_picked":["Anger","Battle Trance"],"picked":"Carnage","floor":4},{"not_picked":["Sever Soul","Infernal Blade"],"picked":"Rupture","floor":8},{"not_picked":["Clothesline","Shrug It Off"],"picked":"Ghostly Armor","floor":11},{"not_picked":["Shockwave","Shrug It Off"],"picked":"Inflame","floor":13}],"player_experience":1108411,"relics_obtained":[{"floor":9,"key":"Meat on the Bone"},{"floor":13,"key":"Sundial"}],"event_choices":[{"damage_healed":0,"gold_gain":0,"player_choice":"Upgraded","damage_taken":0,"max_hp_gain":0,"max_hp_loss":0,"event_name":"Upgrade Shrine","floor":2,"gold_loss":0,"cards_upgraded":["Entrench"]},{"damage_healed":0,"gold_gain":0,"player_choice":"Grow","damage_taken":0,"max_hp_gain":0,"max_hp_loss":0,"event_name":"Living Wall","floor":5,"gold_loss":0,"cards_upgraded":["Seeing Red"]},{"damage_healed":0,"gold_gain":0,"player_choice":"Bought 0 Potions","damage_taken":0,"max_hp_gain":0,"max_hp_loss":0,"event_name":"The Woman in Blue","floor":7,"gold_loss":0},{"damage_healed":20,"gold_gain":0,"player_choice":"Healed and dodged fight","damage_taken":0,"max_hp_gain":0,"max_hp_loss":0,"event_name":"Mushrooms","floor":14,"gold_loss":0,"cards_obtained":["Parasite"]}],"is_beta":false,"boss_relics":[],"items_purged_floors":[],"is_endless":false,"potions_floor_spawned":[1,4,13],"killed_by":"Hexaghost","ascension_level":12}