{"gold_per_floor":[109,109,109,130,153,191,191,366,366,366,366,386,386,405,405,405],"floor_reached":16,"playtime":468,"items_purged":[],"score":105,"play_id":"216d2729-6d8e-429e-906f-10ac02bfc12f","local_time":"20190213232723","is_ascension_mode":true,"campfire_choices":[{"data":"Brutality","floor":7,"key":"SMITH"},{"data":"Flame Barrier","floor":11,"key":"SMITH"},{"floor":13,"key":"REST"},{"data":"Pummel","floor":15,"key":"SMITH"}],"neow_cost":"NONE","seed_source_timestamp":711995724519444,"circlet_count":0,"master_deck":["Strike_R","Strike_R","Strike_R","Strike_R","Strike_R","Defend_R","Defend_R","Defend_R","Defend_R","Bash","Pummel+1","Injury","Flame Barrier+1","Carnage","Brutality+1","Doubt","Cleave","Ghostly Armor"],"relics":["Burning Blood","NeowsBlessing","Golden Idol","Ornamental Fan","Pantograph","Kunai"],"potions_floor_usage":[16,16],"damage_taken":[{"damage":10,"enemies":"Small Slimes","floor":1,"turns":2},{"damage":0,"enemies":"Jaw Worm","floor":4,"turns":1},{"damage":0,"enemies":"2 Louse","floor":5,"turns":1},{"damage":30,"enemies":"Gremlin Nob","floor":6,"turns":5},{"damage":14,"enemies":"Blue Slaver","floor":12,"turns":3},{"damage":9,"enemies":"2 Fungi Beasts","floor":14,"turns":4},{"damage":38,"enemies":"The Guardian","floor":16,"turns":9}],"seed_played":"9076201558895828932","potions_obtained":[{"floor":1,"key":"SkillPotion"},{"floor":14,"key":"Energy Potion"}],"is_trial":false,"path_per_floor":["M","?","?","M","M","E","R","?","T","?","R","M","R","M","R","B"],"character_chosen":"IRONCLAD","items_purchased":[],"campfire_rested":1,"item_purchase_floors":[],"current_hp_per_floor":[76,76,81,85,85,61,61,61,61,58,58,50,75,72,72,47],"gold":405,"neow_bonus":"THREE_ENEMY_KILL","is_prod":false,"is_daily":false,"chose_seed":false,"campfire_upgraded":3,"win_rate":0,"timestamp":1550060843,"path_taken":["M","?","?","M","M","E","R","?","T","?","R","?","R","M","R","BOSS"],"build_version":"2019-01-23","purchased_purges":0,"victory":false,"max_hp_per_floor":[80,80,85,85,85,85,85,85,85,85,85,85,85,85,85,85],"card_choices":[{"not_picked":["Iron Wave","Perfected Strike"],"picked":"Pummel","floor":1},{"not_picked":["Cleave","Shrug It Off"],"picked":"Flame Barrier","floor":4},{"not_picked":["Reckless Charge","Cleave"],"picked":"Carnage","floor":5},{"not_picked":["Offering","Searing Blow"],"picked":"Brutality","floor":6},{"not_picked":["True Grit","Heavy Blade"],"picked":"Cleave","floor":12},{"not_picked":["Feel No Pain","Searing Blow"],"picked":"Ghostly Armor","floor":14}],"player_experience":457238,"relics_obtained":[{"floor":6,"key":"Ornamental Fan"},{"floor":9,"key":"Pantograph"}],"event_choices":[{"damage_healed":0,"gold_gain":0,"player_choice":"Take Wound","damage_taken":0,"relics_obtained":["Golden Idol"],"max_hp_gain":0,"max_hp_loss":0,"event_name":"Golden Idol","floor":2,"gold_loss":0,"cards_obtained":["Injury"]},{"damage_healed":0,"gold_gain":0,"player_choice":"Donut","damage_taken":0,"max_hp_gain":5,"max_hp_loss":0,"event_name":"Big Fish","floor":3,"gold_loss":0},{"damage_healed":0,"gold_gain":175,"player_choice":"AGREE","damage_taken":0,"max_hp_gain":0,"max_hp_loss":0,"event_name":"Liars Game","floor":8,"gold_loss":0,"cards_obtained":["Doubt"]},{"damage_healed":0,"gold_gain":0,"player_choice":"Success","damage_taken":3,"relics_obtained":["Kunai"],"max_hp_gain":0,"max_hp_loss":0,"event_name":"Scrap Ooze","floor":10,"gold_loss":0}],"is_beta":false,"boss_relics":[],"items_purged_floors":[],"is_endless":false,"potions_floor_spawned":[1,14],"killed_by":"The Guardian","ascension_level":1}