{"gold_per_floor":[117,128,146,111,130,165,195,195,270,270,304,319,319,350,350,350],"floor_reached":16,"playtime":9383,"items_purged":[],"score":211,"play_id":"748f0acb-7859-43b7-9743-c86e9f995240","local_time":"20190318174728","is_ascension_mode":true,"campfire_choices":[{"floor":7.0,"key":"DIG"},{"floor":10.0,"key":"REST"},{"floor":15,"key":"REST"}],"neow_cost":"NONE","seed_source_timestamp":0,"circlet_count":0,"master_deck":["AscendersBane","Strike_R","Strike_R","Strike_R","Strike_R","Strike_R","Defend_R","Defend_R","Defend_R","Defend_R","Bash","Headbutt","Headbutt","Power Through","Ghostly Armor","Infernal Blade","Infernal Blade","Clash","Entrench"],"special_seed":0,"relics":["Burning Blood","Shovel","Tiny Chest","Frozen Egg 2","Smiling Mask","Pear","Champion Belt"],"potions_floor_usage":[14],"damage_taken":[{"damage":6.0,"enemies":"Cultist","floor":1.0,"turns":4.0},{"damage":0.0,"enemies":"2 Louse","floor":2.0,"turns":3.0},{"damage":6.0,"enemies":"Jaw Worm","floor":3.0,"turns":4.0},{"damage":14.0,"enemies":"Blue Slaver","floor":5.0,"turns":4.0},{"damage":53.0,"enemies":"Lagavulin","floor":6.0,"turns":9.0},{"damage":55.0,"enemies":"3 Sentries","floor":11.0,"turns":14.0},{"damage":6.0,"enemies":"Exordium Thugs","floor":12.0,"turns":4.0},{"damage":8,"enemies":"Lagavulin","floor":14,"turns":8},{"damage":49,"enemies":"Slime Boss","floor":16,"turns":7}],"seed_played":"8780765851213937611","potions_obtained":[{"floor":2.0,"key":"Ancient Potion"},{"floor":5.0,"key":"Poison Potion"},{"floor":12.0,"key":"FearPotion"}],"is_trial":false,"path_per_floor":["M","M","M","?","M","E","R","?","T","R","E","M","T","E","R","B"],"character_chosen":"IRONCLAD","items_purchased":[],"campfire_rested":2,"item_purchase_floors":[],"current_hp_per_floor":[80,86,86,86,78,31,31,31,31,57,8,8,18,16,45,0],"gold":350,"neow_bonus":"TEN_PERCENT_HP_BONUS","is_prod":false,"is_daily":false,"chose_seed":false,"campfire_upgraded":0,"win_rate":0,"timestamp":1552891648,"path_taken":["M","?","M","?","M","E","R","?","T","R","E","?","?","E","R","BOSS"],"build_version":"2019-01-23","purchased_purges":0,"victory":false,"max_hp_per_floor":[88,88,88,88,88,88,88,88,88,88,88,88,98,98,98,98],"card_choices":[{"not_picked":["Warcry","Thunderclap"],"picked":"Headbutt","floor":1.0},{"not_picked":["Havoc","Perfected Strike"],"picked":"Headbutt","floor":2.0},{"not_picked":["Rage","Dual Wield"],"picked":"Power Through","floor":3.0},{"not_picked":["Clash","Armaments"],"picked":"Ghostly Armor","floor":5.0},{"not_picked":["Cleave","Bludgeon"],"picked":"Infernal Blade","floor":6.0},{"not_picked":["Heavy Blade","Evolve+1"],"picked":"Infernal Blade","floor":11.0},{"not_picked":["Blood for Blood","True Grit"],"picked":"Clash","floor":12.0},{"not_picked":["Seeing Red","Combust+1"],"picked":"Entrench","floor":14}],"player_experience":984580,"relics_obtained":[{"floor":6.0,"key":"Shovel"},{"floor":7.0,"key":"Tiny Chest"},{"floor":9.0,"key":"Frozen Egg 2"},{"floor":11.0,"key":"Smiling Mask"},{"floor":13.0,"key":"Pear"},{"floor":14,"key":"Champion Belt"}],"event_choices":[{"damage_healed":0.0,"max_hp_gain":0.0,"max_hp_loss":0.0,"gold_gain":0.0,"event_name":"World of Goop","player_choice":"Left Gold","floor":4.0,"gold_loss":35.0,"damage_taken":0.0},{"damage_healed":0.0,"max_hp_gain":0.0,"max_hp_loss":0.0,"gold_gain":0.0,"event_name":"The Woman in Blue","player_choice":"Bought 0 Potions","floor":8.0,"gold_loss":0.0,"damage_taken":0.0}],"is_beta":false,"boss_relics":[],"items_purged_floors":[],"is_endless":false,"potions_floor_spawned":[2,5,12],"killed_by":"Slime Boss","ascension_level":11}