{"gold_per_floor":[113,113,130,130,59,89,106,120,145,110,125,125,125,137,137,208,258,276,292,44,60,13,13,23,0,0,0,12,12,32,48,48,124,124,134,134,59,74,92,92,92,92,92,92,92],"floor_reached":45,"playtime":2227,"items_purged":["Regret"],"score":734,"play_id":"33aab531-eed9-4cd4-991f-99c094db4da0","local_time":"20190529232344","is_ascension_mode":true,"campfire_choices":[{"floor":13,"key":"REST"},{"floor":15,"key":"REST"},{"floor":23,"key":"REST"},{"floor":27,"key":"REST"},{"floor":32,"key":"REST"},{"data":"Defragment","floor":40,"key":"SMITH"},{"data":"Coolheaded","floor":42,"key":"SMITH"},{"data":"Coolheaded","floor":44,"key":"SMITH"}],"neow_cost":"NONE","seed_source_timestamp":13096406512006,"circlet_count":0,"master_deck":["AscendersBane","Strike_B+1","Strike_B+1","Strike_B+1","Strike_B+1","Defend_B+1","Defend_B+1","Defend_B+1","Defend_B+1","Zap+1","Dualcast","Aggregate","Coolheaded+1","Coolheaded+1","Cold Snap","Sweeping Beam","Hello World","Beam Cell","Go for the Eyes","Leap","Hyperbeam","Steam","Conserve Battery","Defragment+1","Self Repair","Stack","Blizzard","Cold Snap","Doom and Gloom","Sunder","Cold Snap+1","Gash+1","Electrodynamics","Tempest","Blizzard"],"relics":["Busted Crown","Pen Nib","Dream Catcher","Happy Flower","Mercury Hourglass","Tiny House","DataDisk","Bird Faced Urn","Sozu","Pocketwatch"],"potions_floor_usage":[6,16,18,33,45],"damage_taken":[{"damage":6,"enemies":"2 Louse","floor":1,"turns":2},{"damage":7,"enemies":"Jaw Worm","floor":3,"turns":3},{"damage":30,"enemies":"Gremlin Nob","floor":6,"turns":5},{"damage":3,"enemies":"Small Slimes","floor":7,"turns":5},{"damage":9,"enemies":"Exordium Wildlife","floor":8,"turns":3},{"damage":9,"enemies":"Looter","floor":11,"turns":4},{"damage":5,"enemies":"Blue Slaver","floor":14,"turns":3},{"damage":27,"enemies":"Hexaghost","floor":16,"turns":11},{"damage":23,"enemies":"3 Byrds","floor":18,"turns":3},{"damage":19,"enemies":"Chosen","floor":19,"turns":7},{"damage":12,"enemies":"Shelled Parasite and Fungi","floor":21,"turns":11},{"damage":27,"enemies":"Snecko","floor":24,"turns":7},{"damage":8,"enemies":"Cultist and Chosen","floor":28,"turns":7},{"damage":28,"enemies":"Shelled Parasite and Fungi","floor":30,"turns":6},{"damage":16,"enemies":"Snake Plant","floor":31,"turns":4},{"damage":48,"enemies":"Automaton","floor":33,"turns":16},{"damage":8,"enemies":"3 Shapes","floor":35,"turns":4},{"damage":17,"enemies":"3 Darklings","floor":38,"turns":3},{"damage":0,"enemies":"Maw","floor":39,"turns":8},{"damage":104,"enemies":"Giant Head","floor":45,"turns":9}],"seed_played":"5583251252751777830","potions_obtained":[{"floor":1,"key":"Fire Potion"},{"floor":6,"key":"Block Potion"},{"floor":17,"key":"AttackPotion"},{"floor":18,"key":"SteroidPotion"},{"floor":28,"key":"Swift Potion"}],"is_trial":false,"path_per_floor":["M","?","M","?","$","E","M","M","T","?","M","?","R","M","R","B",null,"M","M","$","M","$","R","M","?","T","R","M","?","M","M","R","B",null,"M","?","$","M","M","R","?","R","T","R","E"],"character_chosen":"DEFECT","items_purchased":["Coolheaded","Cold Snap","DataDisk","Self Repair","Stack","Cold Snap"],"campfire_rested":5,"item_purchase_floors":[5,5,20,20,20,22],"current_hp_per_floor":[58,58,51,51,51,21,18,9,9,26,17,5,26,21,42,15,62,39,20,20,15,15,37,17,17,17,39,44,44,29,24,46,11,60,65,65,65,59,74,74,74,74,74,74,0],"gold":92,"neow_bonus":"BOSS_RELIC","is_prod":false,"is_daily":false,"chose_seed":false,"campfire_upgraded":3,"win_rate":0,"timestamp":1559165024,"path_taken":["M","?","M","?","$","E","M","M","T","?","?","?","R","M","R","BOSS","M","M","$","M","$","R","M","?","T","R","M","?","M","M","R","BOSS","M","?","$","?","M","R","?","R","T","R","E"],"build_version":"2019-01-23","purchased_purges":1,"victory":false,"max_hp_per_floor":[71,71,71,71,71,71,71,71,71,71,71,71,71,71,71,71,76,76,76,76,76,76,76,76,76,76,76,76,76,76,76,76,76,76,76,76,76,76,76,76,76,76,76,76,76],"card_choices":[{"not_picked":[],"picked":"Aggregate","floor":1},{"not_picked":[],"picked":"Coolheaded","floor":3},{"not_picked":["Storm"],"picked":"SKIP","floor":6},{"not_picked":[],"picked":"Sweeping Beam","floor":7},{"not_picked":["Sweeping Beam"],"picked":"SKIP","floor":8},{"not_picked":[],"picked":"Hello World","floor":11},{"not_picked":[],"picked":"Beam Cell","floor":13},{"not_picked":[],"picked":"Go for the Eyes","floor":14},{"not_picked":[],"picked":"Leap","floor":15},{"not_picked":[],"picked":"Hyperbeam","floor":16},{"not_picked":[],"picked":"Steam","floor":17},{"not_picked":[],"picked":"Conserve Battery","floor":18},{"not_picked":[],"picked":"Defragment","floor":19},{"not_picked":[],"picked":"Blizzard","floor":21},{"not_picked":[],"picked":"Doom and Gloom","floor":24},{"not_picked":[],"picked":"Sunder","floor":28},{"not_picked":[],"picked":"Cold Snap+1","floor":30},{"not_picked":["Double Energy"],"picked":"SKIP","floor":31},{"not_picked":[],"picked":"Gash+1","floor":32},{"not_picked":[],"picked":"Electrodynamics","floor":33},{"not_picked":["Barrage"],"picked":"SKIP","floor":35},{"not_picked":["Compile Driver"],"picked":"SKIP","floor":38},{"not_picked":[],"picked":"Tempest","floor":39}],"player_experience":707204,"relics_obtained":[{"floor":6,"key":"Dream Catcher"},{"floor":9,"key":"Happy Flower"},{"floor":26,"key":"Bird Faced Urn"},{"floor":43,"key":"Pocketwatch"}],"event_choices":[{"damage_healed":0,"gold_gain":0,"player_choice":"Grow","damage_taken":0,"max_hp_gain":0,"max_hp_loss":0,"event_name":"Living Wall","floor":2,"gold_loss":0,"cards_upgraded":["Zap"]},{"damage_healed":0,"gold_gain":0,"player_choice":"Box","damage_taken":0,"relics_obtained":["Pen Nib"],"max_hp_gain":0,"max_hp_loss":0,"event_name":"Big Fish","floor":4,"gold_loss":0,"cards_obtained":["Regret"]},{"damage_healed":17,"gold_gain":0,"player_choice":"Healed","damage_taken":0,"max_hp_gain":0,"max_hp_loss":0,"event_name":"The Cleric","floor":10,"gold_loss":35},{"damage_healed":0,"gold_gain":0,"player_choice":"Success","damage_taken":12,"relics_obtained":["Mercury Hourglass"],"max_hp_gain":0,"max_hp_loss":0,"event_name":"Scrap Ooze","floor":12,"gold_loss":0},{"damage_healed":0,"gold_gain":0,"player_choice":"Paid Fearfully","damage_taken":0,"max_hp_gain":0,"max_hp_loss":0,"event_name":"Masked Bandits","floor":25,"gold_loss":23},{"damage_healed":0,"gold_gain":0,"player_choice":"Simplicity","damage_taken":0,"max_hp_gain":0,"max_hp_loss":0,"event_name":"Back to Basics","floor":29,"gold_loss":0,"cards_upgraded":["Strike_B","Strike_B","Strike_B","Defend_B","Defend_B","Defend_B","Defend_B"]},{"damage_healed":0,"gold_gain":0,"player_choice":"Ignored","damage_taken":0,"max_hp_gain":0,"max_hp_loss":0,"event_name":"SecretPortal","floor":36,"gold_loss":0},{"damage_healed":0,"gold_gain":0,"player_choice":"1 cards matched","damage_taken":0,"max_hp_gain":0,"max_hp_loss":0,"event_name":"Match and Keep!","floor":41,"gold_loss":0,"cards_obtained":["Blizzard"]}],"is_beta":false,"boss_relics":[{"not_picked":["Velvet Choker","Calling Bell"],"picked":"Tiny House"},{"not_picked":["Pandora\u0027s Box","Lizard Tail"],"picked":"Sozu"}],"items_purged_floors":[37],"is_endless":false,"potions_floor_spawned":[1,6,18,28,35,39],"killed_by":"Giant Head","ascension_level":14}