{"gold_per_floor":[119,97,116,291,216,216,232,232,232,232,202,102,135,10,10,10],"floor_reached":16,"playtime":483,"items_purged":["Doubt","Strike_G","Strike_G"],"score":134,"play_id":"0ec881d4-98f7-4593-a2fb-225578af8c54","local_time":"20190611235355","is_ascension_mode":true,"campfire_choices":[{"data":"Endless Agony","floor":8,"key":"SMITH"},{"data":"Neutralize","floor":10,"key":"SMITH"},{"floor":15,"key":"REST"}],"neow_cost":"NONE","seed_source_timestamp":440964795855924,"circlet_count":0,"master_deck":["Defend_G","Defend_G","Defend_G","Defend_G","Defend_G","Strike_G","Strike_G+1","Strike_G+1","Survivor","Neutralize+1","Endless Agony+1","Distraction"],"relics":["Ring of the Snake","NeowsBlessing","Whetstone","Mercury Hourglass"],"potions_floor_usage":[],"damage_taken":[{"damage":0,"enemies":"Cultist","floor":1,"turns":1},{"damage":0,"enemies":"2 Louse","floor":3,"turns":1},{"damage":0,"enemies":"Small Slimes","floor":7,"turns":1},{"damage":1,"enemies":"Looter","floor":11,"turns":4},{"damage":41,"enemies":"Lagavulin","floor":13,"turns":8},{"damage":69,"enemies":"Slime Boss","floor":16,"turns":9}],"seed_played":"4283692369914511583","potions_obtained":[{"floor":7,"key":"FairyPotion"}],"is_trial":false,"path_per_floor":["M","?","M","?","$","?","M","R","T","R","M","$","E","$","R","B"],"character_chosen":"THE_SILENT","items_purchased":[],"campfire_rested":1,"item_purchase_floors":[],"current_hp_per_floor":[63,63,63,63,63,68,68,68,68,68,67,67,26,26,48,0],"gold":10,"neow_bonus":"THREE_ENEMY_KILL","is_prod":false,"is_daily":false,"chose_seed":false,"campfire_upgraded":2,"win_rate":0,"timestamp":1560261235,"path_taken":["M","?","M","?","$","?","M","R","T","R","M","$","E","$","R","BOSS"],"build_version":"2019-01-23","purchased_purges":3,"victory":false,"max_hp_per_floor":[70,70,70,70,70,75,75,75,75,75,75,75,75,75,75,75],"card_choices":[{"not_picked":["Backflip","Acrobatics","Flying Knee"],"picked":"SKIP","floor":1},{"not_picked":["Accuracy","Flying Knee"],"picked":"Endless Agony","floor":3},{"not_picked":["Bouncing Flask","Blade Dance","Concentrate"],"picked":"SKIP","floor":7},{"not_picked":["Infinite Blades","Deadly Poison"],"picked":"Distraction","floor":11},{"not_picked":["Dagger Spray","Blur","Sucker Punch"],"picked":"SKIP","floor":13}],"player_experience":2025207,"relics_obtained":[{"floor":9,"key":"Whetstone"},{"floor":13,"key":"Mercury Hourglass"}],"event_choices":[{"damage_healed":0,"gold_gain":0,"player_choice":"Left Gold","damage_taken":0,"max_hp_gain":0,"max_hp_loss":0,"event_name":"World of Goop","floor":2,"gold_loss":22},{"damage_healed":0,"gold_gain":175,"player_choice":"AGREE","damage_taken":0,"max_hp_gain":0,"max_hp_loss":0,"event_name":"Liars Game","floor":4,"gold_loss":0,"cards_obtained":["Doubt"]},{"damage_healed":0,"gold_gain":0,"player_choice":"Donut","damage_taken":0,"max_hp_gain":5,"max_hp_loss":0,"event_name":"Big Fish","floor":6,"gold_loss":0}],"is_beta":false,"boss_relics":[],"items_purged_floors":[5,12,14],"is_endless":false,"potions_floor_spawned":[7],"killed_by":"Slime Boss","ascension_level":8}