{"gold_per_floor":[114,132,132,82,157,157,191,191,214,224,237,52,69,94,94,193,193,203,203,214,231,249,249,267,267,267,267,278,304,33,43,43,145,145,165,16,36,56,72,97,97,97,122,150,164,164,183,9,9,9],"floor_reached":51,"playtime":15243,"items_purged":["Defend_R","Defend_R"],"score":920,"play_id":"7841365e-562f-428f-abd3-2b7cfbc5b991","local_time":"20190220013240","is_ascension_mode":true,"campfire_choices":[{"data":"Power Through","floor":6.0,"key":"SMITH"},{"data":"Impervious","floor":8.0,"key":"SMITH"},{"data":"Flex","floor":15.0,"key":"SMITH"},{"floor":23.0,"key":"REST"},{"floor":25.0,"key":"REST"},{"data":"Body Slam","floor":27.0,"key":"SMITH"},{"floor":32.0,"key":"REST"},{"data":"Dual Wield","floor":41,"key":"SMITH"},{"data":"Juggernaut","floor":46,"key":"SMITH"},{"data":"Heavy Blade","floor":49,"key":"SMITH"}],"neow_cost":"NONE","seed_source_timestamp":504656953636468,"circlet_count":0,"master_deck":["Strike_R","Strike_R","Bash","Cleave","Power Through+1","Impervious+1","Pummel","Dropkick","Feel No Pain","Whirlwind","Flex+1","Twin Strike","Reaper","Hemokinesis+1","Limit Break+1","Body Slam+1","Shrug It Off","Anger","Body Slam+1","Double Tap","Flex+1","Secret Technique","Flex+1","Juggernaut+1","Disarm+1","Anger","Body Slam","Body Slam+1","Dual Wield+1","Brutality","Madness","Writhe","Intimidate+1","Cleave+1","Anger","Heavy Blade+1","Inflame"],"special_seed":0,"relics":["Burning Blood","NeowsBlessing","Centennial Puzzle","Bag of Preparation","Astrolabe","Nloth\u0027s Gift","Smiling Mask","Red Mask","Cursed Key","Mango","Juzu Bracelet","FossilizedHelix"],"potions_floor_usage":[37,39,44,45,50,50],"damage_taken":[{"damage":0.0,"enemies":"2 Louse","floor":1.0,"turns":1.0},{"damage":0.0,"enemies":"Cultist","floor":2.0,"turns":1.0},{"damage":0.0,"enemies":"Gremlin Nob","floor":7.0,"turns":1.0},{"damage":0.0,"enemies":"Small Slimes","floor":10.0,"turns":3.0},{"damage":6.0,"enemies":"Looter","floor":11.0,"turns":4.0},{"damage":0.0,"enemies":"Exordium Wildlife","floor":13.0,"turns":2.0},{"damage":16.0,"enemies":"Lagavulin","floor":14.0,"turns":6.0},{"damage":53.0,"enemies":"Slime Boss","floor":16.0,"turns":12.0},{"damage":12.0,"enemies":"Shell Parasite","floor":18.0,"turns":3.0},{"damage":17.0,"enemies":"2 Thieves","floor":20.0,"turns":2.0},{"damage":33.0,"enemies":"Snecko","floor":21.0,"turns":4.0},{"damage":37.0,"enemies":"Chosen and Byrds","floor":22.0,"turns":6.0},{"damage":32.0,"enemies":"Centurion and Healer","floor":24.0,"turns":4.0},{"damage":13.0,"enemies":"Sentry and Sphere","floor":28.0,"turns":3.0},{"damage":38.0,"enemies":"Masked Bandits","floor":29.0,"turns":4.0},{"damage":2.0,"enemies":"Cultist and Chosen","floor":31.0,"turns":4.0},{"damage":55.0,"enemies":"Automaton","floor":33.0,"turns":7.0},{"damage":0.0,"enemies":"3 Shapes","floor":35.0,"turns":2.0},{"damage":7,"enemies":"Orb Walker","floor":37,"turns":2},{"damage":0,"enemies":"Spire Growth","floor":38,"turns":3},{"damage":21,"enemies":"Sphere and 2 Shapes","floor":39,"turns":6},{"damage":46,"enemies":"Reptomancer","floor":40,"turns":7},{"damage":16,"enemies":"Nemesis","floor":44,"turns":5},{"damage":1,"enemies":"3 Darklings","floor":45,"turns":3},{"damage":23,"enemies":"Spire Growth","floor":47,"turns":5},{"damage":53,"enemies":"Time Eater","floor":50,"turns":5}],"seed_played":"-1537447555819672507","potions_obtained":[{"floor":10.0,"key":"Weak Potion"},{"floor":13.0,"key":"BloodPotion"},{"floor":14.0,"key":"SkillPotion"},{"floor":20.0,"key":"Swift Potion"},{"floor":22.0,"key":"Swift Potion"},{"floor":24.0,"key":"Fire Potion"},{"floor":31.0,"key":"Swift Potion"},{"floor":33.0,"key":"Fire Potion"},{"floor":38,"key":"Regen Potion"},{"floor":39,"key":"Poison Potion"},{"floor":47,"key":"SteroidPotion"}],"is_trial":false,"path_per_floor":["M","M","?","?","?","R","E","R","T","M","M","$","M","E","R","B",null,"M","?","M","M","M","R","M","R","T","R","M","?","$","M","R","B",null,"M","$","M","M","M","E","R","?","T","E","M","R","M","$","R","B",null],"character_chosen":"IRONCLAD","items_purchased":["Feel No Pain","Whirlwind","Secret Technique","Strength Potion","AttackPotion","EntropicBrew","Anger","Heavy Blade","Inflame"],"campfire_rested":3,"item_purchase_floors":[12,12,30,30,30,36,36,48,48],"current_hp_per_floor":[80,80,73,73,62,62,68,68,68,74,74,74,80,70,70,23,66,66,66,69,46,23,47,33,57,57,57,54,30,30,48,72,47,72,78,78,77,80,65,56,56,56,56,82,87,87,77,77,77,30],"gold":9,"neow_bonus":"THREE_ENEMY_KILL","is_prod":false,"is_daily":false,"chose_seed":false,"campfire_upgraded":7,"win_rate":0,"timestamp":1550586760,"path_taken":["M","M","?","?","?","R","E","R","T","M","M","$","M","E","R","BOSS","M","?","?","?","?","R","?","R","T","R","M","?","$","M","R","BOSS","M","$","M","M","M","E","R","?","T","E","M","R","M","$","R","BOSS"],"build_version":"2019-01-23","purchased_purges":2,"victory":true,"max_hp_per_floor":[80,80,80,80,80,80,80,80,80,80,80,80,80,80,80,80,80,80,80,80,80,80,80,80,80,80,80,80,80,80,80,80,80,80,80,80,80,80,80,94,94,94,94,94,94,94,94,94,94,94],"card_choices":[{"not_picked":["Clash","Power Through"],"picked":"Cleave","floor":1.0},{"not_picked":["Carnage","Flex"],"picked":"Power Through","floor":2.0},{"not_picked":["Clash","Battle Trance"],"picked":"Impervious","floor":7.0},{"not_picked":["Sword Boomerang","True Grit"],"picked":"Pummel","floor":10.0},{"not_picked":["Shockwave","Warcry"],"picked":"Dropkick","floor":11.0},{"not_picked":["Ghostly Armor","Pummel"],"picked":"Flex","floor":13.0},{"not_picked":["True Grit","Clothesline"],"picked":"Twin Strike","floor":14.0},{"not_picked":["Offering","Double Tap"],"picked":"Reaper","floor":16.0},{"not_picked":["Blood for Blood","Headbutt"],"picked":"Shrug It Off","floor":18.0},{"not_picked":["Armaments","Blood for Blood"],"picked":"Anger","floor":20.0},{"not_picked":["Twin Strike","Pommel Strike","True Grit"],"picked":"SKIP","floor":21.0},{"not_picked":["Iron Wave","Twin Strike+1"],"picked":"Body Slam","floor":22.0},{"not_picked":["True Grit","Hemokinesis","Wild Strike"],"picked":"SKIP","floor":24.0},{"not_picked":["Disarm+1","Thunderclap"],"picked":"Double Tap","floor":28.0},{"not_picked":["Clash","Cleave"],"picked":"Flex+1","floor":29.0},{"not_picked":["Pummel+1","Warcry"],"picked":"Flex+1","floor":31.0},{"not_picked":["Offering","Brutality"],"picked":"Juggernaut","floor":33.0},{"not_picked":["Armaments","Fire Breathing+1"],"picked":"Disarm+1","floor":35.0},{"not_picked":["Sever Soul","Thunderclap"],"picked":"Body Slam","floor":37},{"not_picked":["Seeing Red","Reaper"],"picked":"Body Slam+1","floor":38},{"not_picked":["Offering","Warcry"],"picked":"Dual Wield","floor":39},{"not_picked":["Uppercut","Warcry+1"],"picked":"Brutality","floor":40},{"not_picked":["Finesse","Dark Shackles"],"picked":"Madness","floor":42},{"not_picked":["Uppercut","Warcry+1"],"picked":"Intimidate+1","floor":44},{"not_picked":["Second Wind","Power Through+1"],"picked":"Cleave+1","floor":45},{"not_picked":["Metallicize","Headbutt"],"picked":"Anger","floor":47}],"player_experience":571186,"relics_obtained":[{"floor":7.0,"key":"Art of War"},{"floor":9.0,"key":"Centennial Puzzle"},{"floor":14.0,"key":"Bag of Preparation"},{"floor":26.0,"key":"Smiling Mask"},{"floor":29.0,"key":"Red Mask"},{"floor":40,"key":"Mango"},{"floor":43,"key":"Juzu Bracelet"},{"floor":44,"key":"FossilizedHelix"}],"event_choices":[{"cards_removed":["Strike_R"],"damage_healed":0.0,"max_hp_gain":0.0,"max_hp_loss":0.0,"gold_gain":0.0,"event_name":"Golden Wing","player_choice":"Card Removal","floor":3.0,"gold_loss":0.0,"damage_taken":7.0},{"cards_removed":["Defend_R"],"damage_healed":0.0,"max_hp_gain":0.0,"max_hp_loss":0.0,"gold_gain":0.0,"event_name":"The Cleric","player_choice":"Card Removal","floor":4.0,"gold_loss":50.0,"damage_taken":0.0},{"damage_healed":0.0,"max_hp_gain":0.0,"max_hp_loss":0.0,"gold_gain":75.0,"event_name":"World of Goop","player_choice":"Gather Gold","floor":5.0,"gold_loss":0.0,"damage_taken":11.0},{"damage_healed":0.0,"max_hp_gain":0.0,"max_hp_loss":0.0,"gold_gain":0.0,"event_name":"N\u0027loth","player_choice":"Traded Relic","floor":19.0,"relics_lost":["Art of War"],"gold_loss":0.0,"damage_taken":0.0,"relics_obtained":["Nloth\u0027s Gift"]},{"damage_healed":0.0,"max_hp_gain":0.0,"max_hp_loss":0.0,"gold_gain":0.0,"event_name":"Masked Bandits","player_choice":"Fought Bandits","floor":29.0,"gold_loss":0.0,"damage_taken":0.0},{"damage_healed":0,"gold_gain":0,"player_choice":"Memory 1","damage_taken":0,"max_hp_gain":0,"max_hp_loss":0,"event_name":"SensoryStone","floor":42,"gold_loss":0}],"is_beta":false,"boss_relics":[{"not_picked":["White Beast Statue","Eternal Feather"],"picked":"Astrolabe"},{"not_picked":["Calling Bell","Velvet Choker"],"picked":"Cursed Key"}],"items_purged_floors":[12,48],"is_endless":false,"potions_floor_spawned":[10,13,14,20,22,24,31,33,38,39,47],"ascension_level":5}