{"gold_per_floor":[115,134,151,151,32,32,60,74,97,97,111,111,111,111,111,190,190,207,207,207,207,27,27,59,59,59,59,79,98,98,118,118,118],"floor_reached":33,"playtime":1282,"items_purged":["Strike_G","Parasite"],"score":473,"play_id":"0bb7379e-0751-4768-97bc-5f2f6b715c80","local_time":"20190514001819","is_ascension_mode":true,"campfire_choices":[{"data":"Predator","floor":6.0,"key":"SMITH"},{"floor":10.0,"key":"REST"},{"floor":12.0,"key":"REST"},{"data":"Neutralize","floor":15.0,"key":"SMITH"},{"data":"Footwork","floor":23,"key":"SMITH"},{"data":"Noxious Fumes","floor":25,"key":"SMITH"},{"floor":30,"key":"REST"},{"floor":32,"key":"REST"}],"neow_cost":"NONE","seed_source_timestamp":1640878025714610,"circlet_count":0,"master_deck":["AscendersBane","Defend_G","Defend_G","Defend_G","Defend_G","Defend_G","Strike_G","Strike_G","Strike_G","Survivor","Neutralize+1","Predator+1","Noxious Fumes+1","Caltrops","Footwork+1","After Image","Leg Sweep","Terror","Corpse Explosion","Dagger Spray","Well Laid Plans","Parasite","Cloak And Dagger","Crippling Poison","Calculated Gamble","Heel Hook+1","Cloak And Dagger"],"special_seed":0,"relics":["Cursed Key","Juzu Bracelet","Lantern","Art of War","Runic Dome","Strawberry","Dream Catcher","Shuriken"],"potions_floor_usage":[24,33,33],"damage_taken":[{"damage":9.0,"enemies":"Cultist","floor":1.0,"turns":5.0},{"damage":4.0,"enemies":"Jaw Worm","floor":2.0,"turns":2.0},{"damage":6.0,"enemies":"2 Louse","floor":3.0,"turns":2.0},{"damage":13.0,"enemies":"3 Sentries","floor":7.0,"turns":8.0},{"damage":11.0,"enemies":"Lots of Slimes","floor":8.0,"turns":5.0},{"damage":2.0,"enemies":"3 Louse","floor":11.0,"turns":6.0},{"damage":10.0,"enemies":"The Guardian","floor":16.0,"turns":11.0},{"damage":0.0,"enemies":"3 Byrds","floor":18.0,"turns":2.0},{"damage":27,"enemies":"Slavers","floor":24,"turns":4},{"damage":4,"enemies":"Spheric Guardian","floor":28,"turns":7},{"damage":8,"enemies":"Chosen and Byrds","floor":29,"turns":5},{"damage":30,"enemies":"Cultist and Chosen","floor":31,"turns":6},{"damage":44,"enemies":"Automaton","floor":33,"turns":6}],"seed_played":"6112704141045376996","potions_obtained":[{"floor":1.0,"key":"GhostInAJar"},{"floor":3.0,"key":"FearPotion"},{"floor":11.0,"key":"EntropicBrew"},{"floor":29,"key":"AttackPotion"},{"floor":31,"key":"Dexterity Potion"}],"is_trial":false,"path_per_floor":["M","M","M","?","$","R","E","M","T","R","M","R","?","?","R","B",null,"M","?","?","T","$","R","E","R","T","?","M","M","R","M","R","B"],"character_chosen":"THE_SILENT","items_purchased":["Footwork","Well Laid Plans"],"campfire_rested":4,"item_purchase_floors":[5,22],"current_hp_per_floor":[50,46,40,33,33,33,20,9,9,28,26,45,45,50,50,40,63,63,63,59,66,66,66,39,39,39,39,35,27,49,19,41,0],"gold":118,"neow_bonus":"BOSS_RELIC","is_prod":false,"is_daily":false,"chose_seed":false,"campfire_upgraded":4,"win_rate":0,"timestamp":1557814699,"path_taken":["M","?","M","?","$","R","E","M","T","R","M","R","?","?","R","BOSS","M","?","?","?","$","R","E","R","T","?","M","M","R","M","R","BOSS"],"build_version":"2019-01-23","purchased_purges":2,"victory":false,"max_hp_per_floor":[66,66,66,66,66,66,66,66,66,66,66,66,66,71,71,71,71,71,71,71,78,75,75,75,75,75,75,75,75,75,75,75,75],"card_choices":[{"not_picked":["Reflex","Dagger Spray"],"picked":"Predator","floor":1.0},{"not_picked":["Deadly Poison","Bane"],"picked":"Noxious Fumes","floor":2.0},{"not_picked":["Masterful Stab","Skewer"],"picked":"Caltrops","floor":3.0},{"not_picked":["Expertise","Reflex"],"picked":"After Image","floor":7.0},{"not_picked":["PiercingWail","Accuracy"],"picked":"Leg Sweep","floor":8.0},{"not_picked":["Prepared","Blade Dance"],"picked":"Terror","floor":11.0},{"not_picked":["Doppelganger","Envenom"],"picked":"Corpse Explosion","floor":16.0},{"not_picked":["Bane","Slice"],"picked":"Dagger Spray","floor":18.0},{"not_picked":["Sucker Punch","Underhanded Strike","Bullet Time"],"picked":"SKIP","floor":24},{"not_picked":["Deflect","Outmaneuver"],"picked":"Cloak And Dagger","floor":28},{"not_picked":["Concentrate","Prepared"],"picked":"Crippling Poison","floor":29},{"not_picked":["Slice","Flying Knee+1"],"picked":"Calculated Gamble","floor":30},{"not_picked":["Flechettes","Prepared"],"picked":"Heel Hook+1","floor":31},{"not_picked":["Corpse Explosion","Blade Dance"],"picked":"Cloak And Dagger","floor":32}],"player_experience":896183,"relics_obtained":[{"floor":7.0,"key":"Juzu Bracelet"},{"floor":9.0,"key":"Lantern"},{"floor":21.0,"key":"Strawberry"},{"floor":24,"key":"Dream Catcher"},{"floor":26,"key":"Shuriken"}],"event_choices":[{"cards_removed":["Strike_G"],"damage_healed":0.0,"max_hp_gain":0.0,"max_hp_loss":0.0,"gold_gain":0.0,"event_name":"Golden Wing","player_choice":"Card Removal","floor":4.0,"gold_loss":0.0,"damage_taken":7.0},{"damage_healed":0.0,"max_hp_gain":0.0,"max_hp_loss":0.0,"gold_gain":0.0,"event_name":"WeMeetAgain","player_choice":"Gave Potion","floor":13.0,"gold_loss":0.0,"damage_taken":0.0,"relics_obtained":["Art of War"]},{"damage_healed":0.0,"max_hp_gain":5.0,"max_hp_loss":0.0,"gold_gain":0.0,"event_name":"Big Fish","player_choice":"Donut","floor":14.0,"gold_loss":0.0,"damage_taken":0.0},{"cards_removed":["Regret"],"damage_healed":0.0,"max_hp_gain":0.0,"max_hp_loss":0.0,"gold_gain":0.0,"event_name":"Purifier","player_choice":"Purged","floor":19.0,"gold_loss":0.0,"damage_taken":0.0},{"damage_healed":0.0,"max_hp_gain":0.0,"max_hp_loss":0.0,"gold_gain":0.0,"event_name":"The Woman in Blue","player_choice":"Bought 0 Potions","floor":20.0,"gold_loss":0.0,"damage_taken":0.0},{"damage_healed":0,"gold_gain":0,"player_choice":"Ignored","damage_taken":0,"max_hp_gain":0,"max_hp_loss":0,"event_name":"Beggar","floor":27,"gold_loss":0}],"is_beta":false,"boss_relics":[{"not_picked":["Fusion Hammer","White Beast Statue"],"picked":"Runic Dome"}],"items_purged_floors":[5,22],"is_endless":false,"potions_floor_spawned":[1,3,11,16,29,31],"killed_by":"Automaton","ascension_level":16}