{"gold_per_floor":[118,43,43,3,20,46,46,46,46,75,130,130,164,178,178,298,298,319,319,319,99,180,180,221,221,275,275,313,313,313,333,333,453,453,477,477,496,520,541,541,566,602,602,602,602,665,683,699,699,699],"floor_reached":51,"playtime":3436,"items_purged":["Strike_R","Strike_R"],"score":1082,"play_id":"dc269d30-12c6-4c84-bc5f-28346ef4a993","local_time":"20190302170114","is_ascension_mode":true,"campfire_choices":[{"data":"Immolate","floor":8.0,"key":"SMITH"},{"floor":15.0,"key":"REST"},{"data":"Corruption","floor":23.0,"key":"SMITH"},{"floor":25.0,"key":"REST"},{"floor":27.0,"key":"REST"},{"data":"Shockwave","floor":29.0,"key":"SMITH"},{"floor":32.0,"key":"REST"},{"floor":40.0,"key":"REST"},{"floor":44.0,"key":"REST"},{"floor":49.0,"key":"REST"}],"neow_cost":"NONE","seed_source_timestamp":54018248125218,"circlet_count":0,"master_deck":["Strike_R","Defend_R","Defend_R","Bash","Uppercut","Shockwave+1","Immolate+1","True Grit+1","Dropkick","Inflame","Limit Break+1","Demon Form+1","Heavy Blade+1","Impervious+1","Headbutt","Power Through+1","Corruption+1","Flex+1","Flex+1","Pummel+1","Cleave","Cleave","Hemokinesis+1","Dark Embrace","Flex+1","Clash+1","Shrug It Off+1","Twin Strike+1","Heavy Blade+1","Bloodletting+1","Limit Break+1","Cleave+1","Madness+1","Madness+1","Flex+1","Clothesline+1","Whirlwind+1","Barricade"],"special_seed":0,"relics":["Burning Blood","NeowsBlessing","Happy Flower","Toxic Egg 2","Odd Mushroom","Tiny Chest","Golden Idol","Blood Vial","Astrolabe","Sundial","Dodecahedron","Mercury Hourglass","Dream Catcher","PreservedInsect","Bottled Tornado","Lizard Tail","Charon\u0027s Ashes","Darkstone Periapt","Magic Flower"],"potions_floor_usage":[50,50],"damage_taken":[{"damage":0.0,"enemies":"Small Slimes","floor":1.0,"turns":1.0},{"damage":0.0,"enemies":"2 Louse","floor":5.0,"turns":2.0},{"damage":0.0,"enemies":"Lagavulin","floor":6.0,"turns":1.0},{"damage":0.0,"enemies":"The Mushroom Lair","floor":10.0,"turns":1.0},{"damage":18.0,"enemies":"Gremlin Nob","floor":13.0,"turns":5.0},{"damage":12.0,"enemies":"Jaw Worm","floor":14.0,"turns":2.0},{"damage":40.0,"enemies":"Hexaghost","floor":16.0,"turns":7.0},{"damage":12.0,"enemies":"Chosen","floor":18.0,"turns":3.0},{"damage":58.0,"enemies":"Slavers","floor":24.0,"turns":6.0},{"damage":10.0,"enemies":"Book of Stabbing","floor":28.0,"turns":4.0},{"damage":0.0,"enemies":"Spheric Guardian","floor":31.0,"turns":3.0},{"damage":28.0,"enemies":"Collector","floor":33.0,"turns":5.0},{"damage":5.0,"enemies":"Orb Walker","floor":35.0,"turns":3.0},{"damage":38.0,"enemies":"3 Darklings","floor":37.0,"turns":3.0},{"damage":8.0,"enemies":"Maw","floor":38.0,"turns":5.0},{"damage":17.0,"enemies":"Sphere and 2 Shapes","floor":39.0,"turns":4.0},{"damage":7.0,"enemies":"Transient","floor":41.0,"turns":5.0},{"damage":30.0,"enemies":"Reptomancer","floor":42.0,"turns":4.0},{"damage":23.0,"enemies":"2 Orb Walkers","floor":46.0,"turns":4.0},{"damage":35.0,"enemies":"Maw","floor":47.0,"turns":6.0},{"damage":47.0,"enemies":"Sphere and 2 Shapes","floor":48.0,"turns":4.0},{"damage":49,"enemies":"Time Eater","floor":50,"turns":4}],"seed_played":"3289312854684232338","potions_obtained":[{"floor":10.0,"key":"EssenceOfSteel"},{"floor":14.0,"key":"SkillPotion"},{"floor":24.0,"key":"Energy Potion"},{"floor":28.0,"key":"Energy Potion"},{"floor":37.0,"key":"SkillPotion"},{"floor":38.0,"key":"Strength Potion"},{"floor":41.0,"key":"EssenceOfSteel"},{"floor":46.0,"key":"Energy Potion"},{"floor":48.0,"key":"Swift Potion"}],"is_trial":false,"path_per_floor":["M","$","?","$","M","E","?","R","T","?","T","?","E","M","R","B",null,"M","?","?","$","T","R","E","R","T","R","E","R","T","M","R","B",null,"M","?","M","M","M","R","M","E","T","R","?","?","M","M","R","B",null],"character_chosen":"IRONCLAD","items_purchased":["Uppercut","Corruption","Flex+1"],"campfire_rested":7,"item_purchase_floors":[4,21,21],"current_hp_per_floor":[78,78,78,78,80,80,80,80,80,80,80,60,48,44,68,36,69,65,65,65,65,65,65,15,39,39,63,61,61,61,69,80,58,75,78,78,48,48,39,63,64,42,42,66,56,41,18,51,75,38],"gold":699,"neow_bonus":"THREE_ENEMY_KILL","is_prod":false,"is_daily":false,"chose_seed":false,"campfire_upgraded":3,"win_rate":0,"timestamp":1551506474,"path_taken":["M","$","?","$","M","E","?","R","T","?","?","?","E","M","R","BOSS","M","?","?","$","?","R","E","R","T","R","E","R","?","?","R","BOSS","M","?","M","M","M","R","M","E","T","R","?","?","M","M","R","BOSS"],"build_version":"2019-01-23","purchased_purges":2,"victory":true,"max_hp_per_floor":[80,80,80,80,80,80,80,80,80,80,80,80,80,80,80,80,80,80,80,80,80,80,80,80,80,80,80,80,80,80,80,80,80,80,80,80,80,80,80,80,80,80,80,80,80,80,80,80,80,80],"card_choices":[{"not_picked":["Sword Boomerang","Headbutt"],"picked":"Evolve","floor":1.0},{"not_picked":["Headbutt","Twin Strike"],"picked":"Shockwave","floor":5.0},{"not_picked":["Bloodletting","Entrench"],"picked":"Immolate","floor":6.0},{"not_picked":["Headbutt","Thunderclap"],"picked":"True Grit+1","floor":10.0},{"not_picked":["Cleave","Perfected Strike"],"picked":"Dropkick","floor":13.0},{"not_picked":["Fire Breathing","Havoc+1"],"picked":"Inflame","floor":14.0},{"not_picked":["Dark Embrace","Demon Form"],"picked":"Limit Break+1","floor":16.0},{"not_picked":["Clothesline+1","Warcry+1"],"picked":"Headbutt","floor":18.0},{"not_picked":["Heavy Blade","Battle Trance+1"],"picked":"Flex+1","floor":24.0},{"not_picked":["Battle Trance+1","Sword Boomerang"],"picked":"Pummel+1","floor":27.0},{"not_picked":["Perfected Strike","Clothesline"],"picked":"Cleave","floor":28.0},{"not_picked":["Twin Strike","Rage+1"],"picked":"Cleave","floor":31.0},{"not_picked":["Disarm+1","Headbutt+1"],"picked":"Hemokinesis+1","floor":32.0},{"not_picked":["Juggernaut","Offering+1"],"picked":"Dark Embrace","floor":33.0},{"not_picked":["Clothesline","Anger"],"picked":"Flex+1","floor":35.0},{"not_picked":["Warcry+1","Perfected Strike"],"picked":"Clash+1","floor":37.0},{"not_picked":["Cleave+1","Pommel Strike+1"],"picked":"Shrug It Off+1","floor":38.0},{"not_picked":["Hemokinesis+1","Pommel Strike"],"picked":"Twin Strike+1","floor":39.0},{"not_picked":["Warcry+1","Cleave"],"picked":"Heavy Blade+1","floor":40.0},{"not_picked":["Dropkick","Pommel Strike"],"picked":"Bloodletting+1","floor":41.0},{"not_picked":["Battle Trance+1","Ghostly Armor+1"],"picked":"Limit Break+1","floor":42.0},{"not_picked":["Perfected Strike","Blood for Blood+1"],"picked":"Cleave+1","floor":44.0},{"not_picked":["Headbutt+1","Thunderclap+1"],"picked":"Flex+1","floor":46.0},{"not_picked":["Dropkick","Reckless Charge"],"picked":"Clothesline+1","floor":47.0},{"not_picked":["Twin Strike","Sword Boomerang+1"],"picked":"Whirlwind+1","floor":48.0},{"not_picked":["Blood for Blood+1","Anger"],"picked":"Barricade","floor":49.0}],"player_experience":814857,"relics_obtained":[{"floor":6.0,"key":"Happy Flower"},{"floor":9.0,"key":"Toxic Egg 2"},{"floor":10.0,"key":"Odd Mushroom"},{"floor":11.0,"key":"Tiny Chest"},{"floor":13.0,"key":"Blood Vial"},{"floor":22.0,"key":"Dodecahedron"},{"floor":24.0,"key":"Mercury Hourglass"},{"floor":26.0,"key":"Dream Catcher"},{"floor":28.0,"key":"PreservedInsect"},{"floor":30.0,"key":"Bottled Tornado"},{"floor":42.0,"key":"Charon\u0027s Ashes"},{"floor":43.0,"key":"Darkstone Periapt"},{"floor":46.0,"key":"Magic Flower"}],"event_choices":[{"cards_removed":["Defend_R"],"damage_healed":0.0,"max_hp_gain":0.0,"max_hp_loss":0.0,"gold_gain":0.0,"event_name":"Living Wall","player_choice":"Forget","floor":3.0,"gold_loss":0.0,"damage_taken":0.0},{"damage_healed":0.0,"max_hp_gain":0.0,"max_hp_loss":0.0,"gold_gain":0.0,"event_name":"The Cleric","player_choice":"Leave","floor":7.0,"gold_loss":0.0,"damage_taken":0.0},{"damage_healed":0.0,"max_hp_gain":0.0,"max_hp_loss":0.0,"gold_gain":0.0,"event_name":"Mushrooms","player_choice":"Fought Mushrooms","floor":10.0,"gold_loss":0.0,"damage_taken":0.0},{"damage_healed":0.0,"max_hp_gain":0.0,"max_hp_loss":0.0,"gold_gain":0.0,"event_name":"Golden Idol","player_choice":"Take Damage","floor":12.0,"gold_loss":0.0,"damage_taken":20.0,"relics_obtained":["Golden Idol"]},{"damage_healed":0.0,"max_hp_gain":0.0,"max_hp_loss":0.0,"gold_gain":0.0,"event_name":"The Mausoleum","player_choice":"Opened","floor":19.0,"gold_loss":0.0,"damage_taken":0.0,"relics_obtained":["Sundial"]},{"damage_healed":0.0,"max_hp_gain":0.0,"max_hp_loss":0.0,"gold_gain":0.0,"event_name":"The Library","player_choice":"Read","floor":20.0,"gold_loss":0.0,"damage_taken":0.0,"cards_obtained":["Power Through"]},{"cards_removed":["Evolve"],"damage_healed":0.0,"max_hp_gain":0.0,"max_hp_loss":0.0,"gold_gain":0.0,"event_name":"Falling","player_choice":"Removed Power","floor":36.0,"gold_loss":0.0,"damage_taken":0.0},{"damage_healed":0.0,"max_hp_gain":0.0,"max_hp_loss":0.0,"gold_gain":0.0,"event_name":"Winding Halls","player_choice":"Embrace Madness","floor":45.0,"gold_loss":0.0,"damage_taken":10.0,"cards_obtained":["Madness","Madness"]},{"damage_healed":0.0,"max_hp_gain":0.0,"max_hp_loss":0.0,"gold_gain":0.0,"event_name":"Mysterious Sphere","player_choice":"Fight","floor":46.0,"gold_loss":0.0,"damage_taken":0.0}],"is_beta":false,"boss_relics":[{"not_picked":["Sozu","Eternal Feather"],"picked":"Astrolabe"},{"not_picked":["Empty Cage","Philosopher\u0027s Stone"],"picked":"Lizard Tail"}],"items_purged_floors":[2,21],"is_endless":false,"potions_floor_spawned":[10,14,24,28,37,38,41,46,48],"ascension_level":8}