{"gold_per_floor":[114,29,29,45,45,79,109,109,162,192,207,230,244,258,258,354,354,374,82,82,82,145,174,174,186,260,260],"floor_reached":27,"playtime":780,"items_purged":["Regret"],"score":279,"play_id":"87383e00-f31a-4d7c-a7a3-5b8cd7cd2603","local_time":"20190405224439","is_ascension_mode":true,"campfire_choices":[{"data":"Combust","floor":8.0,"key":"SMITH"},{"data":"Heavy Blade","floor":15.0,"key":"SMITH"},{"floor":24.0,"key":"REST"}],"neow_cost":"NONE","seed_source_timestamp":0,"circlet_count":0,"master_deck":["Strike_R","Strike_R","Strike_R","Strike_R","Defend_R","Defend_R","Defend_R","Defend_R","Bash","Infernal Blade","Flex","Combust+1","Ghostly Armor","Heavy Blade+1","Feel No Pain","Shrug It Off","Battle Trance","Headbutt","Limit Break","Flex","Inflame","Flex","Flash of Steel","Infernal Blade","Seeing Red","Evolve","Rupture"],"special_seed":0,"relics":["Burning Blood","NeowsBlessing","Ancient Tea Set","Tiny Chest","Blood Vial","Shuriken","Vajra","Mark of Pain","SsserpentHead","Juzu Bracelet","Darkstone Periapt"],"potions_floor_usage":[],"damage_taken":[{"damage":0.0,"enemies":"2 Louse","floor":1.0,"turns":1.0},{"damage":0.0,"enemies":"Jaw Worm","floor":4.0,"turns":1.0},{"damage":0.0,"enemies":"3 Sentries","floor":6.0,"turns":1.0},{"damage":23.0,"enemies":"Lagavulin","floor":10.0,"turns":4.0},{"damage":5.0,"enemies":"Cultist","floor":11.0,"turns":3.0},{"damage":12.0,"enemies":"3 Louse","floor":13.0,"turns":3.0},{"damage":4.0,"enemies":"Looter","floor":14.0,"turns":4.0},{"damage":18.0,"enemies":"Slime Boss","floor":16.0,"turns":7.0},{"damage":14.0,"enemies":"Chosen","floor":18.0,"turns":5.0},{"damage":10.0,"enemies":"Shell Parasite","floor":22.0,"turns":2.0},{"damage":39.0,"enemies":"Gremlin Leader","floor":23.0,"turns":3.0},{"damage":3.0,"enemies":"Snake Plant","floor":25.0,"turns":3.0},{"damage":0,"enemies":"Snecko","floor":27,"turns":1}],"seed_played":"3267467698427788881","potions_obtained":[{"floor":1.0,"key":"FairyPotion"},{"floor":4.0,"key":"Energy Potion"},{"floor":6.0,"key":"SmokeBomb"},{"floor":14.0,"key":"SpeedPotion"},{"floor":23.0,"key":"Weak Potion"},{"floor":25.0,"key":"AttackPotion"}],"is_trial":false,"path_per_floor":["M","$","?","M","?","E","?","R","T","E","M","T","M","M","R","B",null,"M","$","?","?","M","E","R","M","T","M"],"character_chosen":"IRONCLAD","items_purchased":["Flex","Combust","Inflame","Flex","Flash of Steel"],"campfire_rested":1,"item_purchase_floors":[2,2,19,19,19],"current_hp_per_floor":[80,80,80,80,73,79,79,79,79,63,66,66,62,66,66,56,80,72,72,72,72,70,39,63,68,68,70],"gold":260,"neow_bonus":"THREE_ENEMY_KILL","is_prod":false,"is_daily":false,"chose_seed":false,"campfire_upgraded":2,"win_rate":0,"timestamp":1554464679,"path_taken":["M","$","?","M","?","E","?","R","T","E","M","?","?","M","R","BOSS","M","$","?","?","?","E","R","M","T","M"],"build_version":"2019-01-23","purchased_purges":1,"victory":false,"max_hp_per_floor":[80,80,80,80,80,80,80,80,80,80,80,80,80,80,80,80,80,80,80,80,80,80,80,80,80,80,80],"card_choices":[{"not_picked":["Carnage","Rage"],"picked":"Infernal Blade","floor":1.0},{"not_picked":["Perfected Strike","Body Slam"],"picked":"Ghostly Armor","floor":4.0},{"not_picked":["True Grit","Headbutt"],"picked":"Heavy Blade","floor":6.0},{"not_picked":["Dual Wield","Dropkick"],"picked":"Feel No Pain","floor":10.0},{"not_picked":["Thunderclap","Clash"],"picked":"Shrug It Off","floor":11.0},{"not_picked":["Wild Strike","Armaments"],"picked":"Battle Trance","floor":13.0},{"not_picked":["Uppercut","Clothesline"],"picked":"Headbutt","floor":14.0},{"not_picked":["Impervious","Feed"],"picked":"Limit Break","floor":16.0},{"not_picked":["Sever Soul","Second Wind"],"picked":"Flex","floor":18.0},{"not_picked":["Anger","Thunderclap"],"picked":"Seeing Red","floor":22.0},{"not_picked":["Perfected Strike","Disarm+1"],"picked":"Evolve","floor":23.0},{"not_picked":["Shrug It Off","Pommel Strike"],"picked":"Rupture","floor":25.0}],"player_experience":1163611,"relics_obtained":[{"floor":6.0,"key":"Ancient Tea Set"},{"floor":9.0,"key":"Blood Vial"},{"floor":10.0,"key":"Shuriken"},{"floor":12.0,"key":"Vajra"},{"floor":23.0,"key":"Juzu Bracelet"},{"floor":26.0,"key":"Darkstone Periapt"}],"event_choices":[{"damage_healed":0.0,"max_hp_gain":0.0,"max_hp_loss":0.0,"gold_gain":0.0,"event_name":"The Cleric","player_choice":"Leave","floor":3.0,"gold_loss":0.0,"damage_taken":0.0},{"cards_removed":["Strike_R"],"damage_healed":0.0,"max_hp_gain":0.0,"max_hp_loss":0.0,"gold_gain":0.0,"event_name":"Golden Wing","player_choice":"Card Removal","floor":5.0,"gold_loss":0.0,"damage_taken":7.0},{"damage_healed":0.0,"max_hp_gain":0.0,"max_hp_loss":0.0,"gold_gain":0.0,"event_name":"Big Fish","player_choice":"Box","floor":7.0,"gold_loss":0.0,"damage_taken":0.0,"relics_obtained":["Tiny Chest"],"cards_obtained":["Regret"]},{"damage_healed":0.0,"max_hp_gain":0.0,"max_hp_loss":0.0,"gold_gain":0.0,"event_name":"The Library","player_choice":"Read","floor":20.0,"gold_loss":0.0,"damage_taken":0.0,"cards_obtained":["Infernal Blade"]},{"damage_healed":0.0,"max_hp_gain":0.0,"max_hp_loss":0.0,"gold_gain":0.0,"event_name":"FaceTrader","player_choice":"Trade","floor":21.0,"gold_loss":0.0,"damage_taken":0.0,"relics_obtained":["SsserpentHead"]}],"is_beta":false,"boss_relics":[{"not_picked":["Eternal Feather","Runic Dome"],"picked":"Mark of Pain"}],"items_purged_floors":[19],"is_endless":false,"potions_floor_spawned":[1,4,6,14,23,25],"killed_by":"Snecko","ascension_level":1}