{"gold_per_floor":[116,134,134,36,47,77,97,97,121,121,133,146,43,58,58,158,158,173,192,56,68,83,83,112,130,130,130,5,23,51,67,67,67],"floor_reached":33,"playtime":1948,"items_purged":["Strike_R","Strike_R","Strike_R"],"score":333,"play_id":"3f136696-030e-4a81-af1b-01210019a148","local_time":"20190530224203","is_ascension_mode":true,"campfire_choices":[{"data":"Bash","floor":8,"key":"SMITH"},{"data":"Demon Form","floor":10,"key":"SMITH"},{"data":"Clothesline","floor":15,"key":"SMITH"},{"data":"Body Slam","floor":23,"key":"SMITH"},{"floor":27,"key":"REST"},{"data":"True Grit","floor":32,"key":"SMITH"}],"neow_cost":"NONE","seed_source_timestamp":32315560786194,"circlet_count":0,"master_deck":["Strike_R","Strike_R","Defend_R+1","Defend_R","Defend_R","Defend_R","Bash+1","Flex+1","Headbutt","Iron Wave","Demon Form+1","Clothesline+1","Thunderclap","Shrug It Off","Armaments","Reaper","True Grit+1","Metallicize","Evolve","Body Slam+1","Feed","Shrug It Off+1","Sword Boomerang","Anger+1","Warcry+1"],"relics":["Burning Blood","Omamori","War Paint","Centennial Puzzle","Sozu","Shuriken","Pear"],"potions_floor_usage":[6,16,30],"damage_taken":[{"damage":4,"enemies":"2 Louse","floor":1,"turns":3},{"damage":1,"enemies":"Cultist","floor":2,"turns":4},{"damage":11,"enemies":"Jaw Worm","floor":5,"turns":2},{"damage":24,"enemies":"Gremlin Nob","floor":6,"turns":4},{"damage":13,"enemies":"Lots of Slimes","floor":7,"turns":4},{"damage":0,"enemies":"Large Slime","floor":11,"turns":5},{"damage":12,"enemies":"Exordium Thugs","floor":12,"turns":5},{"damage":0,"enemies":"Exordium Wildlife","floor":14,"turns":4},{"damage":18,"enemies":"Slime Boss","floor":16,"turns":6},{"damage":21,"enemies":"2 Thieves","floor":18,"turns":5},{"damage":12,"enemies":"3 Byrds","floor":19,"turns":4},{"damage":30,"enemies":"Sentry and Sphere","floor":21,"turns":12},{"damage":35,"enemies":"Cultist and Chosen","floor":22,"turns":6},{"damage":65,"enemies":"Slavers","floor":24,"turns":11},{"damage":7,"enemies":"Shelled Parasite and Fungi","floor":25,"turns":9},{"damage":10,"enemies":"Snake Plant","floor":29,"turns":5},{"damage":43,"enemies":"Gremlin Leader","floor":30,"turns":9},{"damage":18,"enemies":"Sentry and Sphere","floor":31,"turns":6},{"damage":58,"enemies":"Collector","floor":33,"turns":7}],"seed_played":"-4948071716246883582","potions_obtained":[{"floor":0,"key":"SkillPotion"},{"floor":0,"key":"Energy Potion"},{"floor":0,"key":"SkillPotion"},{"floor":6,"key":"FearPotion"},{"floor":11,"key":"Dexterity Potion"},{"floor":16,"key":"Energy Potion"}],"is_trial":false,"path_per_floor":["M","M","?","$","M","E","M","R","T","R","M","M","$","M","R","B",null,"M","M","$","M","M","R","E","M","T","R","$","M","E","M","R","B"],"character_chosen":"IRONCLAD","items_purchased":["Iron Wave","Shrug It Off","Armaments","Metallicize"],"campfire_rested":1,"item_purchase_floors":[4,13,13,20],"current_hp_per_floor":[80,80,80,80,75,57,50,50,50,50,56,50,50,56,56,44,80,75,80,80,74,61,61,14,27,27,51,51,47,54,45,45,0],"gold":67,"neow_bonus":"THREE_SMALL_POTIONS","is_prod":false,"is_daily":false,"chose_seed":false,"campfire_upgraded":5,"win_rate":0,"timestamp":1559248923,"path_taken":["M","M","?","$","?","E","M","R","T","R","M","M","$","M","R","BOSS","M","M","$","M","M","R","E","M","T","R","$","M","E","M","R","BOSS"],"build_version":"2019-01-23","purchased_purges":3,"victory":false,"max_hp_per_floor":[80,80,80,80,80,80,80,80,80,80,80,80,80,80,80,80,80,80,80,80,80,80,80,80,83,83,83,83,83,93,96,96,96],"card_choices":[{"not_picked":["Metallicize","Disarm"],"picked":"Flex","floor":1},{"not_picked":["Perfected Strike","Pummel"],"picked":"Headbutt","floor":2},{"not_picked":["Anger","Havoc"],"picked":"Demon Form","floor":5},{"not_picked":["Clash","Hemokinesis"],"picked":"Clothesline","floor":6},{"not_picked":["Blood for Blood","Perfected Strike"],"picked":"Thunderclap","floor":7},{"not_picked":["Headbutt","Body Slam","Uppercut"],"picked":"SKIP","floor":11},{"not_picked":["Wild Strike","Thunderclap","Anger"],"picked":"SKIP","floor":12},{"not_picked":["Thunderclap","Clothesline","Perfected Strike"],"picked":"SKIP","floor":14},{"not_picked":["Brutality","Demon Form"],"picked":"Reaper","floor":16},{"not_picked":["Anger","Clothesline","Havoc"],"picked":"SKIP","floor":18},{"not_picked":["Fire Breathing+1","Iron Wave"],"picked":"True Grit","floor":19},{"not_picked":["Power Through","Burning Pact"],"picked":"Evolve","floor":21},{"not_picked":["Clash","Headbutt"],"picked":"Body Slam","floor":22},{"not_picked":["Demon Form","Sword Boomerang"],"picked":"Feed","floor":24},{"not_picked":["Bloodletting+1","Anger"],"picked":"Shrug It Off+1","floor":25},{"not_picked":["Pommel Strike","Armaments"],"picked":"Sword Boomerang","floor":29},{"not_picked":["Perfected Strike","Thunderclap"],"picked":"Anger+1","floor":30},{"not_picked":["Corruption","Sword Boomerang"],"picked":"Warcry+1","floor":31}],"player_experience":721749,"relics_obtained":[{"floor":6,"key":"War Paint"},{"floor":9,"key":"Centennial Puzzle"},{"floor":24,"key":"Shuriken"},{"floor":30,"key":"Pear"}],"event_choices":[{"damage_healed":0,"gold_gain":0,"player_choice":"Gave Potion","damage_taken":0,"relics_obtained":["Omamori"],"max_hp_gain":0,"max_hp_loss":0,"event_name":"WeMeetAgain","floor":3,"gold_loss":0}],"is_beta":false,"boss_relics":[{"not_picked":["Eternal Feather","Lizard Tail"],"picked":"Sozu"}],"items_purged_floors":[4,20,28],"is_endless":false,"potions_floor_spawned":[6,11,16,19,24,25,30],"killed_by":"Collector","ascension_level":1}