{"gold_per_floor":[113,113,124,124,144,144,174,174,174,174,191,33,33,44,44,123,123,138,158,158,73,123,123],"floor_reached":23,"playtime":910,"items_purged":[],"score":350,"play_id":"b5e34fd8-c302-4d8e-bcd5-82703095d3b2","local_time":"20190530225933","is_ascension_mode":true,"campfire_choices":[{"data":"Neutralize","floor":6.0,"key":"SMITH"},{"data":"Deadly Poison","floor":8.0,"key":"SMITH"},{"floor":10.0,"key":"REST"},{"data":"Noxious Fumes","floor":15.0,"key":"SMITH"}],"neow_cost":"NONE","seed_source_timestamp":34300152961294,"circlet_count":0,"master_deck":["AscendersBane","Defend_G","Defend_G","Defend_G","Defend_G","Defend_G","Strike_G","Strike_G","Strike_G+1","Strike_G","Survivor","Neutralize+1","Deadly Poison+1","Dagger Spray+1","Blur","Noxious Fumes+1","Corpse Explosion","Crippling Poison","Endless Agony","After Image","Backflip","Leg Sweep","Catalyst","Backflip","Envenom","Endless Agony"],"special_seed":0,"relics":["White Beast Statue","Ancient Tea Set","Whetstone","Pear","Shuriken","Orrery","Gremlin Horn"],"potions_floor_usage":[19,23],"damage_taken":[{"damage":3.0,"enemies":"2 Louse","floor":1.0,"turns":4.0},{"damage":1.0,"enemies":"Jaw Worm","floor":3.0,"turns":5.0},{"damage":3.0,"enemies":"Cultist","floor":5.0,"turns":5.0},{"damage":12.0,"enemies":"Gremlin Nob","floor":7.0,"turns":5.0},{"damage":7.0,"enemies":"2 Fungi Beasts","floor":11.0,"turns":4.0},{"damage":0.0,"enemies":"3 Louse","floor":14.0,"turns":2.0},{"damage":21.0,"enemies":"The Guardian","floor":16.0,"turns":9.0},{"damage":21,"enemies":"Spheric Guardian","floor":18,"turns":7},{"damage":41,"enemies":"3 Byrds","floor":19,"turns":4},{"damage":12,"enemies":"Book of Stabbing","floor":23,"turns":3}],"seed_played":"-265663005530870601","potions_obtained":[{"floor":1.0,"key":"Ancient Potion"},{"floor":3.0,"key":"Fire Potion"},{"floor":5.0,"key":"EssenceOfSteel"},{"floor":7.0,"key":"Poison Potion"},{"floor":11.0,"key":"Explosive Potion"},{"floor":14.0,"key":"PowerPotion"},{"floor":16.0,"key":"Dexterity Potion"},{"floor":18,"key":"Fruit Juice"},{"floor":19,"key":"PowerPotion"}],"is_trial":false,"path_per_floor":["M","?","M","T","M","R","E","R","T","R","M","$","?","M","R","B",null,"M","M","?","?","?","E"],"character_chosen":"THE_SILENT","items_purchased":["Corpse Explosion","Crippling Poison"],"campfire_rested":1,"item_purchase_floors":[12,12],"current_hp_per_floor":[56,49,48,48,45,45,33,33,43,65,58,58,58,58,58,37,66,45,9,9,9,9,0],"gold":123,"neow_bonus":"BOSS_RELIC","is_prod":false,"is_daily":false,"chose_seed":false,"campfire_upgraded":3,"win_rate":0,"timestamp":1559249973,"path_taken":["M","?","M","?","M","R","E","R","T","R","M","$","?","M","R","BOSS","M","?","?","?","?","E"],"build_version":"2019-01-23","purchased_purges":0,"victory":false,"max_hp_per_floor":[66,66,66,66,66,66,66,66,76,76,76,76,76,76,76,76,76,76,81,81,81,81,81],"card_choices":[{"not_picked":["Quick Slash","Escape Plan"],"picked":"Deadly Poison","floor":1.0},{"not_picked":["Masterful Stab","Underhanded Strike","Terror"],"picked":"SKIP","floor":3.0},{"not_picked":["Quick Slash","Sucker Punch"],"picked":"Dagger Spray","floor":5.0},{"not_picked":["Endless Agony","Flechettes"],"picked":"Blur","floor":7.0},{"not_picked":["Backflip","Flying Knee"],"picked":"Noxious Fumes","floor":11.0},{"not_picked":["Flying Knee","Outmaneuver"],"picked":"Endless Agony","floor":14.0},{"not_picked":["Grand Finale","Tools of the Trade"],"picked":"After Image","floor":16.0},{"not_picked":["Dagger Throw","Poisoned Stab"],"picked":"Backflip","floor":17},{"not_picked":["Crippling Poison","Sucker Punch"],"picked":"Leg Sweep","floor":17},{"not_picked":["Concentrate","Expertise"],"picked":"Catalyst","floor":17},{"not_picked":["Skewer","Deadly Poison"],"picked":"Backflip","floor":17},{"not_picked":["Acrobatics","Sucker Punch"],"picked":"Envenom","floor":17},{"not_picked":["All Out Attack","Prepared","Reflex"],"picked":"SKIP","floor":18},{"not_picked":["Slice","Poisoned Stab"],"picked":"Endless Agony","floor":19}],"player_experience":723697,"relics_obtained":[{"floor":4.0,"key":"Ancient Tea Set"},{"floor":7.0,"key":"Whetstone"},{"floor":9.0,"key":"Pear"}],"event_choices":[{"cards_removed":["Strike_G"],"damage_healed":0.0,"max_hp_gain":0.0,"max_hp_loss":0.0,"gold_gain":0.0,"event_name":"Golden Wing","player_choice":"Card Removal","floor":2.0,"gold_loss":0.0,"damage_taken":7.0},{"damage_healed":0.0,"max_hp_gain":0.0,"max_hp_loss":0.0,"gold_gain":0.0,"event_name":"WeMeetAgain","player_choice":"Gave Potion","floor":13.0,"gold_loss":0.0,"damage_taken":0.0,"relics_obtained":["Shuriken"]},{"damage_healed":0,"gold_gain":0,"player_choice":"Ignored","damage_taken":0,"max_hp_gain":0,"max_hp_loss":0,"event_name":"Cursed Tome","floor":20,"gold_loss":0},{"damage_healed":0,"gold_gain":0,"player_choice":"Obtained Relic","damage_taken":0,"relics_obtained":["Gremlin Horn"],"max_hp_gain":0,"max_hp_loss":0,"event_name":"Addict","floor":21,"gold_loss":85},{"damage_healed":0,"gold_gain":50,"player_choice":"Stole From Cult","damage_taken":0,"max_hp_gain":0,"max_hp_loss":0,"event_name":"Nest","floor":22,"gold_loss":0}],"is_beta":false,"boss_relics":[{"not_picked":["Black Star","Eternal Feather"],"picked":"Orrery"}],"items_purged_floors":[],"is_endless":false,"potions_floor_spawned":[1,3,5,7,11,14,16,18,19],"killed_by":"Book of Stabbing","ascension_level":17}