{"gold_per_floor":[118,118,43,58,9,43,43,72,372,382,4,4,36,36,36,133,133,144,154,85,95,95,95,124,151,220,135,135,66,66,83,83,83],"floor_reached":33,"playtime":3247,"items_purged":["Strike_R"],"score":377,"play_id":"0f8e5467-4e98-46d0-994d-7e87872ca946","local_time":"20190220232324","is_ascension_mode":true,"campfire_choices":[{"floor":7.0,"key":"REST"},{"floor":15.0,"key":"REST"},{"floor":23.0,"key":"REST"},{"floor":28.0,"key":"REST"},{"floor":32.0,"key":"REST"}],"neow_cost":"NONE","seed_source_timestamp":594967715025811,"circlet_count":0,"master_deck":["Strike_R","Strike_R","Strike_R","Strike_R","Defend_R","Defend_R","Defend_R","Defend_R","Bash","Pummel+1","Fire Breathing","Dropkick","Anger","Barricade","Shrug It Off","Iron Wave","Anger","Regret","Fiend Fire","Immolate","Sword Boomerang","Armaments","Combust+1","Ghostly Armor+1","RitualDagger","Body Slam+1","Reaper","J.A.X.","Iron Wave"],"special_seed":0,"relics":["Burning Blood","Orichalcum","Ice Cream","Anchor","Old Coin","HandDrill","Frozen Egg 2","Pen Nib","Strawberry","White Beast Statue","Oddly Smooth Stone","Art of War","Sundial","Bag of Marbles"],"potions_floor_usage":[33],"damage_taken":[{"damage":0.0,"enemies":"Small Slimes","floor":1.0,"turns":3.0},{"damage":0.0,"enemies":"Cultist","floor":4.0,"turns":3.0},{"damage":53.0,"enemies":"Lagavulin","floor":6.0,"turns":8.0},{"damage":31.0,"enemies":"3 Sentries","floor":8.0,"turns":11.0},{"damage":2.0,"enemies":"Jaw Worm","floor":10.0,"turns":3.0},{"damage":21.0,"enemies":"Lagavulin","floor":13.0,"turns":8.0},{"damage":30.0,"enemies":"The Guardian","floor":16.0,"turns":14.0},{"damage":39.0,"enemies":"Shell Parasite","floor":18.0,"turns":5.0},{"damage":2.0,"enemies":"3 Byrds","floor":19.0,"turns":5.0},{"damage":27.0,"enemies":"Snake Plant","floor":21.0,"turns":3.0},{"damage":41.0,"enemies":"Book of Stabbing","floor":24.0,"turns":5.0},{"damage":20.0,"enemies":"Centurion and Healer","floor":31.0,"turns":5.0},{"damage":66,"enemies":"Collector","floor":33,"turns":6}],"seed_played":"-3806681874875806224","potions_obtained":[{"floor":1.0,"key":"BloodPotion"},{"floor":6.0,"key":"Regen Potion"},{"floor":16.0,"key":"FearPotion"},{"floor":18.0,"key":"Weak Potion"},{"floor":19.0,"key":"Strength Potion"},{"floor":21.0,"key":"Energy Potion"},{"floor":24.0,"key":"Strength Potion"},{"floor":31.0,"key":"SkillPotion"}],"is_trial":false,"path_per_floor":["M","?","$","M","$","E","R","E","T","M","$","?","E","?","R","B",null,"M","M","$","M","?","R","E","T","T","?","R","$","?","M","R","B"],"character_chosen":"IRONCLAD","items_purchased":["Fire Breathing","Anger","Anger","HandDrill","Strength Potion","Combust+1","Reaper"],"campfire_rested":5,"item_purchase_floors":[3,5,11,11,11,20,29],"current_hp_per_floor":[78,78,78,80,80,41,65,55,55,59,59,59,44,51,77,53,79,46,50,50,29,23,49,14,14,14,14,40,40,40,34,60,0],"gold":83,"neow_bonus":"RANDOM_COMMON_RELIC","is_prod":false,"is_daily":false,"chose_seed":false,"campfire_upgraded":0,"win_rate":0,"timestamp":1550665404,"path_taken":["M","?","?","?","$","E","R","E","T","M","?","?","E","?","R","BOSS","M","M","$","M","?","R","E","?","T","?","R","$","?","M","R","BOSS"],"build_version":"2019-01-23","purchased_purges":1,"victory":false,"max_hp_per_floor":[80,80,80,80,80,80,80,80,80,80,80,80,80,87,87,87,87,87,87,87,87,87,87,87,87,87,87,87,87,87,87,87,87],"card_choices":[{"not_picked":["Carnage","Clothesline"],"picked":"Pummel","floor":1.0},{"not_picked":["Wild Strike","Perfected Strike"],"picked":"Dropkick","floor":4.0},{"not_picked":["Searing Blow","Burning Pact"],"picked":"Barricade","floor":6.0},{"not_picked":["Rage","Sword Boomerang"],"picked":"Shrug It Off","floor":8.0},{"not_picked":["Clash","Carnage"],"picked":"Iron Wave","floor":10.0},{"not_picked":["Rampage","Reckless Charge"],"picked":"Fiend Fire","floor":13.0},{"not_picked":["Barricade+1","Bludgeon"],"picked":"Immolate","floor":16.0},{"not_picked":["True Grit","Rampage"],"picked":"Sword Boomerang","floor":18.0},{"not_picked":["Blood for Blood","Sword Boomerang"],"picked":"Armaments","floor":19.0},{"not_picked":["Warcry","Armaments"],"picked":"Ghostly Armor+1","floor":21.0},{"not_picked":["Armaments","Second Wind"],"picked":"Body Slam+1","floor":24.0},{"not_picked":["Perfected Strike","Dual Wield"],"picked":"Iron Wave","floor":31.0}],"player_experience":602595,"relics_obtained":[{"floor":6.0,"key":"Ice Cream"},{"floor":8.0,"key":"Anchor"},{"floor":9.0,"key":"Old Coin"},{"floor":13.0,"key":"Pen Nib"},{"floor":24.0,"key":"Oddly Smooth Stone"},{"floor":25.0,"key":"Art of War"},{"floor":26.0,"key":"Sundial"}],"event_choices":[{"damage_healed":0.0,"max_hp_gain":0.0,"max_hp_loss":0.0,"gold_gain":0.0,"event_name":"Upgrade Shrine","player_choice":"Upgraded","floor":2.0,"gold_loss":0.0,"damage_taken":0.0,"cards_upgraded":["Pummel"]},{"damage_healed":0.0,"max_hp_gain":0.0,"max_hp_loss":0.0,"gold_gain":0.0,"event_name":"Big Fish","player_choice":"Box","floor":12.0,"gold_loss":0.0,"damage_taken":0.0,"relics_obtained":["Frozen Egg 2"],"cards_obtained":["Regret"]},{"damage_healed":0.0,"max_hp_gain":0.0,"max_hp_loss":0.0,"gold_gain":0.0,"event_name":"Dead Adventurer","player_choice":"Searched \u00271\u0027 times","floor":14.0,"gold_loss":0.0,"damage_taken":0.0,"relics_obtained":["Strawberry"]},{"damage_healed":0.0,"max_hp_gain":0.0,"max_hp_loss":0.0,"gold_gain":0.0,"event_name":"Nest","player_choice":"Joined the Cult","floor":22.0,"gold_loss":0.0,"damage_taken":6.0,"cards_obtained":["RitualDagger"]},{"damage_healed":0.0,"max_hp_gain":0.0,"max_hp_loss":0.0,"gold_gain":0.0,"event_name":"Addict","player_choice":"Obtained Relic","floor":27.0,"gold_loss":85.0,"damage_taken":0.0,"relics_obtained":["Bag of Marbles"]},{"damage_healed":0.0,"max_hp_gain":0.0,"max_hp_loss":0.0,"gold_gain":0.0,"event_name":"Drug Dealer","player_choice":"Obtain J.A.X.","floor":30.0,"gold_loss":0.0,"damage_taken":0.0,"cards_obtained":["J.A.X."]}],"is_beta":false,"boss_relics":[{"not_picked":["Runic Dome","Eternal Feather"],"picked":"White Beast Statue"}],"items_purged_floors":[11],"is_endless":false,"potions_floor_spawned":[1,6,16,18,19,21,24,31],"killed_by":"Collector","ascension_level":7}