{"gold_per_floor":[112,37,57,69,85,85,85,85,85,102,2,2,13,28,28,129,129,147,147,22,25,42,58,70,70,120,120,120,120,120,120,120,215,215,233,233,258,274,285,285,54,79,102,131,131,166,166,166,166,166,166,166,42,69,69],"floor_reached":56,"playtime":23307,"items_purged":["Strike_G","Defend_G","Strike_G","Strike_G"],"score":1325,"play_id":"f508c484-ac77-4bad-8bda-2a2ec94c8a08","local_time":"20190527221907","is_ascension_mode":false,"campfire_choices":[{"data":"Neutralize","floor":6.0,"key":"SMITH"},{"data":"Heel Hook","floor":15.0,"key":"SMITH"},{"floor":25.0,"key":"REST"},{"floor":27.0,"key":"REST"},{"data":"A Thousand Cuts","floor":30.0,"key":"SMITH"},{"data":"Survivor","floor":32.0,"key":"SMITH"},{"floor":40.0,"key":"RECALL"},{"floor":47.0,"key":"REST"},{"data":"Night Terror","floor":49.0,"key":"SMITH"},{"data":"Flash of Steel","floor":52,"key":"SMITH"}],"neow_cost":"TEN_PERCENT_HP_LOSS","seed_source_timestamp":169670177533509,"circlet_count":0,"master_deck":["Defend_G","Neutralize+1","Heel Hook+1","A Thousand Cuts+1","After Image","Night Terror+1","Flash of Steel+1"],"special_seed":0,"relics":["Ring of the Snake","Anchor","Lizard Tail","Bag of Marbles","White Beast Statue","Gremlin Horn","Bronze Scales","Bottled Tornado","Dream Catcher","Snake Skull"],"potions_floor_usage":[50,50,50,55,55,55],"damage_taken":[{"damage":6.0,"enemies":"Cultist","floor":1.0,"turns":5.0},{"damage":0.0,"enemies":"Jaw Worm","floor":3.0,"turns":3.0},{"damage":0.0,"enemies":"Small Slimes","floor":4.0,"turns":7.0},{"damage":0.0,"enemies":"Blue Slaver","floor":5.0,"turns":5.0},{"damage":0.0,"enemies":"2 Fungi Beasts","floor":10.0,"turns":5.0},{"damage":0.0,"enemies":"Looter","floor":13.0,"turns":3.0},{"damage":1.0,"enemies":"Exordium Thugs","floor":14.0,"turns":4.0},{"damage":35.0,"enemies":"Hexaghost","floor":16.0,"turns":13.0},{"damage":41.0,"enemies":"Spheric Guardian","floor":18.0,"turns":7.0},{"damage":1.0,"enemies":"2 Thieves","floor":21.0,"turns":4.0},{"damage":24.0,"enemies":"Snake Plant","floor":22.0,"turns":7.0},{"damage":0.0,"enemies":"Centurion and Healer","floor":23.0,"turns":11.0},{"damage":0.0,"enemies":"Shelled Parasite and Fungi","floor":24.0,"turns":10.0},{"damage":24.0,"enemies":"Champ","floor":33.0,"turns":20.0},{"damage":1.0,"enemies":"Orb Walker","floor":35.0,"turns":2.0},{"damage":12.0,"enemies":"3 Darklings","floor":38.0,"turns":3.0},{"damage":8.0,"enemies":"Transient","floor":39.0,"turns":2.0},{"damage":2.0,"enemies":"Nemesis","floor":42.0,"turns":2.0},{"damage":0.0,"enemies":"Giant Head","floor":44.0,"turns":3.0},{"damage":2.0,"enemies":"Nemesis","floor":46.0,"turns":2.0},{"damage":35,"enemies":"Time Eater","floor":50,"turns":7},{"damage":0,"enemies":"Shield and Spear","floor":54,"turns":1},{"damage":94,"enemies":"The Heart","floor":55,"turns":6}],"seed_played":"-7157926125737116219","potions_obtained":[{"floor":1.0,"key":"AttackPotion"},{"floor":3.0,"key":"LiquidBronze"},{"floor":5.0,"key":"Swift Potion"},{"floor":10.0,"key":"Block Potion"},{"floor":21.0,"key":"Dexterity Potion"},{"floor":24.0,"key":"Dexterity Potion"},{"floor":35.0,"key":"SteroidPotion"},{"floor":38.0,"key":"SkillPotion"},{"floor":39.0,"key":"FearPotion"},{"floor":44.0,"key":"Strength Potion"},{"floor":46.0,"key":"Regen Potion"},{"floor":54,"key":"GamblersBrew"}],"is_trial":false,"path_per_floor":["M","$","M","M","M","R","?","?","T","M","$","?","M","M","R","B",null,"M","?","$","M","M","M","M","R","T","R","?","?","R","$","R","B",null,"M","?","T","M","M","R","$","E","T","E","?","E","R","$","R","B",null,"R","$","E","B",null],"character_chosen":"THE_SILENT","items_purchased":["Flash of Steel","PowerPotion","Regen Potion"],"campfire_rested":3,"item_purchase_floors":[41,53,53],"current_hp_per_floor":[57,57,57,57,57,57,50,50,50,50,50,50,50,49,49,14,63,22,43,43,42,18,18,18,36,36,54,54,54,54,54,54,30,63,62,62,62,50,42,42,42,40,40,40,40,38,56,56,56,36,63,63,63,63,14],"gold":69,"neow_bonus":"REMOVE_TWO","is_prod":false,"is_daily":false,"chose_seed":false,"campfire_upgraded":6,"win_rate":0,"timestamp":1558959547,"path_taken":["M","$","?","?","M","R","?","?","T","M","$","?","?","M","R","BOSS","M","?","$","M","M","M","M","R","T","R","?","?","R","$","R","BOSS","M","?","?","?","M","R","?","E","T","E","?","E","R","$","R","BOSS","R","$","E","BOSS"],"build_version":"2019-01-23","purchased_purges":4,"victory":true,"max_hp_per_floor":[63,63,63,63,63,63,63,63,63,63,63,63,63,63,63,63,63,63,63,63,63,63,63,63,63,63,63,63,63,63,63,63,63,63,63,63,63,63,63,63,63,63,63,63,63,63,63,63,63,63,63,63,63,63,63],"card_choices":[{"not_picked":["Acrobatics","Deadly Poison","Well Laid Plans"],"picked":"SKIP","floor":1.0},{"not_picked":["Calculated Gamble","Concentrate","Catalyst"],"picked":"SKIP","floor":3.0},{"not_picked":["Underhanded Strike","Dagger Throw","Noxious Fumes"],"picked":"SKIP","floor":4.0},{"not_picked":["Backflip","Flying Knee","Prepared"],"picked":"SKIP","floor":5.0},{"not_picked":["Concentrate","Reflex","Quick Slash"],"picked":"SKIP","floor":10.0},{"not_picked":["Slice","Prepared"],"picked":"Heel Hook","floor":13.0},{"not_picked":["Slice","PiercingWail","Dagger Throw"],"picked":"SKIP","floor":14.0},{"not_picked":["Bullet Time","Glass Knife"],"picked":"A Thousand Cuts","floor":16.0},{"not_picked":["PiercingWail","Outmaneuver","Cloak And Dagger"],"picked":"SKIP","floor":18.0},{"not_picked":["Dagger Throw","Calculated Gamble+1","Deflect"],"picked":"SKIP","floor":21.0},{"not_picked":["Terror","Outmaneuver"],"picked":"After Image","floor":22.0},{"not_picked":["Flying Knee+1","Acrobatics","Finisher"],"picked":"SKIP","floor":23.0},{"not_picked":["Bane","Dagger Throw","Dash+1"],"picked":"SKIP","floor":24.0},{"not_picked":["Envenom","After Image"],"picked":"Night Terror","floor":33.0},{"not_picked":["Bouncing Flask","Blade Dance","Dagger Throw"],"picked":"SKIP","floor":35.0},{"not_picked":["Backflip","Dagger Throw","Poisoned Stab"],"picked":"SKIP","floor":38.0},{"not_picked":["Underhanded Strike+1","Riddle With Holes","Dodge and Roll+1"],"picked":"SKIP","floor":39.0},{"not_picked":["Deadly Poison+1","Venomology","Envenom"],"picked":"SKIP","floor":42.0},{"not_picked":["Deflect+1","Dash+1","Cloak And Dagger"],"picked":"SKIP","floor":44.0},{"not_picked":["Expertise+1","Riddle With Holes+1","PiercingWail"],"picked":"SKIP","floor":46.0},{"not_picked":["Corpse Explosion","Backstab","Tactician"],"picked":"SKIP","floor":54}],"player_experience":1998340,"relics_obtained":[{"floor":9.0,"key":"Anchor"},{"floor":26.0,"key":"Bag of Marbles"},{"floor":42.0,"key":"Gremlin Horn"},{"floor":43.0,"key":"Bronze Scales"},{"floor":44.0,"key":"Bottled Tornado"},{"floor":46.0,"key":"Dream Catcher"},{"floor":54,"key":"Snake Skull"}],"event_choices":[{"cards_removed":["Strike_G"],"damage_healed":0.0,"max_hp_gain":0.0,"max_hp_loss":0.0,"gold_gain":0.0,"event_name":"Golden Wing","player_choice":"Card Removal","floor":7.0,"gold_loss":0.0,"damage_taken":7.0},{"cards_removed":["Defend_G"],"damage_healed":0.0,"max_hp_gain":0.0,"max_hp_loss":0.0,"gold_gain":0.0,"event_name":"Living Wall","player_choice":"Forget","floor":8.0,"gold_loss":0.0,"damage_taken":0.0},{"damage_healed":0.0,"max_hp_gain":0.0,"max_hp_loss":0.0,"gold_gain":0.0,"event_name":"Match and Keep!","player_choice":"0 cards matched","floor":12.0,"gold_loss":0.0,"damage_taken":0.0,"cards_obtained":[]},{"damage_healed":21.0,"max_hp_gain":0.0,"max_hp_loss":0.0,"gold_gain":0.0,"event_name":"The Library","player_choice":"Heal","floor":19.0,"gold_loss":0.0,"damage_taken":0.0},{"damage_healed":0.0,"max_hp_gain":0.0,"max_hp_loss":0.0,"gold_gain":0.0,"event_name":"Vampires","player_choice":"Ignored","floor":28.0,"gold_loss":0.0,"damage_taken":0.0},{"cards_removed":["Survivor"],"damage_healed":0.0,"max_hp_gain":0.0,"max_hp_loss":0.0,"gold_gain":0.0,"event_name":"Falling","player_choice":"Removed Skill","floor":36.0,"gold_loss":0.0,"damage_taken":0.0},{"cards_removed":["Defend_G"],"damage_healed":0.0,"max_hp_gain":0.0,"max_hp_loss":0.0,"gold_gain":0.0,"event_name":"Bonfire Elementals","player_choice":"Offered Basic","floor":45.0,"gold_loss":0.0,"damage_taken":0.0}],"is_beta":false,"boss_relics":[{"not_picked":["HoveringKite","Busted Crown"],"picked":"Lizard Tail"},{"not_picked":["Runic Dome","Snecko Eye"],"picked":"White Beast Statue"}],"items_purged_floors":[2,11,20,41],"is_endless":false,"potions_floor_spawned":[1,3,5,10,21,24,35,38,39,42,44,46,54],"ascension_level":0}