{"gold_per_floor":[118,135,12,12,31,57,132,148,174,205,205,205,205,155,155,230,230,211,227,227,240,32,32,61,61,61,76,76,76,76,105,105,105],"floor_reached":33,"playtime":1639,"items_purged":["Strike_B"],"score":495,"play_id":"b35e4863-83ca-4ed4-8715-3b9b433a1266","local_time":"20190610110647","is_ascension_mode":true,"campfire_choices":[{"floor":11.0,"key":"REST"},{"data":"Static Discharge","floor":15.0,"key":"SMITH"},{"data":"Defragment","floor":23.0,"key":"SMITH"},{"floor":25.0,"key":"REST"},{"data":"Biased Cognition","floor":28.0,"key":"SMITH"},{"data":"White Noise","floor":30.0,"key":"SMITH"},{"floor":32,"key":"REST"}],"neow_cost":"NONE","seed_source_timestamp":73927967225033,"circlet_count":0,"master_deck":["AscendersBane","Strike_B+1","Strike_B+1","Defend_B+1","Defend_B","Defend_B","Zap","Dualcast+1","White Noise+1","Ball Lightning","Gash","Undo","Hologram","Glacier","Static Discharge+1","Biased Cognition+1","Glacier","Reprogram+1","Defragment+1","Coolheaded","Sweeping Beam","Conserve Battery","White Noise","Coolheaded"],"special_seed":0,"relics":["Cracked Core","War Paint","Bag of Marbles","Juzu Bracelet","Dream Catcher","Runic Pyramid","Blood Vial","Prayer Wheel","Meat on the Bone","Boot"],"potions_floor_usage":[31,33],"damage_taken":[{"damage":7.0,"enemies":"Jaw Worm","floor":1.0,"turns":4.0},{"damage":0.0,"enemies":"2 Louse","floor":2.0,"turns":3.0},{"damage":0.0,"enemies":"Small Slimes","floor":5.0,"turns":2.0},{"damage":15.0,"enemies":"Lagavulin","floor":6.0,"turns":5.0},{"damage":6.0,"enemies":"Blue Slaver","floor":8.0,"turns":4.0},{"damage":11.0,"enemies":"3 Sentries","floor":10.0,"turns":4.0},{"damage":3.0,"enemies":"The Guardian","floor":16.0,"turns":12.0},{"damage":11.0,"enemies":"2 Thieves","floor":18.0,"turns":4.0},{"damage":0.0,"enemies":"Spheric Guardian","floor":19.0,"turns":5.0},{"damage":11.0,"enemies":"Snake Plant","floor":21.0,"turns":2.0},{"damage":31.0,"enemies":"Gremlin Leader","floor":24.0,"turns":8.0},{"damage":5.0,"enemies":"Sentry and Sphere","floor":27.0,"turns":6.0},{"damage":29,"enemies":"Slavers","floor":31,"turns":6},{"damage":67,"enemies":"Automaton","floor":33,"turns":12}],"seed_played":"276461952915920215","potions_obtained":[{"floor":1.0,"key":"LiquidBronze"},{"floor":2.0,"key":"PowerPotion"},{"floor":10.0,"key":"Weak Potion"},{"floor":16.0,"key":"AttackPotion"},{"floor":18.0,"key":"FearPotion"},{"floor":21.0,"key":"GamblersBrew"},{"floor":31,"key":"Explosive Potion"}],"is_trial":false,"path_per_floor":["M","M","$","?","M","E","?","M","T","E","R","?","?","?","R","B",null,"M","M","?","M","$","R","E","R","T","M","R","$","R","E","R","B"],"character_chosen":"DEFECT","items_purchased":["Gash","Blood Vial","Sweeping Beam"],"campfire_rested":3,"item_purchase_floors":[3,22,22],"current_hp_per_floor":[57,57,57,50,50,35,24,18,18,7,28,51,37,37,37,34,62,51,51,51,40,40,40,11,32,32,41,41,41,41,26,47,0],"gold":105,"neow_bonus":"RANDOM_COMMON_RELIC","is_prod":false,"is_daily":false,"chose_seed":false,"campfire_upgraded":4,"win_rate":0,"timestamp":1560157607,"path_taken":["M","M","$","?","M","E","?","M","T","E","R","?","?","?","R","BOSS","M","M","?","M","$","R","E","R","T","M","R","$","R","E","R","BOSS"],"build_version":"2019-01-23","purchased_purges":1,"victory":false,"max_hp_per_floor":[71,71,71,71,71,71,71,71,71,71,71,71,71,71,71,71,71,71,71,71,71,71,71,71,71,71,71,71,71,71,71,71,71],"card_choices":[{"not_picked":["Lockon","Hologram"],"picked":"White Noise","floor":1.0},{"not_picked":["Capacitor","Barrage"],"picked":"Ball Lightning","floor":2.0},{"not_picked":["Cold Snap","Scrape"],"picked":"Undo","floor":5.0},{"not_picked":["Leap","Scrape","FTL"],"picked":"SKIP","floor":6.0},{"not_picked":["Scrape","Stack"],"picked":"Hologram","floor":8.0},{"not_picked":["Leap","Rainbow"],"picked":"Glacier","floor":10.0},{"not_picked":["Leap","Lockon"],"picked":"Static Discharge","floor":11.0},{"not_picked":["Meteor Strike","Machine Learning"],"picked":"Biased Cognition","floor":16.0},{"not_picked":["Leap","Double Energy"],"picked":"Glacier","floor":18.0},{"not_picked":["Static Discharge","Gash"],"picked":"Reprogram+1","floor":19.0},{"not_picked":["Aggregate","Compile Driver"],"picked":"Coolheaded","floor":21.0},{"not_picked":["Lockon","Leap+1","Ball Lightning+1"],"picked":"SKIP","floor":24.0},{"not_picked":["Streamline","Hologram"],"picked":"Conserve Battery","floor":25.0},{"not_picked":["Stack","Glacier"],"picked":"White Noise","floor":27.0},{"not_picked":["Ball Lightning","Creative AI","Steam"],"picked":"SKIP","floor":27.0},{"not_picked":["Go for the Eyes","Tempest","Sweeping Beam"],"picked":"SKIP","floor":31},{"not_picked":["Heatsinks","Compile Driver"],"picked":"Coolheaded","floor":32}],"player_experience":727931,"relics_obtained":[{"floor":6.0,"key":"Bag of Marbles"},{"floor":9.0,"key":"Juzu Bracelet"},{"floor":10.0,"key":"Dream Catcher"},{"floor":24.0,"key":"Prayer Wheel"},{"floor":26.0,"key":"Meat on the Bone"},{"floor":31,"key":"Boot"}],"event_choices":[{"cards_removed":["Strike_B"],"damage_healed":0.0,"max_hp_gain":0.0,"max_hp_loss":0.0,"gold_gain":0.0,"event_name":"Golden Wing","player_choice":"Card Removal","floor":4.0,"gold_loss":0.0,"damage_taken":7.0},{"damage_healed":0.0,"max_hp_gain":0.0,"max_hp_loss":0.0,"gold_gain":75.0,"event_name":"World of Goop","player_choice":"Gather Gold","floor":7.0,"gold_loss":0.0,"damage_taken":11.0},{"damage_healed":23.0,"max_hp_gain":0.0,"max_hp_loss":0.0,"gold_gain":0.0,"event_name":"Big Fish","player_choice":"Banana","floor":12.0,"gold_loss":0.0,"damage_taken":0.0},{"damage_healed":0.0,"max_hp_gain":0.0,"max_hp_loss":0.0,"gold_gain":0.0,"event_name":"Shining Light","player_choice":"Entered Light","floor":13.0,"gold_loss":0.0,"damage_taken":14.0,"cards_upgraded":["Strike_B","Strike_B"]},{"cards_removed":["Defend_B"],"damage_healed":0.0,"max_hp_gain":0.0,"max_hp_loss":0.0,"gold_gain":0.0,"event_name":"The Cleric","player_choice":"Card Removal","floor":14.0,"gold_loss":50.0,"damage_taken":0.0},{"damage_healed":0.0,"max_hp_gain":0.0,"max_hp_loss":0.0,"gold_gain":0.0,"event_name":"The Library","player_choice":"Read","floor":20.0,"gold_loss":0.0,"damage_taken":0.0,"cards_obtained":["Defragment"]}],"is_beta":false,"boss_relics":[{"not_picked":["Philosopher\u0027s Stone","Pandora\u0027s Box"],"picked":"Runic Pyramid"}],"items_purged_floors":[3],"is_endless":false,"potions_floor_spawned":[1,2,10,16,18,21,31],"killed_by":"Automaton","ascension_level":14}