{"gold_per_floor":[119,2,13,31,45,45,78,78,78,78,95,115,115,145,145,240,240,253,253,453,189,189],"floor_reached":22,"playtime":2991,"items_purged":["Regret"],"score":291,"play_id":"7ac10860-b94e-4f7f-9355-c8d7824079f2","local_time":"20190310153356","is_ascension_mode":true,"campfire_choices":[{"data":"Iron Wave","floor":6.0,"key":"SMITH"},{"data":"Demon Form","floor":8.0,"key":"SMITH"},{"floor":10.0,"key":"REST"},{"data":"Hemokinesis","floor":15.0,"key":"SMITH"}],"neow_cost":"NONE","seed_source_timestamp":170824141036554,"circlet_count":0,"master_deck":["AscendersBane","Strike_R","Strike_R","Strike_R","Strike_R","Strike_R","Defend_R","Defend_R","Defend_R","Defend_R","Bash","Iron Wave+1","Shrug It Off","Rupture","Anger","Heavy Blade","Dual Wield","Demon Form+1","Flex","Parasite","Hemokinesis+1","Double Tap","Doubt","Decay","Shrug It Off"],"special_seed":0,"relics":["Burning Blood","Blood Vial","Orichalcum","Potion Belt","Singing Bowl","Calling Bell","Oddly Smooth Stone","Letter Opener","WingedGreaves","Bag of Preparation"],"potions_floor_usage":[16,22],"damage_taken":[{"damage":15.0,"enemies":"Small Slimes","floor":1.0,"turns":4.0},{"damage":13.0,"enemies":"Jaw Worm","floor":3.0,"turns":6.0},{"damage":1.0,"enemies":"Cultist","floor":4.0,"turns":3.0},{"damage":1.0,"enemies":"Exordium Wildlife","floor":5.0,"turns":3.0},{"damage":40.0,"enemies":"Gremlin Nob","floor":7.0,"turns":5.0},{"damage":14.0,"enemies":"2 Fungi Beasts","floor":11.0,"turns":4.0},{"damage":9.0,"enemies":"Gremlin Gang","floor":12.0,"turns":5.0},{"damage":28.0,"enemies":"Lagavulin","floor":14.0,"turns":5.0},{"damage":53,"enemies":"The Guardian","floor":16,"turns":13},{"damage":63,"enemies":"3 Byrds","floor":18,"turns":8},{"damage":41,"enemies":"Shell Parasite","floor":22,"turns":6}],"seed_played":"1243470784694852317","potions_obtained":[{"floor":1.0,"key":"FearPotion"},{"floor":12.0,"key":"PowerPotion"},{"floor":14.0,"key":"Fire Potion"},{"floor":18,"key":"FearPotion"}],"is_trial":false,"path_per_floor":["M","$","M","M","M","R","E","R","T","R","M","M","?","E","R","B",null,"M","?","?","$","M"],"character_chosen":"IRONCLAD","items_purchased":["Shrug It Off","Rupture","Bag of Preparation","Shrug It Off"],"campfire_rested":1,"item_purchase_floors":[2,2,21,21],"current_hp_per_floor":[65,65,60,67,74,74,42,42,42,66,60,59,79,58,58,13,63,10,37,37,37,0],"gold":189,"neow_bonus":"RANDOM_COMMON_RELIC","is_prod":false,"is_daily":false,"chose_seed":false,"campfire_upgraded":3,"win_rate":0,"timestamp":1552192436,"path_taken":["M","$","M","M","M","R","E","R","T","R","M","M","?","E","R","BOSS","M","?","?","$","?"],"build_version":"2019-01-23","purchased_purges":1,"victory":false,"max_hp_per_floor":[80,80,80,80,80,80,80,80,80,80,80,80,80,80,80,80,80,82,82,82,82,82],"card_choices":[{"not_picked":["Rage","Sever Soul"],"picked":"Iron Wave","floor":1.0},{"not_picked":["Sword Boomerang","Twin Strike"],"picked":"Anger","floor":3.0},{"not_picked":["Carnage","Warcry"],"picked":"Heavy Blade","floor":4.0},{"not_picked":["Whirlwind","Feel No Pain"],"picked":"Dual Wield","floor":5.0},{"not_picked":["Pommel Strike","Warcry"],"picked":"Demon Form","floor":7.0},{"not_picked":["Pommel Strike","Twin Strike"],"picked":"Flex","floor":11.0},{"not_picked":["Clothesline","Twin Strike","Rage"],"picked":"SKIP","floor":12.0},{"not_picked":["Body Slam","Iron Wave"],"picked":"Hemokinesis","floor":14.0},{"not_picked":["Offering","Berserk"],"picked":"Double Tap","floor":16},{"not_picked":["Headbutt","Reckless Charge","Rupture"],"picked":"Singing Bowl","floor":18}],"player_experience":882325,"relics_obtained":[{"floor":7.0,"key":"Orichalcum"},{"floor":9.0,"key":"Potion Belt"},{"floor":14.0,"key":"Singing Bowl"},{"floor":17,"key":"Oddly Smooth Stone"},{"floor":17,"key":"Letter Opener"},{"floor":17,"key":"WingedGreaves"}],"event_choices":[{"damage_healed":20.0,"max_hp_gain":0.0,"max_hp_loss":0.0,"gold_gain":0.0,"event_name":"Mushrooms","player_choice":"Healed and dodged fight","floor":13.0,"gold_loss":0.0,"damage_taken":0.0,"cards_obtained":["Parasite"]},{"damage_healed":27,"gold_gain":0,"player_choice":"Heal","damage_taken":0,"max_hp_gain":0,"max_hp_loss":0,"event_name":"The Library","floor":19,"gold_loss":0},{"damage_healed":0,"gold_gain":200,"player_choice":"Gold","damage_taken":0,"max_hp_gain":0,"max_hp_loss":0,"event_name":"Wheel of Change","floor":20,"gold_loss":0}],"is_beta":false,"boss_relics":[{"not_picked":["Velvet Choker","Runic Cube"],"picked":"Calling Bell"}],"items_purged_floors":[21],"is_endless":false,"potions_floor_spawned":[1,12,14,18],"killed_by":"Shell Parasite","ascension_level":10}