{"gold_per_floor":[119,119,269,6,23,51,51,69,69,87,87,117,143,174,186,198],"floor_reached":16,"playtime":475,"items_purged":["Doubt"],"score":250,"play_id":"0deaad56-f6ed-4411-be41-177d2e479d09","local_time":"20190529161234","is_ascension_mode":true,"campfire_choices":[{"data":"Flex","floor":7.0,"key":"SMITH"},{"data":"Fiend Fire","floor":11.0,"key":"SMITH"},{"data":"Shrug It Off","floor":15.0,"key":"SMITH"}],"neow_cost":"NONE","seed_source_timestamp":1007814907974663,"circlet_count":0,"master_deck":["AscendersBane","Strike_R","Strike_R+1","Strike_R","Strike_R","Strike_R+1","Defend_R","Defend_R","Defend_R","Defend_R","Bash","Flex+1","Sword Boomerang","Finesse","Feel No Pain","Pummel","Fiend Fire+1","Warcry","Shrug It Off+1","Sever Soul","Battle Trance"],"special_seed":0,"relics":["Burning Blood","NeowsBlessing","Meat on the Bone","Bottled Lightning","Blue Candle","MawBank"],"potions_floor_usage":[16],"damage_taken":[{"damage":0.0,"enemies":"2 Louse","floor":1.0,"turns":1.0},{"damage":0.0,"enemies":"Small Slimes","floor":5.0,"turns":1.0},{"damage":0.0,"enemies":"Gremlin Nob","floor":6.0,"turns":1.0},{"damage":6.0,"enemies":"Jaw Worm","floor":8.0,"turns":3.0},{"damage":8.0,"enemies":"3 Louse","floor":10.0,"turns":4.0},{"damage":20.0,"enemies":"Lagavulin","floor":13.0,"turns":7.0},{"damage":24.0,"enemies":"Lots of Slimes","floor":14.0,"turns":4.0},{"damage":43,"enemies":"Hexaghost","floor":16,"turns":9}],"seed_played":"-3066463807284009666","potions_obtained":[{"floor":1.0,"key":"Strength Potion"},{"floor":6.0,"key":"Ancient Potion"}],"is_trial":false,"path_per_floor":["M","?","?","$","M","E","R","M","T","M","R","?","E","M","R","B"],"character_chosen":"IRONCLAD","items_purchased":["Sword Boomerang","Finesse","Feel No Pain"],"campfire_rested":0,"item_purchase_floors":[4,4,4],"current_hp_per_floor":[74,51,51,51,57,63,63,63,63,61,61,61,47,41,41,0],"gold":198,"neow_bonus":"THREE_ENEMY_KILL","is_prod":false,"is_daily":false,"chose_seed":false,"campfire_upgraded":3,"win_rate":0,"timestamp":1559167954,"path_taken":["M","?","?","$","M","E","R","M","T","M","R","?","E","M","R","BOSS"],"build_version":"2019-01-23","purchased_purges":1,"victory":false,"max_hp_per_floor":[75,75,75,75,75,75,75,75,75,75,75,75,75,75,75,75],"card_choices":[{"not_picked":["Thunderclap","Body Slam"],"picked":"Flex","floor":1.0},{"not_picked":["Headbutt","Perfected Strike"],"picked":"Pummel","floor":5.0},{"not_picked":["Cleave","Flex"],"picked":"Fiend Fire","floor":6.0},{"not_picked":["Dropkick","Hemokinesis"],"picked":"Warcry","floor":8.0},{"not_picked":["Power Through","Reckless Charge"],"picked":"Shrug It Off","floor":10.0},{"not_picked":["Bloodletting","Warcry"],"picked":"Sever Soul","floor":13.0},{"not_picked":["Body Slam","Cleave"],"picked":"Battle Trance","floor":14.0}],"player_experience":928927,"relics_obtained":[{"floor":6.0,"key":"Meat on the Bone"},{"floor":9.0,"key":"Bottled Lightning"},{"floor":13.0,"key":"MawBank"}],"event_choices":[{"damage_healed":0.0,"max_hp_gain":0.0,"max_hp_loss":0.0,"gold_gain":0.0,"event_name":"Shining Light","player_choice":"Entered Light","floor":2.0,"gold_loss":0.0,"damage_taken":23.0,"cards_upgraded":["Strike_R","Strike_R"]},{"damage_healed":0.0,"max_hp_gain":0.0,"max_hp_loss":0.0,"gold_gain":150.0,"event_name":"Liars Game","player_choice":"AGREE","floor":3.0,"gold_loss":0.0,"damage_taken":0.0,"cards_obtained":["Doubt"]},{"damage_healed":0.0,"max_hp_gain":0.0,"max_hp_loss":0.0,"gold_gain":30.0,"event_name":"Dead Adventurer","player_choice":"Searched \u00273\u0027 times","floor":12.0,"gold_loss":0.0,"damage_taken":0.0,"relics_obtained":["Blue Candle"]}],"is_beta":false,"boss_relics":[],"items_purged_floors":[4],"is_endless":false,"potions_floor_spawned":[1,6,10,13],"killed_by":"Hexaghost","ascension_level":17}