{"gold_per_floor":[118,68,68,82,92,92,112,123,123,150,150,179,64,80,80,80],"floor_reached":16,"playtime":947,"items_purged":["Strike_R"],"score":162,"play_id":"1943ca29-2790-4baa-b455-c130f0c35c23","local_time":"20190617223150","is_ascension_mode":true,"campfire_choices":[{"data":"Body Slam","floor":6.0,"key":"SMITH"},{"data":"Limit Break","floor":15,"key":"SMITH"}],"neow_cost":"NONE","seed_source_timestamp":1242906308648690,"circlet_count":0,"master_deck":["Strike_R","Strike_R","Defend_R","Defend_R","Defend_R","Defend_R","Bash+1","Battle Trance","Reckless Charge","Body Slam+1","Combust","Inflame","Anger","Limit Break+1","Corruption"],"special_seed":0,"relics":["Burning Blood","Dream Catcher","Regal Pillow","Gremlin Horn","Omamori"],"potions_floor_usage":[14,16],"damage_taken":[{"damage":11.0,"enemies":"Jaw Worm","floor":1.0,"turns":5.0},{"damage":0.0,"enemies":"Small Slimes","floor":4.0,"turns":4.0},{"damage":6.0,"enemies":"Cultist","floor":5.0,"turns":4.0},{"damage":1.0,"enemies":"Gremlin Gang","floor":7.0,"turns":9.0},{"damage":6.0,"enemies":"2 Fungi Beasts","floor":8.0,"turns":3.0},{"damage":26.0,"enemies":"Gremlin Nob","floor":10.0,"turns":4.0},{"damage":12.0,"enemies":"Lagavulin","floor":12.0,"turns":3.0},{"damage":10,"enemies":"Lots of Slimes","floor":14,"turns":3},{"damage":48,"enemies":"The Guardian","floor":16,"turns":7}],"seed_played":"6031857495825004581","potions_obtained":[{"floor":5.0,"key":"SkillPotion"},{"floor":8.0,"key":"Dexterity Potion"},{"floor":12.0,"key":"Dexterity Potion"}],"is_trial":false,"path_per_floor":["?","?","M","M","?"],"character_chosen":"IRONCLAD","items_purchased":["Corruption"],"campfire_rested":0,"item_purchase_floors":[13],"current_hp_per_floor":[67,67,67,73,73,73,78,78,78,58,58,52,52,48,48,0],"gold":80,"neow_bonus":"UPGRADE_CARD","is_prod":false,"is_daily":false,"chose_seed":false,"campfire_upgraded":2,"win_rate":0,"timestamp":1560803510,"path_taken":["M","?","?","M","?","R","?","M","T","E","?","E","$","M","R","BOSS"],"build_version":"2019-01-23","purchased_purges":1,"victory":false,"max_hp_per_floor":[80,80,80,80,80,80,80,80,80,80,80,80,80,80,80,80],"card_choices":[{"not_picked":["Clash","Dropkick"],"picked":"Battle Trance","floor":1.0},{"not_picked":["Pommel Strike","Fire Breathing"],"picked":"Reckless Charge","floor":4.0},{"not_picked":["Flex","Heavy Blade"],"picked":"Body Slam","floor":5.0},{"not_picked":["Perfected Strike","Thunderclap"],"picked":"Combust","floor":7.0},{"not_picked":["Wild Strike","Warcry"],"picked":"Inflame","floor":8.0},{"not_picked":["Burning Pact","Iron Wave"],"picked":"Anger","floor":10.0},{"not_picked":["Shrug It Off","Burning Pact"],"picked":"Limit Break","floor":12.0},{"not_picked":["Clash","Thunderclap","Anger"],"picked":"SKIP","floor":14}],"player_experience":48097,"relics_obtained":[{"floor":9.0,"key":"Dream Catcher"},{"floor":10.0,"key":"Regal Pillow"},{"floor":12.0,"key":"Omamori"}],"event_choices":[{"cards_removed":["Strike_R"],"damage_healed":0.0,"max_hp_gain":0.0,"max_hp_loss":0.0,"gold_gain":0.0,"event_name":"The Cleric","player_choice":"Card Removal","floor":2.0,"gold_loss":50.0,"damage_taken":0.0},{"cards_removed":["Strike_R"],"damage_healed":0.0,"max_hp_gain":0.0,"max_hp_loss":0.0,"gold_gain":0.0,"event_name":"Bonfire Elementals","player_choice":"Offered Basic","floor":3.0,"gold_loss":0.0,"damage_taken":0.0},{"damage_healed":0.0,"max_hp_gain":0.0,"max_hp_loss":0.0,"gold_gain":0.0,"event_name":"WeMeetAgain","player_choice":"Gave Potion","floor":11.0,"gold_loss":0.0,"damage_taken":0.0,"relics_obtained":["Gremlin Horn"]}],"is_beta":false,"boss_relics":[],"items_purged_floors":[13],"is_endless":false,"potions_floor_spawned":[5,8,12],"killed_by":"The Guardian","ascension_level":9}