{"gold_per_floor":[118,136,136,136,35,63,79,79,102,102,118,193,193,220,220,321,321,321,321,321,321,14,14,14,14,14,14,14,14,14,14,14,14,14,14,14,14,14,14,14,14,14,14,14,14,0,0,0,0,0],"floor_reached":51,"playtime":2048,"items_purged":["Regret","Defend_R"],"score":843,"play_id":"2060a116-4001-4931-b16a-5078638d25fd","local_time":"20190426013607","is_ascension_mode":true,"campfire_choices":[{"data":"True Grit","floor":8,"key":"SMITH"},{"data":"Bash","floor":10,"key":"SMITH"},{"data":"Feel No Pain","floor":15,"key":"SMITH"},{"data":"Demon Form","floor":23,"key":"SMITH"},{"data":"Berserk","floor":25,"key":"SMITH"},{"data":"Heavy Blade","floor":29,"key":"SMITH"},{"data":"Shrug It Off","floor":32,"key":"SMITH"},{"floor":45,"key":"REST"},{"floor":49,"key":"REST"}],"neow_cost":"NONE","seed_source_timestamp":89429543537028,"circlet_count":0,"master_deck":["Strike_R","Strike_R","Strike_R","Strike_R+1","Defend_R+1","Defend_R","Defend_R+1","Bash+1","Anger+1","Shrug It Off+1","True Grit+1","Shrug It Off+1","Feel No Pain+1","Berserk+1","Demon Form+1","Infernal Blade","Jack Of All Trades","Heavy Blade+1","True Grit+1","Armaments+1","Offering","Impervious","Uppercut","Thunderclap+1","Sentinel+1","Battle Trance","Twin Strike+1","Sword Boomerang","Feel No Pain+1"],"relics":["Burning Blood","NeowsBlessing","War Paint","FossilizedHelix","Pen Nib","Shuriken","Ectoplasm","DollysMirror","Strawberry","Ornamental Fan","Bottled Flame","Fusion Hammer","Pantograph","Prayer Wheel","Sundial","Red Mask","Bird Faced Urn"],"potions_floor_usage":[30,30,31,50],"damage_taken":[{"damage":0,"enemies":"Small Slimes","floor":1,"turns":1},{"damage":0,"enemies":"2 Louse","floor":2,"turns":1},{"damage":0,"enemies":"Gremlin Nob","floor":6,"turns":1},{"damage":0,"enemies":"Cultist","floor":7,"turns":3},{"damage":3,"enemies":"Lots of Slimes","floor":11,"turns":5},{"damage":18,"enemies":"Lagavulin","floor":14,"turns":7},{"damage":27,"enemies":"The Guardian","floor":16,"turns":10},{"damage":7,"enemies":"Spheric Guardian","floor":18,"turns":4},{"damage":2,"enemies":"Shell Parasite","floor":20,"turns":5},{"damage":27,"enemies":"3 Cultists","floor":21,"turns":5},{"damage":0,"enemies":"Centurion and Healer","floor":24,"turns":4},{"damage":11,"enemies":"Cultist and Chosen","floor":27,"turns":6},{"damage":34,"enemies":"Slavers","floor":28,"turns":6},{"damage":20,"enemies":"Book of Stabbing","floor":30,"turns":9},{"damage":0,"enemies":"Sentry and Sphere","floor":31,"turns":5},{"damage":24,"enemies":"Collector","floor":33,"turns":8},{"damage":0,"enemies":"Orb Walker","floor":35,"turns":3},{"damage":9,"enemies":"3 Darklings","floor":36,"turns":7},{"damage":4,"enemies":"Giant Head","floor":40,"turns":6},{"damage":0,"enemies":"Maw","floor":42,"turns":6},{"damage":26,"enemies":"4 Shapes","floor":44,"turns":6},{"damage":12,"enemies":"3 Darklings","floor":47,"turns":5},{"damage":27,"enemies":"Nemesis","floor":48,"turns":5},{"damage":59,"enemies":"Awakened One","floor":50,"turns":7}],"seed_played":"-2874854971304279504","potions_obtained":[{"floor":14,"key":"Fire Potion"},{"floor":16,"key":"LiquidBronze"},{"floor":21,"key":"BloodPotion"},{"floor":27,"key":"BloodPotion"},{"floor":30,"key":"Block Potion"},{"floor":35,"key":"Energy Potion"},{"floor":36,"key":"SpeedPotion"}],"is_trial":false,"path_per_floor":["M","M","?","?","$","E","M","R","T","R","M","?","?","E","R","B",null,"M","?","M","M","$","R","M","R","T","M","E","R","E","M","R","B",null,"M","M","$","?","T","E","?","M","T","M","R","?","M","E","R","B",null],"character_chosen":"IRONCLAD","items_purchased":["Shrug It Off","DollysMirror"],"campfire_rested":2,"item_purchase_floors":[5,22],"current_hp_per_floor":[80,80,80,80,80,80,80,80,80,80,80,69,53,41,41,20,80,79,63,67,46,46,46,52,52,59,54,26,26,28,34,34,16,87,87,84,84,84,84,86,86,87,87,67,87,87,81,60,86,38],"gold":0,"neow_bonus":"THREE_ENEMY_KILL","is_prod":false,"is_daily":false,"chose_seed":false,"campfire_upgraded":7,"win_rate":0,"timestamp":1556264167,"path_taken":["M","M","?","?","$","E","M","R","T","R","M","?","?","E","R","BOSS","M","?","M","M","$","R","M","R","T","?","E","R","E","M","R","BOSS","M","M","?","?","?","E","?","?","T","M","R","?","M","E","R","BOSS"],"build_version":"2019-01-23","purchased_purges":2,"victory":true,"max_hp_per_floor":[80,80,80,80,80,80,80,80,80,80,80,80,80,80,80,80,80,80,80,80,80,80,80,80,80,87,87,87,87,87,87,87,87,87,87,87,87,87,87,87,87,87,87,87,87,87,87,87,87,87],"card_choices":[{"not_picked":["Clothesline","Flex"],"picked":"Anger","floor":1},{"not_picked":["Clash","Anger","Evolve"],"picked":"SKIP","floor":2},{"not_picked":["Sentinel","Wild Strike"],"picked":"True Grit","floor":6},{"not_picked":["True Grit","Searing Blow"],"picked":"Shrug It Off","floor":7},{"not_picked":["Flame Barrier","Feel No Pain","Pommel Strike"],"picked":"SKIP","floor":11},{"not_picked":["Flame Barrier","Pommel Strike"],"picked":"Feel No Pain","floor":11},{"not_picked":["Entrench","Perfected Strike"],"picked":"Berserk","floor":14},{"not_picked":["Juggernaut","Fiend Fire"],"picked":"Demon Form","floor":16},{"not_picked":["Power Through","Body Slam+1"],"picked":"Infernal Blade","floor":18},{"not_picked":["Clash","Reckless Charge","Wild Strike"],"picked":"SKIP","floor":20},{"not_picked":["Pommel Strike+1","Iron Wave"],"picked":"Heavy Blade","floor":21},{"not_picked":["Flame Barrier","Anger","Clash+1"],"picked":"SKIP","floor":24},{"not_picked":["True Grit","Twin Strike"],"picked":"Armaments+1","floor":27},{"not_picked":["Dropkick","Bloodletting"],"picked":"Offering","floor":28},{"not_picked":["Clash","Power Through","Bloodletting"],"picked":"SKIP","floor":30},{"not_picked":["Flame Barrier","Armaments","Evolve"],"picked":"SKIP","floor":31},{"not_picked":["Juggernaut","Berserk"],"picked":"Impervious","floor":33},{"not_picked":["Perfected Strike+1","Body Slam","Fire Breathing+1"],"picked":"SKIP","floor":35},{"not_picked":["Fire Breathing","Perfected Strike+1","True Grit"],"picked":"SKIP","floor":36},{"not_picked":["Havoc+1","Heavy Blade"],"picked":"Uppercut","floor":40},{"not_picked":["Wild Strike","Brutality"],"picked":"Thunderclap+1","floor":42},{"not_picked":["Corruption","Clash","Warcry+1"],"picked":"SKIP","floor":42},{"not_picked":["Flex","Pummel"],"picked":"Sentinel+1","floor":44},{"not_picked":["Perfected Strike+1","Thunderclap+1"],"picked":"Battle Trance","floor":44},{"not_picked":["Iron Wave","Ghostly Armor"],"picked":"Twin Strike+1","floor":47},{"not_picked":["Searing Blow+1","Heavy Blade"],"picked":"Sword Boomerang","floor":47},{"not_picked":["Flex+1","Perfected Strike"],"picked":"Feel No Pain+1","floor":48}],"player_experience":866762,"relics_obtained":[{"floor":6,"key":"FossilizedHelix"},{"floor":9,"key":"Pen Nib"},{"floor":14,"key":"Shuriken"},{"floor":26,"key":"Strawberry"},{"floor":28,"key":"Ornamental Fan"},{"floor":30,"key":"Bottled Flame"},{"floor":39,"key":"Pantograph"},{"floor":40,"key":"Prayer Wheel"},{"floor":43,"key":"Sundial"},{"floor":48,"key":"Bird Faced Urn"}],"event_choices":[{"damage_healed":0,"gold_gain":0,"player_choice":"Grow","damage_taken":0,"max_hp_gain":0,"max_hp_loss":0,"event_name":"Living Wall","floor":3,"gold_loss":0,"cards_upgraded":["Anger"]},{"damage_healed":0,"gold_gain":0,"player_choice":"Box","damage_taken":0,"relics_obtained":["War Paint"],"max_hp_gain":0,"max_hp_loss":0,"event_name":"Big Fish","floor":4,"gold_loss":0,"cards_obtained":["Regret"]},{"damage_healed":0,"gold_gain":75,"player_choice":"Gather Gold","damage_taken":11,"max_hp_gain":0,"max_hp_loss":0,"event_name":"World of Goop","floor":12,"gold_loss":0},{"damage_healed":0,"gold_gain":0,"player_choice":"Entered Light","damage_taken":16,"max_hp_gain":0,"max_hp_loss":0,"event_name":"Shining Light","floor":13,"gold_loss":0,"cards_upgraded":["Strike_R","Shrug It Off"]},{"damage_healed":0,"gold_gain":0,"player_choice":"CARD ","damage_taken":16,"max_hp_gain":0,"max_hp_loss":0,"event_name":"Knowing Skull","floor":19,"potions_obtained":[],"gold_loss":0,"cards_obtained":["Jack Of All Trades"]},{"cards_removed":["Strike_R"],"damage_healed":0,"gold_gain":0,"player_choice":"Removed Attack","damage_taken":0,"max_hp_gain":0,"max_hp_loss":0,"event_name":"Falling","floor":38,"gold_loss":0},{"damage_healed":0,"gold_gain":100,"player_choice":"Pray","damage_taken":0,"max_hp_gain":0,"max_hp_loss":0,"event_name":"Golden Shrine","floor":41,"gold_loss":0},{"damage_healed":0,"gold_gain":0,"player_choice":"Paid","damage_taken":0,"relics_obtained":["Red Mask"],"max_hp_gain":0,"max_hp_loss":0,"event_name":"Tomb of Lord Red Mask","floor":46,"gold_loss":14}],"is_beta":false,"boss_relics":[{"not_picked":["Eternal Feather","Cursed Key"],"picked":"Ectoplasm"},{"not_picked":["Calling Bell","Orrery"],"picked":"Fusion Hammer"}],"items_purged_floors":[5,22],"is_endless":false,"potions_floor_spawned":[14,16,21,24,27,28,30,35,36,48],"ascension_level":1}