{"gold_per_floor":[111,38,52,64,75,100,100,130,130,145,163,182,196,210,210,305,305,318,328,144,155,175,200,200,225,272,272,272,302,572,592,592,687,687,703,715,158,173,173],"floor_reached":39,"playtime":1835,"items_purged":["Strike_R","Strike_R"],"score":482,"play_id":"89fd860e-6bb3-4cac-88e6-f30f2c180301","local_time":"20190507123649","is_ascension_mode":true,"campfire_choices":[{"data":"Inflame","floor":7.0,"key":"SMITH"},{"data":"Armaments","floor":15.0,"key":"SMITH"},{"floor":24.0,"key":"RECALL"},{"data":"Uppercut","floor":28.0,"key":"SMITH"},{"floor":32.0,"key":"REST"}],"neow_cost":"NONE","seed_source_timestamp":1079661858026801,"circlet_count":0,"master_deck":["Strike_R","Strike_R","Defend_R+1","Defend_R","Defend_R","Bash","Wild Strike","Inflame+1","Flame Barrier","Twin Strike","Shrug It Off+1","True Grit","Wild Strike","Thunderclap","Metallicize","Uppercut+1","Armaments+1","Barricade","Twin Strike+1","Whirlwind","Metallicize","Pummel+1","Corruption+1","Impervious","Inflame+1","Sword Boomerang+1","True Grit"],"special_seed":0,"relics":["Burning Blood","Potion Belt","Ancient Tea Set","Red Skull","Anchor","Velvet Choker","Molten Egg 2","War Paint","Bag of Marbles","Shuriken","Empty Cage","Shovel","Lantern"],"potions_floor_usage":[33,33,33,39],"damage_taken":[{"damage":0.0,"enemies":"Small Slimes","floor":1.0,"turns":3.0},{"damage":6.0,"enemies":"Cultist","floor":3.0,"turns":3.0},{"damage":17.0,"enemies":"Jaw Worm","floor":4.0,"turns":5.0},{"damage":8.0,"enemies":"Red Slaver","floor":5.0,"turns":4.0},{"damage":27.0,"enemies":"3 Sentries","floor":6.0,"turns":8.0},{"damage":6.0,"enemies":"Gremlin Nob","floor":8.0,"turns":3.0},{"damage":8.0,"enemies":"Large Slime","floor":10.0,"turns":6.0},{"damage":5.0,"enemies":"Lots of Slimes","floor":11.0,"turns":3.0},{"damage":0.0,"enemies":"Blue Slaver","floor":12.0,"turns":3.0},{"damage":3.0,"enemies":"Looter","floor":13.0,"turns":3.0},{"damage":4.0,"enemies":"3 Louse","floor":14.0,"turns":2.0},{"damage":47.0,"enemies":"The Guardian","floor":16.0,"turns":10.0},{"damage":0.0,"enemies":"Chosen","floor":18.0,"turns":4.0},{"damage":9.0,"enemies":"Shell Parasite","floor":19.0,"turns":5.0},{"damage":11.0,"enemies":"Shelled Parasite and Fungi","floor":21.0,"turns":8.0},{"damage":0.0,"enemies":"Chosen and Byrds","floor":22.0,"turns":5.0},{"damage":28.0,"enemies":"Book of Stabbing","floor":23.0,"turns":5.0},{"damage":23.0,"enemies":"Slavers","floor":25.0,"turns":4.0},{"damage":4.0,"enemies":"Gremlin Leader","floor":29.0,"turns":4.0},{"damage":0.0,"enemies":"Cultist and Chosen","floor":31.0,"turns":3.0},{"damage":25,"enemies":"Collector","floor":33,"turns":5},{"damage":12,"enemies":"3 Shapes","floor":35,"turns":6},{"damage":37,"enemies":"3 Darklings","floor":36,"turns":5},{"damage":28,"enemies":"Sphere and 2 Shapes","floor":38,"turns":7},{"damage":37,"enemies":"Transient","floor":39,"turns":5}],"seed_played":"-2139226710561749977","potions_obtained":[{"floor":4.0,"key":"Energy Potion"},{"floor":5.0,"key":"Weak Potion"},{"floor":6.0,"key":"Fire Potion"},{"floor":11.0,"key":"SneckoOil"},{"floor":13.0,"key":"SkillPotion"},{"floor":19.0,"key":"LiquidBronze"},{"floor":22.0,"key":"PowerPotion"},{"floor":23.0,"key":"Explosive Potion"},{"floor":25.0,"key":"Ancient Potion"},{"floor":29.0,"key":"SteroidPotion"},{"floor":36,"key":"Block Potion"},{"floor":38,"key":"Dexterity Potion"}],"is_trial":false,"path_per_floor":["M","$","M","M","M","E","R","E","T","M","M","M","M","M","R","B",null,"M","M","$","M","M","E","R","E","T","?","R","E","?","M","R","B",null,"M","M","$","M","M"],"character_chosen":"IRONCLAD","items_purchased":["Inflame","Whirlwind","Metallicize","Shovel","Lantern"],"campfire_rested":1,"item_purchase_floors":[2,20,20,37,37],"current_hp_per_floor":[80,80,80,69,67,46,46,46,46,44,45,51,54,56,56,15,80,80,77,77,72,78,56,56,39,39,39,39,41,9,15,39,20,80,74,43,43,21,0],"gold":173,"neow_bonus":"RANDOM_COMMON_RELIC","is_prod":false,"is_daily":false,"chose_seed":false,"campfire_upgraded":3,"win_rate":0,"timestamp":1557254209,"path_taken":["M","$","M","M","M","E","R","E","T","M","M","M","M","M","R","BOSS","M","M","$","M","M","E","R","E","T","?","R","E","?","?","R","BOSS","M","M","$","M","?"],"build_version":"2019-01-23","purchased_purges":2,"victory":false,"max_hp_per_floor":[80,80,80,80,80,80,80,80,80,80,80,80,80,80,80,80,80,80,80,80,80,80,80,80,80,80,80,80,80,80,80,80,80,80,80,80,80,80,80],"card_choices":[{"not_picked":["Burning Pact","Entrench"],"picked":"Wild Strike","floor":1.0},{"not_picked":["Heavy Blade","Iron Wave"],"picked":"Flame Barrier","floor":3.0},{"not_picked":["Armaments","Clash"],"picked":"Twin Strike","floor":4.0},{"not_picked":["Perfected Strike","Body Slam"],"picked":"Shrug It Off","floor":5.0},{"not_picked":["Blood for Blood","Entrench","Bludgeon"],"picked":"SKIP","floor":6.0},{"not_picked":["Clash","Second Wind"],"picked":"True Grit","floor":8.0},{"not_picked":["Clothesline","Cleave"],"picked":"Wild Strike","floor":10.0},{"not_picked":["Entrench","Clash"],"picked":"Thunderclap","floor":11.0},{"not_picked":["Sword Boomerang","Perfected Strike"],"picked":"Metallicize","floor":12.0},{"not_picked":["Feel No Pain","Seeing Red"],"picked":"Uppercut","floor":13.0},{"not_picked":["Shockwave","Reckless Charge"],"picked":"Armaments","floor":14.0},{"not_picked":["Immolate","Bludgeon"],"picked":"Barricade","floor":16.0},{"not_picked":["Havoc","Wild Strike"],"picked":"Twin Strike+1","floor":18.0},{"not_picked":["Bloodletting+1","Dual Wield","Cleave+1"],"picked":"SKIP","floor":19.0},{"not_picked":["Combust","Thunderclap","Clothesline+1"],"picked":"SKIP","floor":21.0},{"not_picked":["Twin Strike+1","Clash","Anger"],"picked":"SKIP","floor":22.0},{"not_picked":["Warcry","Bloodletting","Intimidate"],"picked":"SKIP","floor":23.0},{"not_picked":["Offering","Pommel Strike+1"],"picked":"Pummel+1","floor":25.0},{"not_picked":["Armaments","Wild Strike+1","Combust"],"picked":"SKIP","floor":29.0},{"not_picked":["Warcry","Clothesline+1"],"picked":"Corruption+1","floor":31.0},{"not_picked":["Dark Embrace","Exhume"],"picked":"Impervious","floor":33},{"not_picked":["Wild Strike+1","Body Slam+1"],"picked":"Inflame+1","floor":35},{"not_picked":["Cleave+1","Headbutt+1"],"picked":"Sword Boomerang+1","floor":36},{"not_picked":["True Grit","Iron Wave+1","Reckless Charge+1"],"picked":"SKIP","floor":38},{"not_picked":["Iron Wave+1","Reckless Charge+1"],"picked":"True Grit","floor":38}],"player_experience":886232,"relics_obtained":[{"floor":6.0,"key":"Ancient Tea Set"},{"floor":8.0,"key":"Red Skull"},{"floor":9.0,"key":"Anchor"},{"floor":23.0,"key":"Molten Egg 2"},{"floor":25.0,"key":"War Paint"},{"floor":29.0,"key":"Shuriken"}],"event_choices":[{"damage_healed":0.0,"max_hp_gain":0.0,"max_hp_loss":0.0,"gold_gain":0.0,"event_name":"The Mausoleum","player_choice":"Opened","floor":27.0,"gold_loss":0.0,"damage_taken":0.0,"relics_obtained":["Bag of Marbles"]},{"damage_healed":0.0,"max_hp_gain":0.0,"max_hp_loss":0.0,"gold_gain":270.0,"event_name":"Knowing Skull","player_choice":"GOLD GOLD GOLD ","floor":30.0,"potions_obtained":[],"gold_loss":0.0,"damage_taken":32.0,"cards_obtained":[]}],"is_beta":false,"boss_relics":[{"not_picked":["Calling Bell","Orrery"],"picked":"Velvet Choker"},{"not_picked":["Runic Pyramid","Eternal Feather"],"picked":"Empty Cage"}],"items_purged_floors":[20,37],"is_endless":false,"potions_floor_spawned":[4,5,6,11,13,19,22,23,25,29,36,38],"killed_by":"Transient","ascension_level":1}