{"gold_per_floor":[111,111,111,130,24,24,54,67,92,92,34,44,44],"floor_reached":13,"playtime":394,"items_purged":[],"score":131,"play_id":"f521ede9-5226-4b0e-a7b3-09d6af1d974d","local_time":"20190514112951","is_ascension_mode":true,"campfire_choices":[{"data":"Neutralize","floor":6.0,"key":"SMITH"}],"neow_cost":"NONE","seed_source_timestamp":1682075461718404,"circlet_count":0,"master_deck":["AscendersBane","Defend_G","Defend_G","Defend_G","Defend_G","Defend_G","Strike_G","Strike_G","Strike_G","Strike_G","Strike_G","Survivor","Neutralize+1","Deflect","Acrobatics","Underhanded Strike","Caltrops","PiercingWail","Bane","Quick Slash","Deadly Poison"],"special_seed":0,"relics":["Sozu","Matryoshka","Odd Mushroom","Regal Pillow","Potion Belt"],"potions_floor_usage":[],"damage_taken":[{"damage":11.0,"enemies":"Jaw Worm","floor":1.0,"turns":5.0},{"damage":7.0,"enemies":"Small Slimes","floor":4.0,"turns":5.0},{"damage":31.0,"enemies":"The Mushroom Lair","floor":7.0,"turns":5.0},{"damage":2.0,"enemies":"Cultist","floor":8.0,"turns":5.0},{"damage":6,"enemies":"Lots of Slimes","floor":12,"turns":3},{"damage":4,"enemies":"Blue Slaver","floor":13,"turns":3}],"seed_played":"-3580712161260190477","potions_obtained":[],"is_trial":false,"path_per_floor":["M","?","?","M","$","R","?","M","T","?","$","M","M"],"character_chosen":"THE_SILENT","items_purchased":["Underhanded Strike","Caltrops","Quick Slash"],"campfire_rested":0,"item_purchase_floors":[5,5,11],"current_hp_per_floor":[48,48,48,41,41,41,10,8,8,8,8,2,0],"gold":44,"neow_bonus":"BOSS_RELIC","is_prod":false,"is_daily":false,"chose_seed":false,"campfire_upgraded":1,"win_rate":0,"timestamp":1557854991,"path_taken":["M","?","?","?","?","R","?","M","T","?","$","?","M"],"build_version":"2019-01-23","purchased_purges":0,"victory":false,"max_hp_per_floor":[66,66,66,66,66,66,66,66,66,66,66,66,66],"card_choices":[{"not_picked":["Flechettes","Eviscerate"],"picked":"Deflect","floor":1.0},{"not_picked":["Deflect","Sucker Punch"],"picked":"Acrobatics","floor":4.0},{"not_picked":["Catalyst","Backflip"],"picked":"PiercingWail","floor":7.0},{"not_picked":["Outmaneuver","Slice"],"picked":"Bane","floor":8.0},{"not_picked":["Backstab","Outmaneuver"],"picked":"Deadly Poison","floor":12}],"player_experience":901866,"relics_obtained":[{"floor":7.0,"key":"Odd Mushroom"},{"floor":9.0,"key":"Regal Pillow"},{"floor":9.0,"key":"Potion Belt"}],"event_choices":[{"damage_healed":0.0,"max_hp_gain":0.0,"max_hp_loss":0.0,"gold_gain":0.0,"event_name":"Big Fish","player_choice":"Box","floor":2.0,"gold_loss":0.0,"damage_taken":0.0,"relics_obtained":["Matryoshka"],"cards_obtained":["Regret"]},{"cards_removed":["Regret"],"damage_healed":0.0,"max_hp_gain":0.0,"max_hp_loss":0.0,"gold_gain":0.0,"event_name":"Fountain of Cleansing","player_choice":"Removed Curses","floor":3.0,"gold_loss":0.0,"damage_taken":0.0},{"damage_healed":0.0,"max_hp_gain":0.0,"max_hp_loss":0.0,"gold_gain":0.0,"event_name":"Mushrooms","player_choice":"Fought Mushrooms","floor":7.0,"gold_loss":0.0,"damage_taken":0.0},{"damage_healed":0.0,"max_hp_gain":0.0,"max_hp_loss":0.0,"gold_gain":0.0,"event_name":"Lab","player_choice":"Got Potions","floor":10.0,"gold_loss":0.0,"damage_taken":0.0}],"is_beta":false,"boss_relics":[],"items_purged_floors":[],"is_endless":false,"potions_floor_spawned":[4,12],"killed_by":"Blue Slaver","ascension_level":16}