{"gold_per_floor":[115,131,149,149,149,179,191,203,238,265,277,289,301,326,338,426,438,469,499,511,95,95,95,123,123,123,123],"floor_reached":27,"playtime":867,"items_purged":[],"score":424,"play_id":"dd56cc17-8537-40b6-902b-54830949d34f","local_time":"20190603114640","is_ascension_mode":true,"campfire_choices":[{"floor":7,"key":"REST"},{"floor":13,"key":"REST"},{"data":"Bash","floor":15,"key":"SMITH"},{"floor":23,"key":"REST"},{"floor":25,"key":"REST"}],"neow_cost":"NONE","seed_source_timestamp":1423646732849191,"circlet_count":0,"master_deck":["AscendersBane","Bash+1","Spot Weakness+1","Shrug It Off+1","Limit Break+1","Rage+1","Thunderclap","Impervious","Disarm","Hemokinesis","Body Slam","Reckless Charge","Berserk","Dropkick","Blood for Blood","Sword Boomerang","Sword Boomerang","Shockwave","Sentinel","Metallicize","Battle Trance","Metallicize"],"relics":["Mark of Pain","MawBank","Juzu Bracelet","Pandora\u0027s Box","Sling","Omamori","Blood Vial"],"potions_floor_usage":[6,16],"damage_taken":[{"damage":13,"enemies":"Cultist","floor":1,"turns":6},{"damage":2,"enemies":"Jaw Worm","floor":2,"turns":3},{"damage":1,"enemies":"2 Louse","floor":3,"turns":3},{"damage":50,"enemies":"Gremlin Nob","floor":6,"turns":5},{"damage":5,"enemies":"Gremlin Gang","floor":10,"turns":5},{"damage":11,"enemies":"Large Slime","floor":14,"turns":9},{"damage":11,"enemies":"Hexaghost","floor":16,"turns":7},{"damage":16,"enemies":"Spheric Guardian","floor":18,"turns":5},{"damage":32,"enemies":"Shell Parasite","floor":19,"turns":4},{"damage":24,"enemies":"Slavers","floor":24,"turns":4},{"damage":58,"enemies":"Gremlin Leader","floor":27,"turns":3}],"seed_played":"3785003766312567155","potions_obtained":[{"floor":1,"key":"SteroidPotion"},{"floor":2,"key":"Block Potion"},{"floor":10,"key":"Fire Potion"},{"floor":14,"key":"SteroidPotion"},{"floor":18,"key":"Poison Potion"}],"is_trial":false,"path_per_floor":["M","M","M","?","?","E","R","?","T","M","?","?","R","M","R","B",null,"M","M","?","$","?","R","E","R","T","E"],"character_chosen":"IRONCLAD","items_purchased":["Sentinel","Metallicize","Sling","Battle Trance"],"campfire_rested":4,"item_purchase_floors":[21,21,21,21],"current_hp_per_floor":[55,53,52,29,54,4,26,26,26,21,14,14,36,25,25,14,60,44,12,12,12,27,49,25,47,47,0],"gold":123,"neow_bonus":"BOSS_RELIC","is_prod":false,"is_daily":false,"chose_seed":false,"campfire_upgraded":1,"win_rate":0,"timestamp":1559584000,"path_taken":["M","M","M","?","?","E","R","?","T","M","?","?","R","M","R","BOSS","M","M","?","$","?","R","E","R","T","E"],"build_version":"2019-01-23","purchased_purges":0,"victory":false,"max_hp_per_floor":[75,75,75,75,75,75,75,75,75,75,75,75,75,75,75,75,75,75,75,75,75,75,75,75,75,75,75],"card_choices":[{"not_picked":["Clash","Dual Wield"],"picked":"Spot Weakness","floor":1},{"not_picked":["Flex","Clothesline"],"picked":"Shrug It Off","floor":2},{"not_picked":["Shockwave","Pummel"],"picked":"Limit Break","floor":3},{"not_picked":["Cleave","Flex","Searing Blow"],"picked":"SKIP","floor":6},{"not_picked":["Armaments","Entrench"],"picked":"Rage","floor":10},{"not_picked":["Clash","Cleave"],"picked":"Thunderclap","floor":14},{"not_picked":["Dark Embrace","Immolate"],"picked":"Impervious","floor":16},{"not_picked":["Twin Strike","Anger","Sword Boomerang"],"picked":"SKIP","floor":18},{"not_picked":["Twin Strike","Anger"],"picked":"Sword Boomerang","floor":18},{"not_picked":["Thunderclap","Heavy Blade"],"picked":"Shockwave","floor":19},{"not_picked":["Clash","Clothesline"],"picked":"Metallicize","floor":24}],"player_experience":939326,"relics_obtained":[{"floor":6,"key":"MawBank"},{"floor":9,"key":"Juzu Bracelet"},{"floor":24,"key":"Omamori"},{"floor":26,"key":"Blood Vial"}],"event_choices":[{"damage_healed":0,"gold_gain":0,"player_choice":"Entered Light","damage_taken":23,"max_hp_gain":0,"max_hp_loss":0,"event_name":"Shining Light","floor":4,"gold_loss":0,"cards_upgraded":["Defend_R","Spot Weakness"]},{"damage_healed":25,"gold_gain":0,"player_choice":"Banana","damage_taken":0,"max_hp_gain":0,"max_hp_loss":0,"event_name":"Big Fish","floor":5,"gold_loss":0},{"damage_healed":0,"gold_gain":0,"player_choice":"Upgraded","damage_taken":0,"max_hp_gain":0,"max_hp_loss":0,"event_name":"Upgrade Shrine","floor":8,"gold_loss":0,"cards_upgraded":["Limit Break"]},{"cards_removed":["Strike_R"],"damage_healed":0,"gold_gain":0,"player_choice":"Card Removal","damage_taken":7,"max_hp_gain":0,"max_hp_loss":0,"event_name":"Golden Wing","floor":11,"gold_loss":0},{"damage_healed":0,"gold_gain":0,"player_choice":"Grow","damage_taken":0,"max_hp_gain":0,"max_hp_loss":0,"event_name":"Living Wall","floor":12,"gold_loss":0,"cards_upgraded":["Shrug It Off"]},{"damage_healed":0,"gold_gain":0,"player_choice":"Forge","damage_taken":0,"max_hp_gain":0,"max_hp_loss":0,"event_name":"Accursed Blacksmith","floor":20,"gold_loss":0,"cards_upgraded":["Rage"]},{"damage_healed":15,"gold_gain":0,"player_choice":"Heal","damage_taken":0,"max_hp_gain":0,"max_hp_loss":0,"event_name":"The Library","floor":22,"gold_loss":0}],"is_beta":false,"boss_relics":[{"not_picked":["White Beast Statue","Lizard Tail"],"picked":"Pandora\u0027s Box"}],"items_purged_floors":[],"is_endless":false,"potions_floor_spawned":[1,2,10,14,18],"killed_by":"Gremlin Leader","ascension_level":17}