{"gold_per_floor":[111,8,19,29,29,29,61,61,61,76,76,102,102,102,102,102],"floor_reached":16,"playtime":770,"items_purged":["Strike_B"],"score":200,"play_id":"701e90dc-e1c8-460e-85f8-a33265ace923","local_time":"20190529134958","is_ascension_mode":true,"campfire_choices":[{"data":"Zap","floor":6,"key":"SMITH"},{"floor":8,"key":"REST"},{"data":"Rebound","floor":11,"key":"SMITH"},{"data":"Leap","floor":13,"key":"SMITH"},{"floor":15,"key":"REST"}],"neow_cost":"NONE","seed_source_timestamp":999069129321963,"circlet_count":0,"master_deck":["AscendersBane","Strike_B","Strike_B","Defend_B","Defend_B","Zap+1","Dualcast","Compile Driver+1","Coolheaded","Auto Shields+1","White Noise","Rebound+1","Reboot","Leap+1"],"special_seed":0,"relics":["Empty Cage","Pantograph","Ornamental Fan","Mummified Hand"],"potions_floor_usage":[3,12],"damage_taken":[{"damage":2.0,"enemies":"Cultist","floor":1.0,"turns":4.0},{"damage":10,"enemies":"Small Slimes","floor":3,"turns":5},{"damage":0,"enemies":"2 Louse","floor":4,"turns":5},{"damage":19,"enemies":"Lagavulin","floor":7,"turns":8},{"damage":0,"enemies":"2 Fungi Beasts","floor":10,"turns":4},{"damage":23,"enemies":"Gremlin Nob","floor":12,"turns":5},{"damage":54,"enemies":"Hexaghost","floor":16,"turns":14}],"seed_played":"-4334537682085584694","potions_obtained":[{"floor":3,"key":"Fruit Juice"},{"floor":7,"key":"Poison Potion"},{"floor":10,"key":"Strength Potion"}],"is_trial":false,"path_per_floor":["M","$","M","M","?","R","E","R","T","M","R","E","R","?","R","B"],"character_chosen":"DEFECT","items_purchased":["Coolheaded"],"campfire_rested":2,"item_purchase_floors":[2],"current_hp_per_floor":[62,62,57,57,34,34,15,37,37,37,37,14,14,7,29,0],"gold":102,"neow_bonus":"BOSS_RELIC","is_prod":false,"is_daily":false,"chose_seed":false,"campfire_upgraded":3,"win_rate":0,"timestamp":1559159398,"path_taken":["M","$","M","M","?","R","E","R","T","M","R","E","R","?","R","BOSS"],"build_version":"2019-01-23","purchased_purges":1,"victory":false,"max_hp_per_floor":[71,71,76,76,76,76,76,76,76,76,76,76,76,76,76,76],"card_choices":[{"not_picked":["Stack","Conserve Battery"],"picked":"Compile Driver","floor":1.0},{"not_picked":["Force Field","Hologram"],"picked":"Auto Shields","floor":3},{"not_picked":["Barrage","Leap"],"picked":"White Noise","floor":4},{"not_picked":["Compile Driver","Ball Lightning"],"picked":"Rebound","floor":7},{"not_picked":["Heatsinks","Streamline"],"picked":"Reboot","floor":10},{"not_picked":["Compile Driver","Streamline"],"picked":"Leap","floor":12}],"player_experience":924163,"relics_obtained":[{"floor":7,"key":"Pantograph"},{"floor":9,"key":"Ornamental Fan"},{"floor":12,"key":"Mummified Hand"}],"event_choices":[{"damage_healed":0,"gold_gain":0,"player_choice":"Entered Light","damage_taken":23,"max_hp_gain":0,"max_hp_loss":0,"event_name":"Shining Light","floor":5,"gold_loss":0,"cards_upgraded":["Compile Driver","Auto Shields"]},{"cards_removed":["Defend_B"],"damage_healed":0,"gold_gain":0,"player_choice":"Card Removal","damage_taken":7,"max_hp_gain":0,"max_hp_loss":0,"event_name":"Golden Wing","floor":14,"gold_loss":0}],"is_beta":false,"boss_relics":[],"items_purged_floors":[2],"is_endless":false,"potions_floor_spawned":[3,7,10],"killed_by":"Hexaghost","ascension_level":17}