{"gold_per_floor":[118,118,137,149,164,164,183,183,183,193,193,193,193,206,206,308,308,327,344,344,344,359,384,384,397,421,421,421],"floor_reached":28,"playtime":1624,"items_purged":[],"score":325,"play_id":"6b70919e-cc26-4246-af5d-161bb68baadb","local_time":"20190611234347","is_ascension_mode":true,"campfire_choices":[{"data":"Burst","floor":6,"key":"SMITH"},{"floor":8,"key":"REST"},{"data":"Cloak And Dagger","floor":11,"key":"SMITH"},{"data":"Backstab","floor":15,"key":"SMITH"},{"data":"Footwork","floor":24,"key":"SMITH"},{"floor":27,"key":"REST"}],"neow_cost":"NONE","seed_source_timestamp":439213366315868,"circlet_count":0,"master_deck":["Defend_G","Defend_G","Defend_G+1","Defend_G","Defend_G+1","Strike_G","Strike_G","Strike_G","Strike_G","Strike_G","Survivor","Neutralize","Dodge and Roll","Bane","Backflip","Burst+1","Dash","Cloak And Dagger+1","Backstab+1","Glass Knife","Footwork+1","All Out Attack+1","Distraction+1","Blade Dance+1","Blade Dance"],"relics":["Ring of the Snake","NeowsBlessing","WarpedTongs","Shuriken","War Paint","Lizard Tail","GremlinMask","Bird Faced Urn","Omamori"],"potions_floor_usage":[7,7,10,10,10,19,19,23,28],"damage_taken":[{"damage":0,"enemies":"Small Slimes","floor":1,"turns":1},{"damage":0,"enemies":"Cultist","floor":3,"turns":1},{"damage":0,"enemies":"Jaw Worm","floor":4,"turns":1},{"damage":7,"enemies":"Blue Slaver","floor":5,"turns":5},{"damage":22,"enemies":"Exordium Thugs","floor":7,"turns":8},{"damage":5,"enemies":"Lots of Slimes","floor":10,"turns":3},{"damage":0,"enemies":"Blue Slaver","floor":14,"turns":4},{"damage":5,"enemies":"The Guardian","floor":16,"turns":12},{"damage":8,"enemies":"3 Byrds","floor":18,"turns":7},{"damage":10,"enemies":"2 Thieves","floor":19,"turns":3},{"damage":32,"enemies":"Cultist and Chosen","floor":22,"turns":9},{"damage":40,"enemies":"Slavers","floor":23,"turns":9},{"damage":29,"enemies":"Snake Plant","floor":25,"turns":6},{"damage":34,"enemies":"Book of Stabbing","floor":28,"turns":7}],"seed_played":"1438965710808352265","potions_obtained":[{"floor":1,"key":"AttackPotion"},{"floor":5,"key":"EntropicBrew"},{"floor":7,"key":"Fire Potion"},{"floor":10,"key":"Poison Potion"},{"floor":16,"key":"Swift Potion"},{"floor":19,"key":"SpeedPotion"},{"floor":25,"key":"SpeedPotion"}],"is_trial":false,"path_per_floor":["M","?","M","M","M","R","M","R","T","M","R","?","?","M","R","B",null,"M","M","?","?","M","E","R","M","T","R","E"],"character_chosen":"THE_SILENT","items_purchased":[],"campfire_rested":2,"item_purchase_floors":[],"current_hp_per_floor":[63,63,63,63,56,56,34,55,55,50,50,38,38,38,38,33,61,53,43,66,66,34,35,35,8,8,29,0],"gold":421,"neow_bonus":"THREE_ENEMY_KILL","is_prod":false,"is_daily":false,"chose_seed":false,"campfire_upgraded":4,"win_rate":0,"timestamp":1560260627,"path_taken":["M","?","M","M","?","R","M","R","T","M","R","?","?","M","R","BOSS","M","?","?","?","?","E","R","M","T","R","E"],"build_version":"2019-01-23","purchased_purges":0,"victory":false,"max_hp_per_floor":[70,70,70,70,70,70,70,70,70,70,70,70,70,70,70,70,70,70,70,70,70,70,70,70,70,70,70,70],"card_choices":[{"not_picked":["Acrobatics","Bane"],"picked":"Dodge and Roll","floor":1},{"not_picked":["Concentrate","Setup"],"picked":"Bane","floor":3},{"not_picked":["Well Laid Plans","Outmaneuver"],"picked":"Backflip","floor":4},{"not_picked":["Choke","Eviscerate"],"picked":"Burst","floor":5},{"not_picked":["Noxious Fumes","Dagger Spray"],"picked":"Dash","floor":7},{"not_picked":["Dagger Spray","Flying Knee"],"picked":"Cloak And Dagger","floor":10},{"not_picked":["Dagger Spray","Flechettes"],"picked":"Backstab","floor":14},{"not_picked":["Burst","Grand Finale"],"picked":"Glass Knife","floor":16},{"not_picked":["Heel Hook","Terror"],"picked":"Footwork","floor":18},{"not_picked":["Slice+1","Dagger Throw"],"picked":"All Out Attack+1","floor":19},{"not_picked":["Dagger Spray","Blade Dance"],"picked":"Distraction+1","floor":22},{"not_picked":["Dagger Throw","Dagger Spray"],"picked":"Blade Dance+1","floor":23},{"not_picked":["Deflect","Dagger Spray"],"picked":"Blade Dance","floor":25}],"player_experience":2023480,"relics_obtained":[{"floor":9,"key":"Shuriken"},{"floor":23,"key":"Bird Faced Urn"},{"floor":26,"key":"Omamori"}],"event_choices":[{"damage_healed":0,"gold_gain":0,"player_choice":"Rummage","damage_taken":0,"relics_obtained":["WarpedTongs"],"max_hp_gain":0,"max_hp_loss":0,"event_name":"Accursed Blacksmith","floor":2,"gold_loss":0,"cards_obtained":["Pain"]},{"damage_healed":0,"gold_gain":0,"player_choice":"Success","damage_taken":12,"relics_obtained":["War Paint"],"max_hp_gain":0,"max_hp_loss":0,"event_name":"Scrap Ooze","floor":12,"gold_loss":0},{"cards_removed":["Pain"],"damage_healed":0,"gold_gain":0,"player_choice":"Removed Curses","damage_taken":0,"max_hp_gain":0,"max_hp_loss":0,"event_name":"Fountain of Cleansing","floor":13,"gold_loss":0},{"damage_healed":23,"gold_gain":0,"player_choice":"Heal","damage_taken":0,"max_hp_gain":0,"max_hp_loss":0,"event_name":"The Library","floor":20,"gold_loss":0},{"damage_healed":0,"gold_gain":0,"player_choice":"Trade","damage_taken":0,"relics_obtained":["GremlinMask"],"max_hp_gain":0,"max_hp_loss":0,"event_name":"FaceTrader","floor":21,"gold_loss":0}],"is_beta":false,"boss_relics":[{"not_picked":["Empty Cage","Philosopher\u0027s Stone"],"picked":"Lizard Tail"}],"items_purged_floors":[],"is_endless":false,"potions_floor_spawned":[1,5,7,10,16,19,25],"killed_by":"Book of Stabbing","ascension_level":8}