{"gold_per_floor":[119,119,119,119,135,135,135,169,169,194,217,252,252,271,271,391,391,410,434,434,455,455,455,489,87,155,223,223,242,285,37,37,37],"floor_reached":33,"playtime":8213,"items_purged":[],"score":496,"play_id":"49b8e60c-cbd6-4f22-b545-d5abe18eaf1c","local_time":"20190317191022","is_ascension_mode":true,"campfire_choices":[{"data":"Iron Wave","floor":6.0,"key":"SMITH"},{"data":"Fiend Fire","floor":13.0,"key":"SMITH"},{"data":"Flex","floor":15.0,"key":"SMITH"},{"data":"Double Tap","floor":23.0,"key":"SMITH"},{"floor":28.0,"key":"REST"},{"floor":32.0,"key":"REST"}],"neow_cost":"NONE","seed_source_timestamp":0,"circlet_count":0,"master_deck":["AscendersBane","Strike_R","Strike_R+1","Strike_R","Strike_R+1","Defend_R","Defend_R+1","Defend_R","Defend_R+1","Bash","Iron Wave+1","Twin Strike","Sever Soul","Flex+1","Shrug It Off","Fiend Fire+1","Cleave","Double Tap+1","Hemokinesis+1","Clash","Immolate","Entrench+1","Impervious","Ghostly Armor","Impervious","Sword Boomerang+1","Power Through","Juggernaut"],"special_seed":0,"relics":["Burning Blood","NeowsBlessing","Golden Idol","Bag of Marbles","Regal Pillow","Boot","Mark of Pain","SsserpentHead","War Paint","DollysMirror","Matryoshka","Pantograph","StoneCalendar"],"potions_floor_usage":[],"damage_taken":[{"damage":0.0,"enemies":"2 Louse","floor":1.0,"turns":1.0},{"damage":0.0,"enemies":"Small Slimes","floor":5.0,"turns":1.0},{"damage":0.0,"enemies":"3 Sentries","floor":8.0,"turns":1.0},{"damage":0.0,"enemies":"Cultist","floor":10.0,"turns":2.0},{"damage":11.0,"enemies":"Blue Slaver","floor":11.0,"turns":3.0},{"damage":1.0,"enemies":"Gremlin Nob","floor":12.0,"turns":3.0},{"damage":20.0,"enemies":"Large Slime","floor":14.0,"turns":7.0},{"damage":50.0,"enemies":"Slime Boss","floor":16.0,"turns":8.0},{"damage":2.0,"enemies":"3 Byrds","floor":18.0,"turns":6.0},{"damage":9.0,"enemies":"Shell Parasite","floor":19.0,"turns":2.0},{"damage":20.0,"enemies":"Snake Plant","floor":21.0,"turns":3.0},{"damage":21.0,"enemies":"Slavers","floor":24.0,"turns":2.0},{"damage":16.0,"enemies":"Cultist and Chosen","floor":27.0,"turns":4.0},{"damage":4.0,"enemies":"Centurion and Healer","floor":29.0,"turns":3.0},{"damage":37.0,"enemies":"Book of Stabbing","floor":30.0,"turns":6.0},{"damage":110,"enemies":"Champ","floor":33,"turns":13}],"seed_played":"3438665432981188238","potions_obtained":[{"floor":4.0,"key":"FairyPotion"},{"floor":4.0,"key":"SteroidPotion"},{"floor":4.0,"key":"LiquidBronze"},{"floor":8.0,"key":"SpeedPotion"},{"floor":12.0,"key":"Weak Potion"},{"floor":18.0,"key":"Strength Potion"},{"floor":19.0,"key":"Explosive Potion"}],"is_trial":false,"path_per_floor":["M","?","?","?","M","R","?","E","T","M","M","E","R","M","R","B",null,"M","M","?","M","?","R","E","$","T","M","R","M","E","$","R","B"],"character_chosen":"IRONCLAD","items_purchased":["Impervious","Ghostly Armor","DollysMirror","StoneCalendar"],"campfire_rested":2,"item_purchase_floors":[25,25,25,31],"current_hp_per_floor":[78,78,71,71,77,77,61,67,67,73,68,73,73,59,59,15,64,68,65,65,51,51,51,36,36,36,26,65,67,36,36,75,0],"gold":37,"neow_bonus":"THREE_ENEMY_KILL","is_prod":false,"is_daily":false,"chose_seed":false,"campfire_upgraded":4,"win_rate":0,"timestamp":1552810222,"path_taken":["M","?","?","?","?","R","?","E","T","M","M","E","R","M","R","BOSS","M","M","?","?","?","R","E","$","T","?","R","M","E","?","R","BOSS"],"build_version":"2019-01-23","purchased_purges":0,"victory":false,"max_hp_per_floor":[80,80,80,80,80,80,80,80,80,80,80,80,80,80,80,80,80,80,80,80,80,80,80,80,80,80,80,80,80,80,80,80,80],"card_choices":[{"not_picked":["Armaments","Warcry"],"picked":"Iron Wave","floor":1.0},{"not_picked":["Thunderclap","Feel No Pain"],"picked":"Twin Strike","floor":5.0},{"not_picked":["Combust","Thunderclap"],"picked":"Sever Soul","floor":8.0},{"not_picked":["Pummel","Berserk"],"picked":"Flex","floor":10.0},{"not_picked":["Anger","Sword Boomerang"],"picked":"Shrug It Off","floor":11.0},{"not_picked":["Feed","Sever Soul"],"picked":"Fiend Fire","floor":12.0},{"not_picked":["Shrug It Off","Wild Strike"],"picked":"Cleave","floor":14.0},{"not_picked":["Immolate","Demon Form"],"picked":"Double Tap","floor":16.0},{"not_picked":["Whirlwind+1","Wild Strike"],"picked":"Hemokinesis+1","floor":18.0},{"not_picked":["Infernal Blade","Feel No Pain+1"],"picked":"Clash","floor":19.0},{"not_picked":["Armaments","Perfected Strike+1"],"picked":"Entrench+1","floor":21.0},{"not_picked":["Whirlwind","Searing Blow","Wild Strike"],"picked":"SKIP","floor":24.0},{"not_picked":["Brutality","Entrench"],"picked":"Sword Boomerang+1","floor":27.0},{"not_picked":["Pommel Strike+1","Cleave"],"picked":"Power Through","floor":29.0},{"not_picked":["Rupture+1","Shrug It Off"],"picked":"Juggernaut","floor":30.0}],"player_experience":965495,"relics_obtained":[{"floor":8.0,"key":"Bag of Marbles"},{"floor":9.0,"key":"Regal Pillow"},{"floor":12.0,"key":"Boot"},{"floor":24.0,"key":"War Paint"},{"floor":26.0,"key":"Matryoshka"},{"floor":30.0,"key":"Pantograph"}],"event_choices":[{"damage_healed":0.0,"max_hp_gain":0.0,"max_hp_loss":0.0,"gold_gain":0.0,"event_name":"Golden Idol","player_choice":"Take Wound","floor":2.0,"gold_loss":0.0,"damage_taken":0.0,"relics_obtained":["Golden Idol"],"cards_obtained":["Injury"]},{"cards_removed":["Injury"],"damage_healed":0.0,"max_hp_gain":0.0,"max_hp_loss":0.0,"gold_gain":0.0,"event_name":"Golden Wing","player_choice":"Card Removal","floor":3.0,"gold_loss":0.0,"damage_taken":7.0},{"damage_healed":0.0,"max_hp_gain":0.0,"max_hp_loss":0.0,"gold_gain":0.0,"event_name":"Lab","player_choice":"Got Potions","floor":4.0,"gold_loss":0.0,"damage_taken":0.0},{"damage_healed":0.0,"max_hp_gain":0.0,"max_hp_loss":0.0,"gold_gain":0.0,"event_name":"Shining Light","player_choice":"Entered Light","floor":7.0,"gold_loss":0.0,"damage_taken":16.0,"cards_upgraded":["Strike_R","Strike_R"]},{"damage_healed":0.0,"max_hp_gain":0.0,"max_hp_loss":0.0,"gold_gain":0.0,"cards_transformed":["Strike_R"],"event_name":"Transmorgrifier","player_choice":"Transformed","floor":20.0,"gold_loss":0.0,"damage_taken":0.0,"cards_obtained":["Immolate"]},{"damage_healed":0.0,"max_hp_gain":0.0,"max_hp_loss":0.0,"gold_gain":0.0,"event_name":"FaceTrader","player_choice":"Trade","floor":22.0,"gold_loss":0.0,"damage_taken":0.0,"relics_obtained":["SsserpentHead"]}],"is_beta":false,"boss_relics":[{"not_picked":["Calling Bell","Runic Pyramid"],"picked":"Mark of Pain"}],"items_purged_floors":[],"is_endless":false,"potions_floor_spawned":[8,10,12,16,18,19],"killed_by":"Champ","ascension_level":11}