{"gold_per_floor":[213,213,63,81,6,6,6,6,33,48,77,77,92,118,118,222,222,234,234,234,134,149,149,149,166,166,41,53,153,180,191,191,287,287,305,305,155,166,266,297,297,297,322,354,368,403,403,420,420,420],"floor_reached":51,"playtime":4348,"items_purged":["Strike_R","Writhe","Strike_R","Strike_R"],"score":747,"play_id":"a98017ab-09d7-4865-bd87-dc8495098a2f","local_time":"20190605000459","is_ascension_mode":true,"campfire_choices":[{"data":"Anger","floor":6.0,"key":"SMITH"},{"data":"Inflame","floor":8.0,"key":"SMITH"},{"data":"Inflame","floor":12.0,"key":"SMITH"},{"data":"Rampage","floor":15,"key":"SMITH"},{"data":"Flame Barrier","floor":23,"key":"SMITH"},{"data":"Corruption","floor":32,"key":"SMITH"},{"floor":41,"key":"REST"},{"data":"Disarm","floor":49,"key":"SMITH"}],"neow_cost":"NONE","seed_source_timestamp":86394991858889,"circlet_count":0,"master_deck":["Strike_R","Strike_R","Defend_R","Defend_R","Defend_R","Defend_R","Bash","Anger+1","Inflame+1","Flame Barrier+1","Iron Wave","Inflame+1","Reaper","Metallicize","Offering","Shrug It Off+1","Thunderclap+1","Corruption+1","Feel No Pain","Offering","Disarm+1","Shockwave+1","Flame Barrier","Pommel Strike+1","Shrug It Off+1","True Grit+1","Limit Break","Shrug It Off"],"special_seed":0,"relics":["Burning Blood","Regal Pillow","Ornamental Fan","Anchor","Orichalcum","Gambling Chip","Mark of Pain","Nilry\u0027s Codex","Matryoshka","Juzu Bracelet","Lantern","Bag of Marbles","Orrery","Vajra","Blood Vial","Bag of Preparation","Nunchaku","Bronze Scales"],"potions_floor_usage":[14,16,30,33,44,44,50],"damage_taken":[{"damage":7.0,"enemies":"2 Louse","floor":1.0,"turns":3.0},{"damage":1.0,"enemies":"Cultist","floor":4.0,"turns":3.0},{"damage":0.0,"enemies":"Small Slimes","floor":10.0,"turns":3.0},{"damage":9.0,"enemies":"3 Sentries","floor":11.0,"turns":7.0},{"damage":3.0,"enemies":"2 Fungi Beasts","floor":13.0,"turns":3.0},{"damage":12,"enemies":"Lagavulin","floor":14,"turns":6},{"damage":27,"enemies":"Hexaghost","floor":16,"turns":9},{"damage":6,"enemies":"Chosen","floor":18,"turns":4},{"damage":14,"enemies":"Spheric Guardian","floor":22,"turns":4},{"damage":6,"enemies":"Centurion and Healer","floor":25,"turns":11},{"damage":12,"enemies":"Shelled Parasite and Fungi","floor":28,"turns":6},{"damage":27,"enemies":"Book of Stabbing","floor":30,"turns":8},{"damage":6,"enemies":"Cultist and Chosen","floor":31,"turns":4},{"damage":66,"enemies":"Automaton","floor":33,"turns":9},{"damage":12,"enemies":"3 Darklings","floor":35,"turns":3},{"damage":12,"enemies":"Orb Walker","floor":38,"turns":5},{"damage":40,"enemies":"Nemesis","floor":40,"turns":9},{"damage":37,"enemies":"Reptomancer","floor":44,"turns":6},{"damage":12,"enemies":"4 Shapes","floor":45,"turns":6},{"damage":29,"enemies":"Nemesis","floor":46,"turns":9},{"damage":8,"enemies":"Writhing Mass","floor":48,"turns":6},{"damage":27,"enemies":"Donu and Deca","floor":50,"turns":11}],"seed_played":"-5049059349049047814","potions_obtained":[{"floor":1.0,"key":"Strength Potion"},{"floor":11.0,"key":"GamblersBrew"},{"floor":13.0,"key":"Energy Potion"},{"floor":16,"key":"Swift Potion"},{"floor":25,"key":"Fire Potion"},{"floor":28,"key":"PowerPotion"},{"floor":31,"key":"Energy Potion"},{"floor":35,"key":"Strength Potion"},{"floor":48,"key":"Block Potion"}],"is_trial":false,"path_per_floor":["?","M","T","?","?","?","?","?","?","?","?"],"character_chosen":"IRONCLAD","items_purchased":["Rampage","Inflame"],"campfire_rested":1,"item_purchase_floors":[3,3],"current_hp_per_floor":[79,79,79,80,80,80,80,80,80,80,77,77,80,74,74,53,80,80,64,64,64,56,56,41,81,81,81,75,75,65,65,65,35,85,85,85,85,79,79,46,85,85,85,85,85,85,85,85,85,76],"gold":420,"neow_bonus":"HUNDRED_GOLD","is_prod":false,"is_daily":false,"chose_seed":false,"campfire_upgraded":7,"win_rate":1,"timestamp":1559685899,"path_taken":["M","?","$","?","$","R","?","R","T","M","E","R","M","E","R","BOSS","M","?","?","$","M","R","?","M","T","$","M","?","E","M","R","BOSS","M","?","$","M","?","E","R","?","T","E","M","E","?","M","R","BOSS"],"build_version":"2019-01-23","purchased_purges":4,"victory":true,"max_hp_per_floor":[80,80,80,80,80,80,80,80,80,80,80,80,80,80,80,80,80,80,80,80,80,80,80,85,85,85,85,85,85,85,85,85,85,85,85,85,85,85,85,85,85,85,85,85,85,85,85,85,85,85],"card_choices":[{"not_picked":["Blood for Blood","Flex"],"picked":"Anger","floor":1.0},{"not_picked":["Carnage","True Grit"],"picked":"Flame Barrier","floor":4.0},{"not_picked":["Entrench","Perfected Strike"],"picked":"Iron Wave","floor":10.0},{"not_picked":["Clash","Pummel"],"picked":"Inflame","floor":11.0},{"not_picked":["Warcry","Battle Trance"],"picked":"Reaper","floor":13.0},{"not_picked":["Perfected Strike","Intimidate"],"picked":"Metallicize","floor":14},{"not_picked":["Dark Embrace","Berserk"],"picked":"Offering","floor":16},{"not_picked":["Clothesline","Armaments+1"],"picked":"Shrug It Off+1","floor":18},{"not_picked":["Cleave","Power Through+1"],"picked":"Thunderclap+1","floor":22},{"not_picked":["Hemokinesis","Heavy Blade"],"picked":"Corruption","floor":25},{"not_picked":["Pommel Strike","Clash+1","Bloodletting+1"],"picked":"SKIP","floor":28},{"not_picked":["Flex+1","Bludgeon"],"picked":"Feel No Pain","floor":30},{"not_picked":["Intimidate","Thunderclap+1","Anger"],"picked":"SKIP","floor":31},{"not_picked":["Barricade","Bludgeon"],"picked":"Offering","floor":33},{"not_picked":["Second Wind","Ghostly Armor"],"picked":"Disarm","floor":34},{"not_picked":["Anger","Warcry"],"picked":"Shockwave+1","floor":34},{"not_picked":["Headbutt","Anger"],"picked":"Flame Barrier","floor":34},{"not_picked":["Entrench","Body Slam+1"],"picked":"Pommel Strike+1","floor":34},{"not_picked":["Flame Barrier","Armaments"],"picked":"Shrug It Off+1","floor":35},{"not_picked":["Combust","Shockwave"],"picked":"True Grit+1","floor":38},{"not_picked":["Iron Wave+1","Clothesline+1"],"picked":"Limit Break","floor":40},{"not_picked":["Dropkick+1","Uppercut","Perfected Strike"],"picked":"SKIP","floor":44},{"not_picked":["Iron Wave+1","Pommel Strike","True Grit"],"picked":"SKIP","floor":45},{"not_picked":["Rupture+1","Second Wind"],"picked":"Shrug It Off","floor":46},{"not_picked":["Perfected Strike","Uppercut","Entrench"],"picked":"SKIP","floor":48}],"player_experience":4980,"relics_obtained":[{"floor":7.0,"key":"Ornamental Fan"},{"floor":9.0,"key":"Anchor"},{"floor":11.0,"key":"Orichalcum"},{"floor":14,"key":"Gambling Chip"},{"floor":19,"key":"Nilry\u0027s Codex"},{"floor":26,"key":"Juzu Bracelet"},{"floor":26,"key":"Lantern"},{"floor":30,"key":"Bag of Marbles"},{"floor":40,"key":"Vajra"},{"floor":43,"key":"Blood Vial"},{"floor":43,"key":"Bag of Preparation"},{"floor":44,"key":"Nunchaku"},{"floor":46,"key":"Bronze Scales"}],"event_choices":[{"damage_healed":0.0,"max_hp_gain":0.0,"max_hp_loss":0.0,"gold_gain":0.0,"event_name":"WeMeetAgain","player_choice":"Gave Potion","floor":2.0,"gold_loss":0.0,"damage_taken":0.0,"relics_obtained":["Regal Pillow"]},{"damage_healed":0,"gold_gain":0,"player_choice":"Obtained Book","damage_taken":16,"max_hp_gain":0,"max_hp_loss":0,"event_name":"Cursed Tome","floor":19,"gold_loss":0},{"damage_healed":0,"gold_gain":0,"player_choice":"Opened","damage_taken":0,"relics_obtained":["Matryoshka"],"max_hp_gain":0,"max_hp_loss":0,"event_name":"The Mausoleum","floor":20,"gold_loss":0,"cards_obtained":["Writhe"]},{"damage_healed":0,"gold_gain":0,"player_choice":"Shed Blood","damage_taken":20,"max_hp_gain":5,"max_hp_loss":0,"event_name":"Forgotten Altar","floor":24,"gold_loss":0},{"damage_healed":0,"gold_gain":100,"player_choice":"Pray","damage_taken":0,"max_hp_gain":0,"max_hp_loss":0,"event_name":"Golden Shrine","floor":29,"gold_loss":0},{"damage_healed":0,"gold_gain":0,"player_choice":"Ignored","damage_taken":0,"max_hp_gain":0,"max_hp_loss":0,"event_name":"SecretPortal","floor":36,"gold_loss":0},{"damage_healed":0,"gold_gain":100,"player_choice":"Pray","damage_taken":0,"max_hp_gain":0,"max_hp_loss":0,"event_name":"Golden Shrine","floor":39,"gold_loss":0},{"cards_removed":["Rampage"],"damage_healed":0,"gold_gain":0,"player_choice":"Removed Attack","damage_taken":0,"max_hp_gain":0,"max_hp_loss":0,"event_name":"Falling","floor":42,"gold_loss":0},{"damage_healed":0,"gold_gain":0,"player_choice":"Ignored","damage_taken":0,"max_hp_gain":0,"max_hp_loss":0,"event_name":"Tomb of Lord Red Mask","floor":47,"gold_loss":0}],"is_beta":false,"boss_relics":[{"not_picked":["Tiny House","Ectoplasm"],"picked":"Mark of Pain"},{"not_picked":["Eternal Feather","Runic Dome"],"picked":"Orrery"}],"items_purged_floors":[5,21,27,37],"is_endless":false,"potions_floor_spawned":[1,11,13,16,25,28,31,35,38,48],"ascension_level":1}