{"gold_per_floor":[112,126,138,43,63,93,93,155,155,155,430,430,445,455,455,557,557,577,629,646,45,45],"floor_reached":22,"playtime":1159,"items_purged":["Regret"],"score":260,"play_id":"f481b829-3ac1-4ad6-a40f-d2fec7bed5d6","local_time":"20190616223402","is_ascension_mode":true,"campfire_choices":[{"data":"Venomology","floor":7,"key":"SMITH"},{"data":"Catalyst","floor":10,"key":"SMITH"},{"floor":12,"key":"REST"},{"data":"Catalyst","floor":15,"key":"SMITH"}],"neow_cost":"NONE","seed_source_timestamp":867436458835530,"circlet_count":0,"master_deck":["Survivor","Neutralize","Flying Knee","Bouncing Flask","Caltrops","Blur","Bane","Terror","Catalyst+1","Venomology+1","Footwork","Tactician","Catalyst+1","Bullet Time","Phantasmal Killer","Finisher","Outmaneuver","Backflip","Masterful Stab","Expertise","Deadly Poison","Prepared","Envenom","Noxious Fumes","Setup+1","Quick Slash","Catalyst+1","Poisoned Stab"],"special_seed":0,"relics":["Ring of the Snake","Blood Vial","Pantograph","Darkstone Periapt","Pandora\u0027s Box","Centennial Puzzle","Bird Faced Urn","DollysMirror"],"potions_floor_usage":[5,8,13,13,14,14,16,16,18,22],"damage_taken":[{"damage":7,"enemies":"Small Slimes","floor":1,"turns":4},{"damage":2,"enemies":"2 Louse","floor":2,"turns":3},{"damage":0,"enemies":"Cultist","floor":3,"turns":4},{"damage":0,"enemies":"Red Slaver","floor":5,"turns":5},{"damage":28,"enemies":"Gremlin Nob","floor":6,"turns":4},{"damage":2,"enemies":"Gremlin Nob","floor":8,"turns":3},{"damage":11,"enemies":"Lots of Slimes","floor":13,"turns":2},{"damage":10,"enemies":"Looter","floor":14,"turns":4},{"damage":54,"enemies":"The Guardian","floor":16,"turns":7},{"damage":21,"enemies":"Chosen","floor":18,"turns":5},{"damage":22,"enemies":"Spheric Guardian","floor":20,"turns":4},{"damage":30,"enemies":"Snake Plant","floor":22,"turns":2}],"seed_played":"3596594721189388231","potions_obtained":[{"floor":2,"key":"Fire Potion"},{"floor":3,"key":"Weak Potion"},{"floor":5,"key":"GamblersBrew"},{"floor":14,"key":"Poison Potion"}],"is_trial":false,"path_per_floor":["M","M","M","$","M","E","R","?","T","R","?","R","M","M","R","B",null,"M","T","M","$","M"],"character_chosen":"THE_SILENT","items_purchased":["Bane","Terror","Bird Faced Urn","DollysMirror","Poisoned Stab"],"campfire_rested":1,"item_purchase_floors":[4,4,21,21,21],"current_hp_per_floor":[56,54,54,54,54,26,26,26,26,26,32,54,45,37,37,10,60,41,41,21,21,0],"gold":45,"neow_bonus":"THREE_CARDS","is_prod":false,"is_daily":false,"chose_seed":false,"campfire_upgraded":3,"win_rate":0,"timestamp":1560688442,"path_taken":["M","M","M","$","M","E","R","?","T","R","?","R","M","M","R","BOSS","M","?","?","$","?"],"build_version":"2019-01-23","purchased_purges":1,"victory":false,"max_hp_per_floor":[70,70,70,70,70,70,70,70,70,70,76,76,76,76,76,76,76,76,76,76,76,76],"card_choices":[{"not_picked":["Choke","Cloak And Dagger"],"picked":"Flying Knee","floor":0.0},{"not_picked":["Dagger Spray","Riddle With Holes"],"picked":"Bouncing Flask","floor":1},{"not_picked":["All Out Attack","Flechettes"],"picked":"Caltrops","floor":2},{"not_picked":["Quick Slash","Flying Knee"],"picked":"Blur","floor":3},{"not_picked":["Riddle With Holes","Prepared"],"picked":"Catalyst","floor":5},{"not_picked":["Quick Slash","Predator"],"picked":"Venomology","floor":6},{"not_picked":["PiercingWail","Concentrate"],"picked":"Footwork","floor":8},{"not_picked":["Backflip","Distraction"],"picked":"Tactician","floor":13},{"not_picked":["Dodge and Roll","Blade Dance"],"picked":"Catalyst","floor":14},{"not_picked":["Die Die Die","Glass Knife"],"picked":"Bullet Time","floor":16},{"not_picked":["Flying Knee","Quick Slash"],"picked":"Setup+1","floor":18},{"not_picked":["Deflect","Storm of Steel"],"picked":"Quick Slash","floor":20}],"player_experience":2207514,"relics_obtained":[{"floor":6,"key":"Blood Vial"},{"floor":8,"key":"Pantograph"},{"floor":9,"key":"Darkstone Periapt"},{"floor":19,"key":"Centennial Puzzle"}],"event_choices":[{"damage_healed":0,"gold_gain":0,"player_choice":"Searched \u00271\u0027 times","damage_taken":0,"max_hp_gain":0,"max_hp_loss":0,"event_name":"Dead Adventurer","floor":8,"gold_loss":0},{"damage_healed":0,"gold_gain":275,"player_choice":"Desecrate","damage_taken":0,"max_hp_gain":0,"max_hp_loss":0,"event_name":"Golden Shrine","floor":11,"gold_loss":0,"cards_obtained":["Regret"]}],"is_beta":false,"boss_relics":[{"not_picked":["HoveringKite","Eternal Feather"],"picked":"Pandora\u0027s Box"}],"items_purged_floors":[21],"is_endless":false,"potions_floor_spawned":[2,3,5,14],"killed_by":"Snake Plant","ascension_level":8}