{"gold_per_floor":[115,134,145,23,37,72,82,82,82,82,32,32,43,73,73,169,169,185,185,85,103,63,63],"floor_reached":23,"playtime":1945,"items_purged":["Defend_R","Defend_R"],"score":221,"play_id":"ca9468fb-9dc5-429d-a17b-093bd3587237","local_time":"20190130001305","is_ascension_mode":true,"campfire_choices":[{"data":"Demon Form","floor":8,"key":"SMITH"},{"floor":10,"key":"REST"},{"data":"True Grit","floor":12,"key":"SMITH"},{"data":"Armaments","floor":15,"key":"SMITH"}],"neow_cost":"NONE","seed_source_timestamp":23824650794246,"circlet_count":0,"master_deck":["Strike_R","Strike_R","Strike_R","Strike_R","Defend_R","Defend_R","Bash","Flex","Anger","Power Through","Headbutt","Armaments+1","Demon Form+1","True Grit+1","Anger","Blood for Blood","Limit Break","Seeing Red+1","Metallicize"],"relics":["Burning Blood","NeowsBlessing","Matryoshka","Kunai","Regal Pillow","Mercury Hourglass","Black Star"],"potions_floor_usage":[6,16,16,16,21,23,23],"damage_taken":[{"damage":0,"enemies":"Jaw Worm","floor":1,"turns":1},{"damage":0,"enemies":"Cultist","floor":2,"turns":1},{"damage":0,"enemies":"Small Slimes","floor":3,"turns":1},{"damage":16,"enemies":"3 Louse","floor":5,"turns":3},{"damage":33,"enemies":"3 Sentries","floor":6,"turns":12},{"damage":4,"enemies":"Red Slaver","floor":7,"turns":3},{"damage":18,"enemies":"Large Slime","floor":13,"turns":4},{"damage":15,"enemies":"Lagavulin","floor":14,"turns":5},{"damage":32,"enemies":"The Guardian","floor":16,"turns":7},{"damage":33,"enemies":"2 Thieves","floor":18,"turns":4},{"damage":14,"enemies":"Shell Parasite","floor":21,"turns":4},{"damage":45,"enemies":"Slavers","floor":23,"turns":4}],"seed_played":"-4831525278357844337","potions_obtained":[{"floor":3,"key":"Weak Potion"},{"floor":6,"key":"Block Potion"},{"floor":13,"key":"Strength Potion"},{"floor":14,"key":"Dexterity Potion"},{"floor":16,"key":"Strength Potion"},{"floor":19,"key":"Energy Potion"},{"floor":19,"key":"AttackPotion"}],"is_trial":false,"path_per_floor":["M","M","M","$","M","E","M","R","T","R","?","R","M","E","R","B",null,"M","?","$","M","$","E"],"character_chosen":"IRONCLAD","items_purchased":["Headbutt","Metallicize"],"campfire_rested":1,"item_purchase_floors":[4,22],"current_hp_per_floor":[80,80,80,80,70,43,45,45,45,80,80,80,68,59,59,33,80,53,53,53,45,45,0],"gold":63,"neow_bonus":"THREE_ENEMY_KILL","is_prod":false,"is_daily":false,"chose_seed":false,"campfire_upgraded":3,"win_rate":0,"timestamp":1548767585,"path_taken":["M","M","M","$","M","E","M","R","T","R","?","R","M","E","R","BOSS","M","?","?","?","$","E"],"build_version":"2019-01-23","purchased_purges":2,"victory":false,"max_hp_per_floor":[80,80,80,80,80,80,80,80,80,80,80,80,80,80,80,80,80,80,80,80,80,80,80],"card_choices":[{"not_picked":["True Grit","Pommel Strike"],"picked":"Flex","floor":1},{"not_picked":["Seeing Red","Sword Boomerang"],"picked":"Anger","floor":2},{"not_picked":["Pommel Strike","Feel No Pain"],"picked":"Power Through","floor":3},{"not_picked":["Metallicize","Bloodletting"],"picked":"Armaments","floor":5},{"not_picked":["Carnage","Thunderclap"],"picked":"Demon Form","floor":6},{"not_picked":["Clothesline","Entrench"],"picked":"True Grit","floor":7},{"not_picked":["Clothesline","Warcry"],"picked":"Anger","floor":13},{"not_picked":["Power Through","Offering"],"picked":"Blood for Blood","floor":14},{"not_picked":["Demon Form","Exhume"],"picked":"Limit Break","floor":16},{"not_picked":["Burning Pact","Iron Wave","Havoc+1"],"picked":"SKIP","floor":18},{"not_picked":["Entrench","Clothesline"],"picked":"Seeing Red+1","floor":21}],"player_experience":188341,"relics_obtained":[{"floor":6,"key":"Matryoshka"},{"floor":9,"key":"Kunai"},{"floor":9,"key":"Regal Pillow"},{"floor":14,"key":"Mercury Hourglass"}],"event_choices":[{"cards_removed":["Strike_R"],"damage_healed":0,"gold_gain":0,"player_choice":"Card Removal","damage_taken":0,"max_hp_gain":0,"max_hp_loss":0,"event_name":"The Cleric","floor":11,"gold_loss":50},{"damage_healed":0,"gold_gain":0,"player_choice":"Got Potions","damage_taken":0,"max_hp_gain":0,"max_hp_loss":0,"event_name":"Lab","floor":19,"gold_loss":0}],"is_beta":false,"boss_relics":[{"not_picked":["Velvet Choker","White Beast Statue"],"picked":"Black Star"}],"items_purged_floors":[4,20],"is_endless":false,"potions_floor_spawned":[3,6,13,14,16],"killed_by":"Slavers","ascension_level":2}