{"gold_per_floor":[113,13,30,46,46,46,59,59,59,59,59,59,69,69,69,172,172,190,190,207,207,25,54,54,54,54,68,68,68,68,32,32,134,134,146,146,146,160,178,178,178],"floor_reached":41,"playtime":85896,"items_purged":["Strike_G","Regret"],"score":564,"play_id":"2ccd9c68-9842-4b1d-b253-349e5ae87db6","local_time":"20190421210545","is_ascension_mode":true,"campfire_choices":[{"data":"Poisoned Stab","floor":6.0,"key":"SMITH"},{"data":"Tools of the Trade","floor":8.0,"key":"SMITH"},{"data":"Deadly Poison","floor":10.0,"key":"SMITH"},{"data":"Neutralize","floor":12.0,"key":"SMITH"},{"data":"Tactician","floor":15.0,"key":"SMITH"},{"floor":24.0,"key":"REST"},{"floor":28.0,"key":"REST"},{"floor":32.0,"key":"REST"},{"floor":40.0,"key":"REST"}],"neow_cost":"NONE","seed_source_timestamp":324712212370565,"circlet_count":0,"master_deck":["Survivor","Neutralize+1","Deadly Poison+1","Dagger Throw","Poisoned Stab+1","Leg Sweep+1","Tools of the Trade+1","Deadly Poison","Tactician+1","Burst","Predator+1","Terror","Deadly Poison","Deflect","Deadly Poison","Dagger Throw+1","Backstab+1","Crippling Poison","Underhanded Strike+1","Dodge and Roll+1","Accuracy+1","Burst","Noxious Fumes+1","Terror","Wraith Form v2","Caltrops","Corpse Explosion","Reflex+1","Blade Dance","Underhanded Strike+1","Venomology","Blade Dance","Backflip+1"],"special_seed":0,"relics":["Ring of the Snake","NeowsBlessing","Prayer Wheel","The Specimen","Molten Egg 2","Pandora\u0027s Box","Nilry\u0027s Codex","Bronze Scales","Sundial","WristBlade"],"potions_floor_usage":[41,41],"damage_taken":[{"damage":0.0,"enemies":"Small Slimes","floor":1.0,"turns":1.0},{"damage":0.0,"enemies":"2 Louse","floor":3.0,"turns":1.0},{"damage":0.0,"enemies":"Jaw Worm","floor":4.0,"turns":1.0},{"damage":0.0,"enemies":"Looter","floor":7.0,"turns":4.0},{"damage":1.0,"enemies":"Large Slime","floor":13.0,"turns":5.0},{"damage":30.0,"enemies":"Slime Boss","floor":16.0,"turns":13.0},{"damage":3.0,"enemies":"Spheric Guardian","floor":18.0,"turns":3.0},{"damage":7.0,"enemies":"3 Byrds","floor":20.0,"turns":3.0},{"damage":30.0,"enemies":"Book of Stabbing","floor":23.0,"turns":5.0},{"damage":27.0,"enemies":"Snecko","floor":27.0,"turns":4.0},{"damage":0.0,"enemies":"Centurion and Healer","floor":29.0,"turns":1.0},{"damage":47.0,"enemies":"Automaton","floor":33.0,"turns":8.0},{"damage":27.0,"enemies":"Orb Walker","floor":35.0,"turns":2.0},{"damage":29.0,"enemies":"3 Darklings","floor":38.0,"turns":4.0},{"damage":9.0,"enemies":"4 Shapes","floor":39.0,"turns":5.0},{"damage":38,"enemies":"Nemesis","floor":41,"turns":4}],"seed_played":"-3879292733239986833","potions_obtained":[{"floor":3.0,"key":"Explosive Potion"},{"floor":7.0,"key":"GhostInAJar"},{"floor":16.0,"key":"EntropicBrew"},{"floor":20.0,"key":"SmokeBomb"},{"floor":27.0,"key":"Swift Potion"},{"floor":30.0,"key":"GamblersBrew"}],"is_trial":false,"path_per_floor":["M","$","M","M","?","R","M","R","T","R","?","R","M","T","R","B",null,"M","?","M","?","$","E","R","?","T","M","R","M","?","$","R","B",null,"M","?","?","M","M","R","E"],"character_chosen":"THE_SILENT","items_purchased":["Dagger Throw","Burst","Caltrops"],"campfire_rested":4,"item_purchase_floors":[2,22,31],"current_hp_per_floor":[63,63,63,63,63,63,63,63,63,63,63,63,62,62,62,32,61,58,42,35,58,58,28,49,49,49,22,43,43,43,43,64,17,57,30,48,48,19,10,31,0],"gold":178,"neow_bonus":"THREE_ENEMY_KILL","is_prod":false,"is_daily":false,"chose_seed":false,"campfire_upgraded":5,"win_rate":0,"timestamp":1555844745,"path_taken":["M","$","M","M","?","R","M","R","T","R","?","R","M","?","R","BOSS","M","?","M","?","$","E","R","?","T","M","R","?","?","?","R","BOSS","M","?","?","?","?","R","E"],"build_version":"2019-01-23","purchased_purges":2,"victory":false,"max_hp_per_floor":[70,70,70,70,70,70,70,70,70,70,70,70,70,70,70,70,70,70,70,70,70,70,70,70,70,70,70,70,70,70,70,70,70,70,70,70,70,70,70,70,70],"card_choices":[{"not_picked":["PiercingWail","Bane"],"picked":"Deadly Poison","floor":1.0},{"not_picked":["Underhanded Strike","Quick Slash"],"picked":"Poisoned Stab","floor":3.0},{"not_picked":["Deflect","Quick Slash"],"picked":"Leg Sweep","floor":4.0},{"not_picked":["Slice","Dagger Throw"],"picked":"Tools of the Trade","floor":7.0},{"not_picked":["Deflect","Dagger Throw"],"picked":"Deadly Poison","floor":13.0},{"not_picked":["Riddle With Holes","Concentrate"],"picked":"Tactician","floor":13.0},{"not_picked":["Night Terror","Unload+1"],"picked":"Burst","floor":16.0},{"not_picked":["Predator+1","Riddle With Holes+1"],"picked":"Crippling Poison","floor":18.0},{"not_picked":["Calculated Gamble+1","Acrobatics+1"],"picked":"Underhanded Strike+1","floor":18.0},{"not_picked":["Outmaneuver","Setup"],"picked":"Dodge and Roll+1","floor":20.0},{"not_picked":["Dagger Spray+1","Prepared"],"picked":"Accuracy+1","floor":20.0},{"not_picked":["PiercingWail","Calculated Gamble+1"],"picked":"Noxious Fumes+1","floor":23.0},{"not_picked":["Dodge and Roll","Acrobatics+1","Blade Dance"],"picked":"SKIP","floor":27.0},{"not_picked":["Outmaneuver","Endless Agony+1","Caltrops"],"picked":"SKIP","floor":27.0},{"not_picked":["Malaise","Unload+1"],"picked":"Corpse Explosion","floor":33.0},{"not_picked":["Acrobatics","Skewer+1"],"picked":"Reflex+1","floor":35.0},{"not_picked":["Acrobatics+1","Flying Knee+1"],"picked":"Blade Dance","floor":35.0},{"not_picked":["Caltrops+1","Poisoned Stab+1"],"picked":"Underhanded Strike+1","floor":38.0},{"not_picked":["Choke+1","Footwork+1"],"picked":"Venomology","floor":38.0},{"not_picked":["Cloak And Dagger+1","Concentrate+1"],"picked":"Blade Dance","floor":39.0},{"not_picked":["Eviscerate+1","Poisoned Stab+1"],"picked":"Backflip+1","floor":39.0}],"player_experience":1278918,"relics_obtained":[{"floor":9.0,"key":"Prayer Wheel"},{"floor":14.0,"key":"Molten Egg 2"},{"floor":19.0,"key":"Nilry\u0027s Codex"},{"floor":23.0,"key":"Bronze Scales"},{"floor":26.0,"key":"Sundial"}],"event_choices":[{"damage_healed":0.0,"max_hp_gain":0.0,"max_hp_loss":0.0,"gold_gain":0.0,"event_name":"Living Wall","player_choice":"Grow","floor":5.0,"gold_loss":0.0,"damage_taken":0.0,"cards_upgraded":["Leg Sweep"]},{"damage_healed":0.0,"max_hp_gain":0.0,"max_hp_loss":0.0,"gold_gain":0.0,"event_name":"Big Fish","player_choice":"Box","floor":11.0,"gold_loss":0.0,"damage_taken":0.0,"relics_obtained":["The Specimen"],"cards_obtained":["Regret"]},{"damage_healed":0.0,"max_hp_gain":0.0,"max_hp_loss":0.0,"gold_gain":0.0,"event_name":"Cursed Tome","player_choice":"Obtained Book","floor":19.0,"gold_loss":0.0,"damage_taken":16.0},{"damage_healed":23.0,"max_hp_gain":0.0,"max_hp_loss":0.0,"gold_gain":0.0,"event_name":"The Library","player_choice":"Heal","floor":21.0,"gold_loss":0.0,"damage_taken":0.0},{"damage_healed":0.0,"max_hp_gain":0.0,"max_hp_loss":0.0,"gold_gain":0.0,"cards_transformed":["Deadly Poison","Blade Dance"],"event_name":"Drug Dealer","player_choice":"Became Test Subject","floor":25.0,"gold_loss":0.0,"damage_taken":0.0,"cards_obtained":["Terror","Wraith Form v2"]},{"damage_healed":0.0,"max_hp_gain":0.0,"max_hp_loss":0.0,"gold_gain":0.0,"event_name":"Lab","player_choice":"Got Potions","floor":30.0,"gold_loss":0.0,"damage_taken":0.0},{"damage_healed":18.0,"max_hp_gain":0.0,"max_hp_loss":0.0,"gold_gain":0.0,"event_name":"Winding Halls","player_choice":"Writhe","floor":36.0,"gold_loss":0.0,"damage_taken":0.0,"cards_obtained":["Writhe"]},{"cards_removed":["Writhe"],"damage_healed":0.0,"max_hp_gain":0.0,"max_hp_loss":0.0,"gold_gain":0.0,"event_name":"Purifier","player_choice":"Purged","floor":37.0,"gold_loss":0.0,"damage_taken":0.0}],"is_beta":false,"boss_relics":[{"not_picked":["Tiny House","HoveringKite"],"picked":"Pandora\u0027s Box"},{"not_picked":["Coffee Dripper","Orrery"],"picked":"WristBlade"}],"items_purged_floors":[2,22],"is_endless":false,"potions_floor_spawned":[3,7,16,20,27],"killed_by":"Nemesis","ascension_level":7}