{"gold_per_floor":[363,382,352,32,42,42,68,87,387,406,59,79,96,129,129,226,226,246,246,246,246,66,99,110,121,121,121,146,46,63,76,76,181,181,195,0,55,1,1,35,35,51,78,78,108,121,132,150,150,150],"floor_reached":51,"playtime":9561,"items_purged":["Strike_G","Defend_G"],"score":880,"play_id":"96dfdba3-dc8e-4304-be43-2c2218bfd1ec","local_time":"20190202001601","is_ascension_mode":true,"campfire_choices":[{"data":"Poisoned Stab","floor":6,"key":"SMITH"},{"floor":15,"key":"REST"},{"floor":27,"key":"REST"},{"floor":32,"key":"REST"},{"floor":41,"key":"REST"},{"data":"Night Terror","floor":44,"key":"SMITH"},{"floor":49,"key":"REST"}],"neow_cost":"CURSE","seed_source_timestamp":275559140610873,"circlet_count":0,"master_deck":["Defend_G","Defend_G","Defend_G","Defend_G","Strike_G","Strike_G","Strike_G","Strike_G","Survivor","Neutralize","All Out Attack","Flying Knee","Backflip","Poisoned Stab+1","Night Terror+1","Deadly Poison","Acrobatics","Catalyst","Noxious Fumes","Dash","Bane","Venomology","Crippling Poison","Mayhem","Endless Agony+1","Dagger Throw","Deadly Poison+1","Backflip","Quick Slash+1","Doppelganger","Dagger Spray+1","Acrobatics+1","Prepared","Endless Agony+1","Leg Sweep","Deadly Poison","Prepared+1","Acrobatics+1","Escape Plan+1"],"relics":["Ring of the Snake","Oddly Smooth Stone","Anchor","Bottled Lightning","Old Coin","Lantern","Nunchaku","HoveringKite","Nilry\u0027s Codex","Meat on the Bone","Mango","Tough Bandages","Velvet Choker","Red Mask","Thread and Needle","Bronze Scales","Strawberry","Ninja Scroll"],"potions_floor_usage":[5,7,14,16,18,25,25,25,28,30,30,30,31,33,37,37,40,42,42,45,47,47,50,50],"damage_taken":[{"damage":0,"enemies":"2 Louse","floor":1,"turns":4},{"damage":0,"enemies":"Cultist","floor":2,"turns":4},{"damage":0,"enemies":"Small Slimes","floor":5,"turns":3},{"damage":6,"enemies":"3 Sentries","floor":7,"turns":7},{"damage":3,"enemies":"Blue Slaver","floor":8,"turns":5},{"damage":0,"enemies":"Looter","floor":10,"turns":3},{"damage":7,"enemies":"Exordium Wildlife","floor":12,"turns":5},{"damage":10,"enemies":"Large Slime","floor":13,"turns":5},{"damage":37,"enemies":"Gremlin Nob","floor":14,"turns":5},{"damage":31,"enemies":"Slime Boss","floor":16,"turns":8},{"damage":0,"enemies":"Chosen","floor":18,"turns":4},{"damage":12,"enemies":"Book of Stabbing","floor":23,"turns":4},{"damage":20,"enemies":"Spheric Guardian","floor":24,"turns":6},{"damage":13,"enemies":"Snecko","floor":25,"turns":4},{"damage":18,"enemies":"Gremlin Leader","floor":28,"turns":8},{"damage":31,"enemies":"Cultist and Chosen","floor":30,"turns":8},{"damage":4,"enemies":"3 Cultists","floor":31,"turns":5},{"damage":55,"enemies":"Champ","floor":33,"turns":9},{"damage":0,"enemies":"3 Shapes","floor":35,"turns":2},{"damage":27,"enemies":"2 Orb Walkers","floor":37,"turns":6},{"damage":49,"enemies":"Giant Head","floor":40,"turns":10},{"damage":2,"enemies":"3 Darklings","floor":42,"turns":4},{"damage":16,"enemies":"Reptomancer","floor":45,"turns":6},{"damage":11,"enemies":"Writhing Mass","floor":46,"turns":7},{"damage":15,"enemies":"4 Shapes","floor":47,"turns":3},{"damage":6,"enemies":"Spire Growth","floor":48,"turns":4},{"damage":76,"enemies":"Awakened One","floor":50,"turns":17}],"seed_played":"396207615068634300","potions_obtained":[{"floor":3,"key":"AttackPotion"},{"floor":3,"key":"Fruit Juice"},{"floor":5,"key":"Ancient Potion"},{"floor":7,"key":"PowerPotion"},{"floor":10,"key":"Dexterity Potion"},{"floor":13,"key":"Explosive Potion"},{"floor":14,"key":"Ancient Potion"},{"floor":23,"key":"Explosive Potion"},{"floor":25,"key":"SkillPotion"},{"floor":30,"key":"Fire Potion"},{"floor":33,"key":"EssenceOfSteel"},{"floor":37,"key":"GhostInAJar"},{"floor":40,"key":"SteroidPotion"},{"floor":45,"key":"Ancient Potion"},{"floor":48,"key":"Block Potion"}],"is_trial":false,"path_per_floor":["M","M","?","$","M","R","E","M","T","M","$","M","M","E","R","B",null,"M","?","?","?","$","E","M","M","T","R","E","$","M","M","R","B",null,"M","?","?","$","?","E","R","M","T","R","E","M","M","M","R","B",null],"character_chosen":"THE_SILENT","items_purchased":["Oddly Smooth Stone","Anchor","Backflip","Lantern","Catalyst","Noxious Fumes","Mayhem","Prepared"],"campfire_rested":5,"item_purchase_floors":[4,4,4,11,11,11,22,38],"current_hp_per_floor":[70,70,70,70,75,75,69,66,66,66,66,59,49,12,34,3,75,75,75,59,45,45,33,25,24,38,66,48,48,29,37,65,22,94,94,94,76,76,76,39,67,65,72,72,56,57,54,60,90,26],"gold":150,"neow_bonus":"TWO_FIFTY_GOLD","is_prod":false,"is_daily":false,"chose_seed":false,"campfire_upgraded":2,"win_rate":0,"timestamp":1549026961,"path_taken":["M","M","?","$","?","R","E","M","T","M","$","M","M","E","R","BOSS","M","?","?","?","$","E","M","M","T","R","E","$","M","M","R","BOSS","M","?","?","$","?","E","R","?","T","R","E","M","M","M","R","BOSS"],"build_version":"2019-01-23","purchased_purges":2,"victory":true,"max_hp_per_floor":[70,70,70,70,75,75,75,75,75,75,75,75,75,75,75,75,75,75,75,75,80,80,80,80,80,94,94,94,94,94,94,94,94,94,94,94,94,94,94,94,94,94,101,101,101,101,101,101,101,101],"card_choices":[{"not_picked":["Dagger Throw","Deflect"],"picked":"All Out Attack","floor":1},{"not_picked":["Deflect","Quick Slash"],"picked":"Flying Knee","floor":2},{"not_picked":["Expertise","Sucker Punch"],"picked":"Poisoned Stab","floor":5},{"not_picked":["Infinite Blades","Expertise"],"picked":"Night Terror","floor":7},{"not_picked":["Poisoned Stab","Flechettes"],"picked":"Deadly Poison","floor":8},{"not_picked":["Backflip","Expertise"],"picked":"Acrobatics","floor":10},{"not_picked":["Bane","Slice"],"picked":"Dash","floor":12},{"not_picked":["Reflex","Cloak And Dagger","Acrobatics"],"picked":"SKIP","floor":13},{"not_picked":["Eviscerate","Quick Slash"],"picked":"Bane","floor":14},{"not_picked":["Glass Knife","Malaise"],"picked":"Venomology","floor":16},{"not_picked":["Dagger Spray","Accuracy+1"],"picked":"Crippling Poison","floor":18},{"not_picked":["Deflect","Heel Hook","PiercingWail"],"picked":"SKIP","floor":23},{"not_picked":["Deflect","Bane"],"picked":"Endless Agony+1","floor":24},{"not_picked":["Infinite Blades","Escape Plan"],"picked":"Dagger Throw","floor":25},{"not_picked":["Slice","Leg Sweep"],"picked":"Deadly Poison+1","floor":28},{"not_picked":["Cloak And Dagger","Dodge and Roll"],"picked":"Backflip","floor":30},{"not_picked":["Catalyst","Prepared"],"picked":"Quick Slash+1","floor":31},{"not_picked":["Bullet Time","Phantasmal Killer"],"picked":"Doppelganger","floor":33},{"not_picked":["Sucker Punch","Flying Knee"],"picked":"Dagger Spray+1","floor":35},{"not_picked":["Dagger Spray","Setup+1"],"picked":"Acrobatics+1","floor":37},{"not_picked":["Finisher","Flechettes"],"picked":"Endless Agony+1","floor":40},{"not_picked":["Heel Hook","PiercingWail+1"],"picked":"Leg Sweep","floor":42},{"not_picked":["Bane","Dash"],"picked":"Deadly Poison","floor":45},{"not_picked":["Cloak And Dagger+1","Wraith Form v2"],"picked":"Prepared+1","floor":46},{"not_picked":["Well Laid Plans","Caltrops"],"picked":"Acrobatics+1","floor":47},{"not_picked":["Poisoned Stab+1","Accuracy+1"],"picked":"Escape Plan+1","floor":48}],"player_experience":205461,"relics_obtained":[{"floor":7,"key":"Bottled Lightning"},{"floor":9,"key":"Old Coin"},{"floor":14,"key":"Nunchaku"},{"floor":20,"key":"Nilry\u0027s Codex"},{"floor":23,"key":"Meat on the Bone"},{"floor":26,"key":"Mango"},{"floor":28,"key":"Tough Bandages"},{"floor":37,"key":"Thread and Needle"},{"floor":40,"key":"Bronze Scales"},{"floor":43,"key":"Strawberry"},{"floor":45,"key":"Ninja Scroll"}],"event_choices":[{"damage_healed":0,"gold_gain":0,"player_choice":"Bought 2 Potions","damage_taken":0,"max_hp_gain":0,"max_hp_loss":0,"event_name":"The Woman in Blue","floor":3,"gold_loss":0},{"damage_healed":0,"gold_gain":0,"player_choice":"Ignored","damage_taken":0,"max_hp_gain":0,"max_hp_loss":0,"event_name":"Ghosts","floor":19,"gold_loss":0},{"damage_healed":0,"gold_gain":0,"player_choice":"Obtained Book","damage_taken":16,"max_hp_gain":0,"max_hp_loss":0,"event_name":"Cursed Tome","floor":20,"gold_loss":0},{"damage_healed":0,"gold_gain":0,"player_choice":"Shed Blood","damage_taken":19,"max_hp_gain":5,"max_hp_loss":0,"event_name":"Forgotten Altar","floor":21,"gold_loss":0},{"damage_healed":0,"gold_gain":0,"player_choice":"Paid","damage_taken":0,"relics_obtained":["Red Mask"],"max_hp_gain":0,"max_hp_loss":0,"event_name":"Tomb of Lord Red Mask","floor":36,"gold_loss":195},{"damage_healed":0,"gold_gain":0,"player_choice":"Fight","damage_taken":0,"max_hp_gain":0,"max_hp_loss":0,"event_name":"Mysterious Sphere","floor":37,"gold_loss":0},{"cards_removed":["Doubt"],"damage_healed":0,"gold_gain":0,"player_choice":"Removed Curses","damage_taken":0,"max_hp_gain":0,"max_hp_loss":0,"event_name":"Fountain of Cleansing","floor":39,"gold_loss":0}],"is_beta":false,"boss_relics":[{"not_picked":["Fusion Hammer","Runic Pyramid"],"picked":"HoveringKite"},{"not_picked":["Philosopher\u0027s Stone","Runic Dome"],"picked":"Velvet Choker"}],"items_purged_floors":[11,29],"is_endless":false,"potions_floor_spawned":[5,7,10,13,14,23,25,30,33,37,40,45,48],"ascension_level":2}