{"gold_per_floor":[115,40,40,60,34,34,66,82,82,82,257,275,275,291,291,391,391,407,423,61,74,0,0,100,100,126,126,126,143,155,172,172,277,277,277,32,48,97,97,123,142,142,142,42,42,42,42,76,76,76],"floor_reached":51,"playtime":180095,"items_purged":["Strike_R","Strike_R"],"score":1002,"play_id":"d4ce8a18-d654-4c01-8145-a264970cf2de","local_time":"20190223204512","is_ascension_mode":true,"campfire_choices":[{"data":"Armaments","floor":6.0,"key":"SMITH"},{"floor":10.0,"key":"REST"},{"data":"Entrench","floor":13.0,"key":"SMITH"},{"data":"Flex","floor":15.0,"key":"SMITH"},{"data":"Inflame","floor":23.0,"key":"SMITH"},{"floor":25.0,"key":"REST"},{"floor":32.0,"key":"REST"},{"floor":42.0,"key":"REST"},{"floor":45.0,"key":"REST"},{"floor":49.0,"key":"RECALL"}],"neow_cost":"NONE","seed_source_timestamp":985001708765,"circlet_count":0,"master_deck":["Strike_R","Strike_R","Defend_R","Defend_R","Defend_R","Bash+1","Pummel","Armaments+1","Flex+1","Entrench+1","Clash+1","Doubt","Battle Trance","Body Slam+1","Feed+1","Flex","Anger+1","Inflame+1","Sword Boomerang+1","Body Slam+1","Shrug It Off","Heavy Blade+1","Pommel Strike+1","Writhe","Heavy Blade+1","Heavy Blade+1","Limit Break","Limit Break","Spot Weakness","Shrug It Off+1","The Bomb","Inflame","Power Through","Ghostly Armor"],"special_seed":0,"relics":["Burning Blood","Molten Egg 2","Happy Flower","Mark of Pain","Ornamental Fan","Pocketwatch","Shuriken","Red Skull","Self Forming Clay","Fusion Hammer","DollysMirror","Du-Vu Doll","Incense Burner","Dodecahedron","Thread and Needle"],"potions_floor_usage":[50],"damage_taken":[{"damage":1.0,"enemies":"Cultist","floor":1.0,"turns":3.0},{"damage":4.0,"enemies":"Small Slimes","floor":4.0,"turns":3.0},{"damage":49.0,"enemies":"Lagavulin","floor":7.0,"turns":7.0},{"damage":0.0,"enemies":"2 Louse","floor":8.0,"turns":2.0},{"damage":5.0,"enemies":"2 Fungi Beasts","floor":12.0,"turns":4.0},{"damage":6.0,"enemies":"Looter","floor":14.0,"turns":2.0},{"damage":37.0,"enemies":"Hexaghost","floor":16.0,"turns":9.0},{"damage":13.0,"enemies":"2 Thieves","floor":18.0,"turns":5.0},{"damage":12.0,"enemies":"3 Byrds","floor":19.0,"turns":7.0},{"damage":7.0,"enemies":"Centurion and Healer","floor":21.0,"turns":6.0},{"damage":22.0,"enemies":"Colosseum Slavers","floor":24.0,"turns":3.0},{"damage":39.0,"enemies":"Colosseum Nobs","floor":24.0,"turns":5.0},{"damage":14.0,"enemies":"Chosen and Byrds","floor":29.0,"turns":5.0},{"damage":15.0,"enemies":"3 Cultists","floor":30.0,"turns":4.0},{"damage":0.0,"enemies":"Sentry and Sphere","floor":31.0,"turns":2.0},{"damage":39.0,"enemies":"Collector","floor":33.0,"turns":6.0},{"damage":0.0,"enemies":"3 Darklings","floor":35.0,"turns":1.0},{"damage":11.0,"enemies":"3 Shapes","floor":37.0,"turns":4.0},{"damage":23.0,"enemies":"2 Orb Walkers","floor":38.0,"turns":4.0},{"damage":20.0,"enemies":"Nemesis","floor":40.0,"turns":5.0},{"damage":23.0,"enemies":"Sphere and 2 Shapes","floor":41.0,"turns":3.0},{"damage":0.0,"enemies":"3 Darklings","floor":47.0,"turns":1.0},{"damage":0.0,"enemies":"Giant Head","floor":48.0,"turns":3.0},{"damage":80,"enemies":"Donu and Deca","floor":50,"turns":10}],"seed_played":"3361172848733489459","potions_obtained":[{"floor":4.0,"key":"SpeedPotion"},{"floor":12.0,"key":"SmokeBomb"},{"floor":14.0,"key":"Ancient Potion"},{"floor":16.0,"key":"Block Potion"},{"floor":19.0,"key":"Weak Potion"},{"floor":24.0,"key":"SteroidPotion"},{"floor":30.0,"key":"EntropicBrew"},{"floor":38.0,"key":"SteroidPotion"},{"floor":48.0,"key":"SkillPotion"}],"is_trial":false,"path_per_floor":["M","$","?","M","$","R","E","M","T","R","?","M","R","M","R","B",null,"M","M","$","M","$","R","?","R","T","?","?","M","M","M","R","B",null,"M","$","M","?","?","E","M","R","T","$","R","?","M","E","R","B",null],"character_chosen":"IRONCLAD","items_purchased":["Flex","Inflame","Ornamental Fan","Sword Boomerang+1","Shrug It Off","Heavy Blade+1","DollysMirror","Spot Weakness"],"campfire_rested":5,"item_purchase_floors":[5,20,20,20,22,22,36,36],"current_hp_per_floor":[77,77,77,79,79,79,36,42,42,66,66,67,67,67,67,36,69,66,64,64,67,67,67,22,50,50,50,50,46,37,43,73,44,89,95,95,90,73,73,63,50,83,83,83,112,112,112,112,112,42],"gold":76,"neow_bonus":"UPGRADE_CARD","is_prod":false,"is_daily":false,"chose_seed":false,"campfire_upgraded":4,"win_rate":0,"timestamp":1550915112,"path_taken":["M","$","?","M","?","R","E","M","T","R","?","M","R","M","R","BOSS","M","M","$","M","$","R","?","R","T","?","?","M","M","M","R","BOSS","M","$","M","?","?","E","M","R","T","?","R","?","M","E","R","BOSS"],"build_version":"2019-01-23","purchased_purges":2,"victory":true,"max_hp_per_floor":[80,80,80,80,80,80,80,80,80,80,80,80,80,80,80,80,80,84,88,88,92,92,92,96,96,96,96,96,100,100,100,100,104,104,104,104,104,104,104,108,112,112,112,112,112,112,112,112,112,116],"card_choices":[{"not_picked":["Cleave","Disarm"],"picked":"Pummel","floor":1.0},{"not_picked":["Burning Pact","Clash"],"picked":"Armaments","floor":4.0},{"not_picked":["True Grit","Warcry"],"picked":"Entrench","floor":7.0},{"not_picked":["Havoc","Clothesline+1"],"picked":"Clash+1","floor":8.0},{"not_picked":["Offering","Havoc"],"picked":"Battle Trance","floor":12.0},{"not_picked":["Anger+1","Headbutt+1"],"picked":"Body Slam+1","floor":14.0},{"not_picked":["Juggernaut","Bludgeon+1"],"picked":"Feed+1","floor":16.0},{"not_picked":["Burning Pact","Thunderclap+1"],"picked":"Flex","floor":18.0},{"not_picked":["Cleave+1","True Grit"],"picked":"Anger+1","floor":19.0},{"not_picked":["Blood for Blood+1","True Grit"],"picked":"Body Slam+1","floor":21.0},{"not_picked":["Offering","Fire Breathing"],"picked":"Pommel Strike+1","floor":24.0},{"not_picked":["Intimidate","True Grit+1"],"picked":"Heavy Blade+1","floor":29.0},{"not_picked":["Bloodletting","Carnage+1"],"picked":"Heavy Blade+1","floor":30.0},{"not_picked":["Corruption","Rampage+1","Clothesline+1"],"picked":"SKIP","floor":31.0},{"not_picked":["Bludgeon+1","Demon Form"],"picked":"Limit Break","floor":33.0},{"not_picked":["Carnage+1","Anger+1"],"picked":"Shrug It Off+1","floor":37.0},{"not_picked":["Thinking Ahead","Sadistic Nature"],"picked":"The Bomb","floor":39.0},{"not_picked":["Clothesline+1","Corruption+1"],"picked":"Inflame","floor":40.0},{"not_picked":["Shockwave+1","Havoc+1"],"picked":"Power Through","floor":41.0},{"not_picked":["Rampage+1","Cleave+1"],"picked":"Ghostly Armor","floor":48.0}],"player_experience":605842,"relics_obtained":[{"floor":7.0,"key":"Molten Egg 2"},{"floor":9.0,"key":"Happy Flower"},{"floor":24.0,"key":"Pocketwatch"},{"floor":24.0,"key":"Shuriken"},{"floor":26.0,"key":"Red Skull"},{"floor":38.0,"key":"Du-Vu Doll"},{"floor":40.0,"key":"Incense Burner"},{"floor":43.0,"key":"Dodecahedron"},{"floor":48.0,"key":"Thread and Needle"}],"event_choices":[{"cards_removed":["Defend_R"],"damage_healed":0.0,"max_hp_gain":0.0,"max_hp_loss":0.0,"gold_gain":0.0,"event_name":"Bonfire Elementals","player_choice":"Offered Basic","floor":3.0,"gold_loss":0.0,"damage_taken":0.0},{"damage_healed":0.0,"max_hp_gain":0.0,"max_hp_loss":0.0,"gold_gain":175.0,"event_name":"Liars Game","player_choice":"AGREE","floor":11.0,"gold_loss":0.0,"damage_taken":0.0,"cards_obtained":["Doubt"]},{"damage_healed":0.0,"max_hp_gain":0.0,"max_hp_loss":0.0,"gold_gain":0.0,"event_name":"Colosseum","player_choice":"Fight","floor":24.0,"gold_loss":0.0,"damage_taken":0.0},{"damage_healed":0.0,"max_hp_gain":0.0,"max_hp_loss":0.0,"gold_gain":0.0,"event_name":"Colosseum","player_choice":"Fought Nobs","floor":24.0,"gold_loss":0.0,"damage_taken":0.0},{"damage_healed":0.0,"max_hp_gain":0.0,"max_hp_loss":0.0,"gold_gain":0.0,"event_name":"The Mausoleum","player_choice":"Opened","floor":27.0,"gold_loss":0.0,"damage_taken":0.0,"relics_obtained":["Self Forming Clay"],"cards_obtained":["Writhe"]},{"damage_healed":0.0,"max_hp_gain":0.0,"max_hp_loss":0.0,"gold_gain":0.0,"event_name":"Ghosts","player_choice":"Ignored","floor":28.0,"gold_loss":0.0,"damage_taken":0.0},{"damage_healed":0.0,"max_hp_gain":0.0,"max_hp_loss":0.0,"gold_gain":0.0,"event_name":"Mysterious Sphere","player_choice":"Fight","floor":38.0,"gold_loss":0.0,"damage_taken":0.0},{"damage_healed":0.0,"max_hp_gain":0.0,"max_hp_loss":0.0,"gold_gain":0.0,"event_name":"SensoryStone","player_choice":"Memory 1","floor":39.0,"gold_loss":0.0,"damage_taken":0.0},{"cards_removed":["Strike_R"],"damage_healed":0.0,"max_hp_gain":0.0,"max_hp_loss":0.0,"gold_gain":0.0,"event_name":"Falling","player_choice":"Removed Attack","floor":46.0,"gold_loss":0.0,"damage_taken":0.0}],"is_beta":false,"boss_relics":[{"not_picked":["Coffee Dripper","Runic Dome"],"picked":"Mark of Pain"},{"not_picked":["Tiny House","Philosopher\u0027s Stone"],"picked":"Fusion Hammer"}],"items_purged_floors":[2,44],"is_endless":false,"potions_floor_spawned":[4,12,14,16,19,24,30,31,35,38,48],"ascension_level":7}