{"gold_per_floor":[119,131,143,162,172,172,202,202,271,38,57,57,57,22,22,125,125,143,161,193,141,141],"floor_reached":22,"playtime":2069,"items_purged":[],"score":270,"play_id":"1a4d1e03-0d91-4141-a6d8-61e593345b04","local_time":"20190604224736","is_ascension_mode":true,"campfire_choices":[{"floor":6,"key":"REST"},{"floor":8,"key":"REST"},{"floor":13,"key":"REST"},{"data":"Tools of the Trade","floor":15,"key":"SMITH"}],"neow_cost":"PERCENT_DAMAGE","seed_source_timestamp":536457215152546,"circlet_count":0,"master_deck":["Survivor","Neutralize","Tools of the Trade+1","Catalyst","Poisoned Stab","Noxious Fumes","Poisoned Stab","Dagger Throw","Dagger Throw","Deadly Poison","Bane","Dash","Wraith Form v2","Slice","Calculated Gamble","Noxious Fumes","Prepared","Adrenaline","Envenom","Bane","Terror","Doppelganger","Leg Sweep","Poisoned Stab","Leg Sweep+1","Riddle With Holes","Flying Knee"],"relics":["Ring of the Snake","Blue Candle","Shuriken","Lantern","Tingsha","Pandora\u0027s Box","Red Mask"],"potions_floor_usage":[4,5,20,20],"damage_taken":[{"damage":1,"enemies":"Cultist","floor":1,"turns":5},{"damage":3,"enemies":"Jaw Worm","floor":2,"turns":6},{"damage":0,"enemies":"Small Slimes","floor":3,"turns":4},{"damage":13,"enemies":"3 Louse","floor":4,"turns":5},{"damage":6,"enemies":"Looter","floor":5,"turns":4},{"damage":19,"enemies":"3 Sentries","floor":7,"turns":8},{"damage":8,"enemies":"2 Fungi Beasts","floor":11,"turns":4},{"damage":38,"enemies":"Hexaghost","floor":16,"turns":7},{"damage":13,"enemies":"Shell Parasite","floor":18,"turns":4},{"damage":14,"enemies":"2 Thieves","floor":19,"turns":4},{"damage":14,"enemies":"Masked Bandits","floor":20,"turns":5},{"damage":18,"enemies":"Shelled Parasite and Fungi","floor":22,"turns":3}],"seed_played":"-4003733688277259229","potions_obtained":[{"floor":1,"key":"PowerPotion"},{"floor":4,"key":"AttackPotion"},{"floor":7,"key":"FearPotion"},{"floor":16,"key":"FearPotion"},{"floor":19,"key":"PowerPotion"}],"is_trial":false,"path_per_floor":["M","M","M","M","M","R","E","R","T","$","M","?","R","?","R","B",null,"M","M","?","$","M"],"character_chosen":"THE_SILENT","items_purchased":["Deadly Poison","Lantern","Bane","Flying Knee"],"campfire_rested":3,"item_purchase_floors":[10,10,10,21],"current_hp_per_floor":[44,41,41,28,22,43,24,45,45,45,37,25,46,63,63,25,59,46,32,18,18,0],"gold":141,"neow_bonus":"THREE_RARE_CARDS","is_prod":false,"is_daily":false,"chose_seed":false,"campfire_upgraded":1,"win_rate":0,"timestamp":1559652456,"path_taken":["M","M","M","M","M","R","E","R","T","?","M","?","R","?","R","BOSS","M","M","?","$","M"],"build_version":"2019-01-23","purchased_purges":0,"victory":false,"max_hp_per_floor":[70,70,70,70,70,70,70,70,70,70,70,70,70,70,70,70,70,70,70,70,70,70],"card_choices":[{"not_picked":["Envenom","After Image"],"picked":"Tools of the Trade","floor":0},{"not_picked":["Flying Knee","Slice"],"picked":"Catalyst","floor":1},{"not_picked":["Deflect","Cloak And Dagger"],"picked":"Poisoned Stab","floor":2},{"not_picked":["Prepared","Cloak And Dagger"],"picked":"Noxious Fumes","floor":3},{"not_picked":["Slice","Calculated Gamble"],"picked":"Poisoned Stab","floor":4},{"not_picked":["Infinite Blades","Blade Dance"],"picked":"Dagger Throw","floor":5},{"not_picked":["Eviscerate","Doppelganger"],"picked":"Dagger Throw","floor":7},{"not_picked":["Reflex","Flechettes"],"picked":"Dash","floor":11},{"not_picked":["Tools of the Trade","A Thousand Cuts"],"picked":"Wraith Form v2","floor":16},{"not_picked":["Slice","Skewer"],"picked":"Poisoned Stab","floor":18},{"not_picked":["Flying Knee","Blade Dance+1"],"picked":"Leg Sweep+1","floor":19},{"not_picked":["Deflect","Skewer"],"picked":"Riddle With Holes","floor":20}],"player_experience":2095368,"relics_obtained":[{"floor":7,"key":"Blue Candle"},{"floor":9,"key":"Shuriken"},{"floor":20,"key":"Red Mask"}],"event_choices":[{"damage_healed":0,"gold_gain":0,"player_choice":"Success","damage_taken":12,"relics_obtained":["Tingsha"],"max_hp_gain":0,"max_hp_loss":0,"event_name":"Scrap Ooze","floor":12,"gold_loss":0},{"damage_healed":17,"gold_gain":0,"player_choice":"Healed","damage_taken":0,"max_hp_gain":0,"max_hp_loss":0,"event_name":"The Cleric","floor":14,"gold_loss":35},{"damage_healed":0,"gold_gain":0,"player_choice":"Fought Bandits","damage_taken":0,"max_hp_gain":0,"max_hp_loss":0,"event_name":"Masked Bandits","floor":20,"gold_loss":0}],"is_beta":false,"boss_relics":[{"not_picked":["Tiny House","Orrery"],"picked":"Pandora\u0027s Box"}],"items_purged_floors":[],"is_endless":false,"potions_floor_spawned":[1,4,7,16,19],"killed_by":"Shelled Parasite and Fungi","ascension_level":9}