{"gold_per_floor":[115,89,89,105,10,10,74,74,74,50,60,74,74,74,74,172,172,172],"floor_reached":18,"playtime":1129,"items_purged":[],"score":205,"play_id":"1d5c6c92-dcb1-4735-9567-e1274188f961","local_time":"20190510185509","is_ascension_mode":true,"campfire_choices":[{"data":"Self Repair","floor":6.0,"key":"SMITH"},{"floor":8.0,"key":"REST"},{"data":"Zap","floor":13.0,"key":"SMITH"},{"data":"Sunder","floor":15.0,"key":"SMITH"}],"neow_cost":"NONE","seed_source_timestamp":0,"circlet_count":0,"master_deck":["Strike_B","Strike_B","Defend_B","Defend_B","Defend_B","Zap+1","Dualcast","Conserve Battery","Cold Snap","Doubt","Turbo","FTL","White Noise","Self Repair+1","Coolheaded","Sunder+1","Stack","Undo","Doom and Gloom","Rainbow","Steam+1","Sweeping Beam+1","Gash+1"],"special_seed":0,"relics":["Cracked Core","Tiny Chest","Kunai","Du-Vu Doll","Astrolabe"],"potions_floor_usage":[],"damage_taken":[{"damage":0.0,"enemies":"2 Louse","floor":1.0,"turns":2.0},{"damage":0.0,"enemies":"Cultist","floor":4.0,"turns":3.0},{"damage":54.0,"enemies":"Gremlin Nob","floor":7.0,"turns":5.0},{"damage":5.0,"enemies":"Jaw Worm","floor":11.0,"turns":3.0},{"damage":14.0,"enemies":"2 Fungi Beasts","floor":12.0,"turns":4.0},{"damage":50.0,"enemies":"Hexaghost","floor":16.0,"turns":11.0},{"damage":63,"enemies":"Chosen","floor":18,"turns":6}],"seed_played":"-8911595645899784431","potions_obtained":[{"floor":4.0,"key":"Regen Potion"}],"is_trial":false,"path_per_floor":["M","?","?","M","$","R","E","R","T","$","M","M","R","T","R","B",null,"M"],"character_chosen":"DEFECT","items_purchased":["Self Repair","Coolheaded","Stack"],"campfire_rested":1,"item_purchase_floors":[5,5,10],"current_hp_per_floor":[68,68,68,68,68,68,36,58,58,58,63,59,59,59,59,19,61,0],"gold":172,"neow_bonus":"THREE_CARDS","is_prod":false,"is_daily":false,"chose_seed":false,"campfire_upgraded":3,"win_rate":0,"timestamp":1557478509,"path_taken":["M","?","?","M","$","R","E","R","T","$","?","?","R","?","R","BOSS","M"],"build_version":"2019-01-23","purchased_purges":0,"victory":false,"max_hp_per_floor":[75,75,75,75,75,75,75,75,75,75,75,75,75,75,75,75,75,75],"card_choices":[{"not_picked":["Beam Cell","FTL"],"picked":"Conserve Battery","floor":0.0},{"not_picked":["Conserve Battery","Barrage"],"picked":"Cold Snap","floor":1.0},{"not_picked":["Loop","Rip and Tear"],"picked":"White Noise","floor":4.0},{"not_picked":["Self Repair","Rip and Tear"],"picked":"Sunder","floor":7.0},{"not_picked":["Stack","Recycle"],"picked":"Undo","floor":11.0},{"not_picked":["Hologram","Rebound"],"picked":"Doom and Gloom","floor":12.0},{"not_picked":["Meteor Strike","Core Surge"],"picked":"Rainbow","floor":16.0}],"player_experience":1694013,"relics_obtained":[{"floor":7.0,"key":"Tiny Chest"},{"floor":9.0,"key":"Kunai"},{"floor":14.0,"key":"Du-Vu Doll"}],"event_choices":[{"damage_healed":0.0,"max_hp_gain":0.0,"max_hp_loss":0.0,"gold_gain":0.0,"event_name":"World of Goop","player_choice":"Left Gold","floor":2.0,"gold_loss":26.0,"damage_taken":0.0},{"damage_healed":0.0,"max_hp_gain":0.0,"max_hp_loss":0.0,"gold_gain":0.0,"event_name":"Match and Keep!","player_choice":"3 cards matched","floor":3.0,"gold_loss":0.0,"damage_taken":0.0,"cards_obtained":["Doubt","Turbo","FTL"]}],"is_beta":false,"boss_relics":[{"not_picked":["Fusion Hammer","Snecko Eye"],"picked":"Astrolabe"}],"items_purged_floors":[],"is_endless":false,"potions_floor_spawned":[4],"killed_by":"Chosen","ascension_level":6}