{"gold_per_floor":[117,135,106,25,25,25,65,65,65,65,86,105,105,141,141,271,271,289,12,12,36,59,59,103,127,154,154,195,211,6,26,26,26],"floor_reached":33,"playtime":3542,"items_purged":[],"score":396,"play_id":"1760fab3-b5f7-4627-bf3a-9f8023d86d4d","local_time":"20190424235935","is_ascension_mode":true,"campfire_choices":[{"floor":6.0,"key":"REST"},{"data":"Deadly Poison","floor":8.0,"key":"SMITH"},{"data":"Tactician","floor":10.0,"key":"SMITH"},{"data":"Setup","floor":13,"key":"SMITH"},{"data":"Choke","floor":15,"key":"SMITH"},{"data":"Catalyst","floor":23,"key":"SMITH"},{"floor":27,"key":"REST"},{"floor":32,"key":"REST"}],"neow_cost":"PERCENT_DAMAGE","seed_source_timestamp":0,"circlet_count":0,"master_deck":["Survivor","Neutralize+1","Choke+1","Setup+1","Deadly Poison+1","Tactician+1","Leg Sweep","Dagger Throw+1","Injury","Terror","Slice+1","Backstab+1","Footwork","Tools of the Trade","Bouncing Flask","Acrobatics","Choke+1","Predator+1","Cloak And Dagger","Unload+1","Sucker Punch+1","Deadly Poison+1","Deflect+1","Bane+1","Flying Knee+1","Catalyst+1","Dagger Throw+1","Flying Knee+1","Tactician+1","Blur+1","Slice+1","Glass Knife+1"],"special_seed":0,"relics":["Ring of the Snake","Golden Idol","Molten Egg 2","Centennial Puzzle","Nunchaku","Pandora\u0027s Box","Lee\u0027s Waffle","Orichalcum","Oddly Smooth Stone","Omamori","Whetstone"],"potions_floor_usage":[12,16,28,31,31,33],"damage_taken":[{"damage":0.0,"enemies":"Jaw Worm","floor":1.0,"turns":4.0},{"damage":1.0,"enemies":"2 Louse","floor":2.0,"turns":3.0},{"damage":13.0,"enemies":"Gremlin Nob","floor":7.0,"turns":4.0},{"damage":1.0,"enemies":"Cultist","floor":11.0,"turns":3.0},{"damage":2,"enemies":"Exordium Thugs","floor":12,"turns":3},{"damage":5,"enemies":"3 Sentries","floor":14,"turns":9},{"damage":40,"enemies":"Slime Boss","floor":16,"turns":12},{"damage":16,"enemies":"Shell Parasite","floor":18,"turns":4},{"damage":5,"enemies":"Chosen","floor":21,"turns":3},{"damage":16,"enemies":"Book of Stabbing","floor":24,"turns":3},{"damage":12,"enemies":"Snake Plant","floor":25,"turns":3},{"damage":43,"enemies":"Slavers","floor":28,"turns":5},{"damage":20,"enemies":"Centurion and Healer","floor":29,"turns":4},{"damage":0,"enemies":"Snecko","floor":31,"turns":3},{"damage":39,"enemies":"Collector","floor":33,"turns":5}],"seed_played":"8744422791125764615","potions_obtained":[{"floor":1.0,"key":"Energy Potion"},{"floor":2.0,"key":"Poison Potion"},{"floor":11.0,"key":"PowerPotion"},{"floor":12,"key":"Poison Potion"},{"floor":25,"key":"GamblersBrew"},{"floor":29,"key":"Weak Potion"}],"is_trial":false,"path_per_floor":["M","M","?","$","?","R","E","R","T","R","M","M","R","E","R","B",null,"M","$","?","M","T","R","E","M","T","R","E","M","$","M","R","B"],"character_chosen":"THE_SILENT","items_purchased":["Leg Sweep","Dagger Throw","Lee\u0027s Waffle","Bane+1","Flying Knee+1","Fruit Juice","SkillPotion","Slice+1"],"campfire_rested":3,"item_purchase_floors":[4,4,19,19,19,30,30,30],"current_hp_per_floor":[45,44,44,44,44,65,52,52,52,52,51,49,49,44,44,4,54,38,77,77,72,72,72,56,44,44,67,24,4,4,9,33,0],"gold":26,"neow_bonus":"TRANSFORM_TWO_CARDS","is_prod":false,"is_daily":false,"chose_seed":false,"campfire_upgraded":5,"win_rate":0,"timestamp":1556114375,"path_taken":["M","M","?","$","?","R","E","R","T","R","M","M","R","E","R","BOSS","M","$","?","?","?","R","E","M","T","R","E","M","$","M","R","BOSS"],"build_version":"2019-01-23","purchased_purges":0,"victory":false,"max_hp_per_floor":[70,70,70,70,70,70,70,70,70,70,70,70,70,70,70,70,70,70,77,77,77,77,77,77,77,77,77,77,77,77,82,82,82],"card_choices":[{"not_picked":["Setup","Poisoned Stab"],"picked":"Deadly Poison","floor":1.0},{"not_picked":["Outmaneuver","PiercingWail"],"picked":"Tactician","floor":2.0},{"not_picked":["Infinite Blades","Expertise"],"picked":"Terror","floor":7.0},{"not_picked":["Distraction","Acrobatics"],"picked":"Slice+1","floor":11.0},{"not_picked":["Deflect","Predator+1"],"picked":"Backstab+1","floor":12},{"not_picked":["All Out Attack+1","After Image"],"picked":"Footwork","floor":14},{"not_picked":["Grand Finale+1","Venomology"],"picked":"Tools of the Trade","floor":16},{"not_picked":["Poisoned Stab+1","Prepared"],"picked":"Deflect+1","floor":18},{"not_picked":["Dagger Throw+1","Noxious Fumes+1"],"picked":"Catalyst","floor":21},{"not_picked":["Infinite Blades","Prepared"],"picked":"Dagger Throw+1","floor":24},{"not_picked":["Blade Dance","Dagger Spray+1"],"picked":"Flying Knee+1","floor":25},{"not_picked":["Flechettes+1","Noxious Fumes"],"picked":"Tactician+1","floor":28},{"not_picked":["Prepared","Leg Sweep+1"],"picked":"Blur+1","floor":29},{"not_picked":["Dodge and Roll","Dagger Throw+1"],"picked":"Glass Knife+1","floor":31}],"player_experience":1416172,"relics_obtained":[{"floor":7.0,"key":"Molten Egg 2"},{"floor":9.0,"key":"Centennial Puzzle"},{"floor":14,"key":"Nunchaku"},{"floor":22,"key":"Orichalcum"},{"floor":24,"key":"Oddly Smooth Stone"},{"floor":26,"key":"Omamori"},{"floor":28,"key":"Whetstone"}],"event_choices":[{"damage_healed":0.0,"max_hp_gain":0.0,"max_hp_loss":0.0,"gold_gain":0.0,"event_name":"World of Goop","player_choice":"Left Gold","floor":3.0,"gold_loss":29.0,"damage_taken":0.0},{"damage_healed":0.0,"max_hp_gain":0.0,"max_hp_loss":0.0,"gold_gain":0.0,"event_name":"Golden Idol","player_choice":"Take Wound","floor":5.0,"gold_loss":0.0,"damage_taken":0.0,"relics_obtained":["Golden Idol"],"cards_obtained":["Injury"]},{"damage_healed":0,"gold_gain":0,"player_choice":"Upgraded","damage_taken":0,"max_hp_gain":0,"max_hp_loss":0,"event_name":"Upgrade Shrine","floor":20,"gold_loss":0,"cards_upgraded":["Deadly Poison"]}],"is_beta":false,"boss_relics":[{"not_picked":["Ectoplasm","Busted Crown"],"picked":"Pandora\u0027s Box"}],"items_purged_floors":[],"is_endless":false,"potions_floor_spawned":[1,2,11,12,25,29],"killed_by":"Collector","ascension_level":7}