{"gold_per_floor":[112,42,59,39,53,53,64,64,64,64,74,74,93,120,120,120],"floor_reached":16,"playtime":5332,"items_purged":[],"score":173,"play_id":"7eb7a7f5-ccaa-4713-85a5-74d44a957c5c","local_time":"20190403221528","is_ascension_mode":true,"campfire_choices":[{"data":"Dropkick","floor":6,"key":"SMITH"},{"data":"Anger","floor":8,"key":"SMITH"},{"data":"Cleave","floor":10,"key":"SMITH"},{"floor":12,"key":"REST"},{"floor":15,"key":"REST"}],"neow_cost":"NONE","seed_source_timestamp":693144888709642,"circlet_count":0,"master_deck":["AscendersBane","Strike_R","Strike_R","Strike_R","Strike_R","Strike_R","Defend_R","Defend_R","Defend_R","Defend_R","Bash+1","Sword Boomerang","Shrug It Off","Cleave+1","Reckless Charge","Dropkick+1","Anger+1","Feel No Pain","Anger","Dark Embrace"],"relics":["Burning Blood","Gambling Chip","Turnip"],"potions_floor_usage":[5,7],"damage_taken":[{"damage":16,"enemies":"Cultist","floor":1,"turns":4},{"damage":6,"enemies":"Jaw Worm","floor":3,"turns":3},{"damage":1,"enemies":"Small Slimes","floor":5,"turns":3},{"damage":11,"enemies":"2 Fungi Beasts","floor":7,"turns":2},{"damage":30,"enemies":"Exordium Wildlife","floor":11,"turns":4},{"damage":11,"enemies":"Looter","floor":13,"turns":2},{"damage":30,"enemies":"Lagavulin","floor":14,"turns":4},{"damage":50,"enemies":"Hexaghost","floor":16,"turns":7}],"seed_played":"561039263574476530","potions_obtained":[{"floor":1,"key":"LiquidBronze"},{"floor":4,"key":"Swift Potion"}],"is_trial":false,"path_per_floor":["M","$","M","?","M","R","M","R","T","R","M","R","M","E","R","B"],"character_chosen":"IRONCLAD","items_purchased":["Shrug It Off","Cleave"],"campfire_rested":2,"item_purchase_floors":[2,2],"current_hp_per_floor":[58,58,58,58,63,63,58,58,58,58,34,56,51,27,49,0],"gold":120,"neow_bonus":"UPGRADE_CARD","is_prod":false,"is_daily":false,"chose_seed":false,"campfire_upgraded":3,"win_rate":0,"timestamp":1554290128,"path_taken":["M","$","?","?","?","R","M","R","T","R","M","R","M","E","R","BOSS"],"build_version":"2019-01-23","purchased_purges":0,"victory":false,"max_hp_per_floor":[75,75,75,75,75,75,75,75,75,75,75,75,75,75,75,75],"card_choices":[{"not_picked":["Dual Wield","Wild Strike"],"picked":"Sword Boomerang","floor":1},{"not_picked":["Wild Strike","Twin Strike"],"picked":"Reckless Charge","floor":3},{"not_picked":["Reckless Charge","Shrug It Off"],"picked":"Dropkick","floor":5},{"not_picked":["Uppercut","Rampage"],"picked":"Anger","floor":7},{"not_picked":["Heavy Blade","Perfected Strike"],"picked":"Feel No Pain","floor":11},{"not_picked":["Cleave","Heavy Blade"],"picked":"Anger","floor":13},{"not_picked":["Shrug It Off","Sword Boomerang"],"picked":"Dark Embrace","floor":14}],"player_experience":1136444,"relics_obtained":[{"floor":9,"key":"Gambling Chip"},{"floor":14,"key":"Turnip"}],"event_choices":[{"damage_healed":0,"gold_gain":0,"player_choice":"Bought 1 Potion","damage_taken":0,"max_hp_gain":0,"max_hp_loss":0,"event_name":"The Woman in Blue","floor":4,"gold_loss":0}],"is_beta":false,"boss_relics":[],"items_purged_floors":[],"is_endless":false,"potions_floor_spawned":[1],"killed_by":"Hexaghost","ascension_level":14}