{"gold_per_floor":[111,124,124,199,199,233,16,16,43,68,88,119,119,119,119,119],"floor_reached":16,"playtime":504,"items_purged":[],"score":239,"play_id":"fd917f21-becf-4353-afb3-9dc23c92d14a","local_time":"20190611001121","is_ascension_mode":true,"campfire_choices":[{"data":"Bash","floor":8,"key":"SMITH"},{"data":"Clothesline","floor":13,"key":"SMITH"},{"floor":15,"key":"REST"}],"neow_cost":"NONE","seed_source_timestamp":122154210079392,"circlet_count":0,"master_deck":["AscendersBane","Strike_R","Strike_R","Strike_R","Defend_R","Defend_R","Defend_R","Defend_R","Bash+1","Armaments","Shrug It Off","Metallicize","Clothesline+1","Pummel","Shrug It Off","Iron Wave"],"relics":["Burning Blood","NeowsBlessing","Golden Idol","Pear","Oddly Smooth Stone","Vajra","Bag of Preparation"],"potions_floor_usage":[12],"damage_taken":[{"damage":0,"enemies":"Jaw Worm","floor":1,"turns":1},{"damage":0,"enemies":"Small Slimes","floor":2,"turns":1},{"damage":0,"enemies":"3 Sentries","floor":6,"turns":2},{"damage":3,"enemies":"2 Louse","floor":10,"turns":3},{"damage":20,"enemies":"Gremlin Gang","floor":11,"turns":9},{"damage":17,"enemies":"Lagavulin","floor":12,"turns":9},{"damage":54,"enemies":"Slime Boss","floor":16,"turns":12}],"seed_played":"-8670152980428998670","potions_obtained":[{"floor":2,"key":"EssenceOfSteel"}],"is_trial":false,"path_per_floor":["M","M","?","?","?","E","$","R","T","M","M","E","R","?","R","B"],"character_chosen":"IRONCLAD","items_purchased":["Oddly Smooth Stone","Clothesline"],"campfire_rested":1,"item_purchase_floors":[7,7],"current_hp_per_floor":[74,75,49,38,31,47,47,47,47,50,36,25,25,25,50,0],"gold":119,"neow_bonus":"THREE_ENEMY_KILL","is_prod":false,"is_daily":false,"chose_seed":false,"campfire_upgraded":2,"win_rate":0,"timestamp":1560204681,"path_taken":["M","M","?","?","?","E","$","R","T","M","?","E","R","?","R","BOSS"],"build_version":"2019-01-23","purchased_purges":0,"victory":false,"max_hp_per_floor":[75,75,75,75,75,85,85,85,85,85,85,85,85,85,85,85],"card_choices":[{"not_picked":["Twin Strike","Sever Soul"],"picked":"Armaments","floor":1},{"not_picked":["Wild Strike","Rampage"],"picked":"Shrug It Off","floor":2},{"not_picked":["Carnage","True Grit"],"picked":"Metallicize","floor":6},{"not_picked":["Wild Strike","Sever Soul","Intimidate"],"picked":"SKIP","floor":10},{"not_picked":["Thunderclap","Warcry"],"picked":"Pummel","floor":11},{"not_picked":["Dual Wield","Evolve"],"picked":"Shrug It Off","floor":12}],"player_experience":739913,"relics_obtained":[{"floor":6,"key":"Pear"},{"floor":9,"key":"Vajra"},{"floor":12,"key":"Bag of Preparation"}],"event_choices":[{"damage_healed":0,"gold_gain":0,"player_choice":"Take Damage","damage_taken":26,"relics_obtained":["Golden Idol"],"max_hp_gain":0,"max_hp_loss":0,"event_name":"Golden Idol","floor":3,"gold_loss":0},{"damage_healed":0,"gold_gain":75,"player_choice":"Gather Gold","damage_taken":11,"max_hp_gain":0,"max_hp_loss":0,"event_name":"World of Goop","floor":4,"gold_loss":0},{"cards_removed":["Strike_R"],"damage_healed":0,"gold_gain":0,"player_choice":"Card Removal","damage_taken":7,"max_hp_gain":0,"max_hp_loss":0,"event_name":"Golden Wing","floor":5,"gold_loss":0},{"damage_healed":0,"gold_gain":0,"cards_transformed":["Strike_R"],"player_choice":"Change","damage_taken":0,"max_hp_gain":0,"max_hp_loss":0,"event_name":"Living Wall","floor":14,"gold_loss":0,"cards_obtained":["Iron Wave"]}],"is_beta":false,"boss_relics":[],"items_purged_floors":[],"is_endless":false,"potions_floor_spawned":[2],"killed_by":"Slime Boss","ascension_level":16}