{"gold_per_floor":[113,132,149,165,165,165,191,191,191,191,224,242,256,281,281,381,381,381,381,286,286,203,203,203,203,203,203,203,203,203,203,203,203,203,203,46,46,46,46,46,46,46,46,46,46,46,46,46,46,46],"floor_reached":51,"playtime":3060,"items_purged":[],"score":1119,"play_id":"b8ee48a1-1b30-463c-91a0-87e1935e9cd9","local_time":"20190620104810","is_ascension_mode":true,"campfire_choices":[{"data":"Perfected Strike","floor":6.0,"key":"SMITH"},{"data":"Intimidate","floor":8.0,"key":"SMITH"},{"data":"Feed","floor":10.0,"key":"SMITH"},{"data":"Armaments","floor":15.0,"key":"SMITH"},{"data":"Offering","floor":23.0,"key":"SMITH"},{"data":"Perfected Strike","floor":25.0,"key":"SMITH"},{"data":"Offering","floor":30.0,"key":"SMITH"},{"data":"J.A.X.","floor":32.0,"key":"SMITH"},{"data":"PanicButton","floor":40.0,"key":"SMITH"},{"data":"Spot Weakness","floor":47,"key":"SMITH"},{"data":"Sword Boomerang","floor":49,"key":"SMITH"}],"neow_cost":"NONE","seed_source_timestamp":474261684571782,"circlet_count":0,"master_deck":["AscendersBane","Strike_R","Strike_R","Strike_R","Strike_R","Strike_R","Defend_R","Defend_R","Defend_R","Defend_R","Bash+1","Intimidate+1","Wild Strike","Perfected Strike+1","Twin Strike","Dramatic Entrance","Feed+1","True Grit","Spot Weakness+1","Armaments+1","Offering+1","Perfected Strike+1","Sentinel+1","PanicButton+1","J.A.X.+1","Offering+1","True Grit","Reaper","Sword Boomerang+1","Metallicize+1","True Grit+1","Disarm+1","Armaments+1"],"special_seed":0,"relics":["Burning Blood","Orichalcum","Meat on the Bone","Peace Pipe","Pen Nib","Ectoplasm","Kunai","Ornamental Fan","Runic Pyramid","Oddly Smooth Stone","Bird Faced Urn","Dodecahedron","Paper Frog","Frozen Egg 2"],"potions_floor_usage":[50,50],"damage_taken":[{"damage":9.0,"enemies":"Jaw Worm","floor":1.0,"turns":5.0},{"damage":1.0,"enemies":"Cultist","floor":2.0,"turns":3.0},{"damage":6.0,"enemies":"2 Louse","floor":3.0,"turns":2.0},{"damage":16.0,"enemies":"Blue Slaver","floor":4.0,"turns":4.0},{"damage":29.0,"enemies":"Gremlin Nob","floor":7.0,"turns":4.0},{"damage":16.0,"enemies":"3 Sentries","floor":11.0,"turns":7.0},{"damage":0.0,"enemies":"Exordium Wildlife","floor":12.0,"turns":3.0},{"damage":0.0,"enemies":"2 Fungi Beasts","floor":13.0,"turns":2.0},{"damage":10.0,"enemies":"Gremlin Nob","floor":14.0,"turns":3.0},{"damage":31.0,"enemies":"Slime Boss","floor":16.0,"turns":12.0},{"damage":6.0,"enemies":"Spheric Guardian","floor":18.0,"turns":3.0},{"damage":18.0,"enemies":"3 Byrds","floor":19.0,"turns":4.0},{"damage":30.0,"enemies":"Snake Plant","floor":21.0,"turns":3.0},{"damage":12.0,"enemies":"Shelled Parasite and Fungi","floor":27.0,"turns":3.0},{"damage":23.0,"enemies":"Book of Stabbing","floor":28.0,"turns":3.0},{"damage":12.0,"enemies":"Sentry and Sphere","floor":29.0,"turns":3.0},{"damage":16.0,"enemies":"Centurion and Healer","floor":31.0,"turns":4.0},{"damage":43.0,"enemies":"Champ","floor":33.0,"turns":6.0},{"damage":22.0,"enemies":"3 Darklings","floor":35.0,"turns":3.0},{"damage":21.0,"enemies":"Mind Bloom Boss Battle","floor":37.0,"turns":6.0},{"damage":19.0,"enemies":"3 Shapes","floor":38.0,"turns":4.0},{"damage":12.0,"enemies":"3 Darklings","floor":42.0,"turns":2.0},{"damage":28.0,"enemies":"4 Shapes","floor":44.0,"turns":4.0},{"damage":9.0,"enemies":"Transient","floor":45.0,"turns":5.0},{"damage":20,"enemies":"Nemesis","floor":46,"turns":5},{"damage":15,"enemies":"3 Darklings","floor":48,"turns":5},{"damage":49,"enemies":"Time Eater","floor":50,"turns":11}],"seed_played":"-4933344319709795404","potions_obtained":[{"floor":3.0,"key":"Fire Potion"},{"floor":4.0,"key":"BloodPotion"},{"floor":13.0,"key":"Block Potion"},{"floor":21.0,"key":"Dexterity Potion"},{"floor":27.0,"key":"SteroidPotion"},{"floor":38.0,"key":"Energy Potion"}],"is_trial":false,"path_per_floor":["M","M","M","M","?","R","E","R","T","R","E","M","M","E","R","B",null,"M","M","$","M","$","R","?","R","T","M","E","M","R","M","R","B",null,"M","$","?","M","T","R","?","M","T","M","M","E","R","M","R","B",null],"character_chosen":"IRONCLAD","items_purchased":["Perfected Strike","Dexterity Potion","PanicButton","Oddly Smooth Stone"],"campfire_rested":0,"item_purchase_floors":[20,20,22,36],"current_hp_per_floor":[69,74,74,64,64,64,49,49,49,49,51,61,71,67,67,58,84,84,76,76,64,64,64,64,64,64,62,57,67,67,61,61,36,90,93,93,99,108,108,108,108,102,102,102,111,103,103,122,122,85],"gold":46,"neow_bonus":"UPGRADE_CARD","is_prod":false,"is_daily":false,"chose_seed":false,"campfire_upgraded":11,"win_rate":0,"timestamp":1561045690,"path_taken":["M","M","M","M","?","R","E","R","T","R","E","M","?","E","R","BOSS","M","M","$","M","$","R","?","R","T","M","E","M","R","M","R","BOSS","M","$","?","M","?","R","?","M","T","?","M","E","R","M","R","BOSS"],"build_version":"2019-01-23","purchased_purges":0,"victory":true,"max_hp_per_floor":[80,80,80,80,80,80,80,80,80,80,80,84,88,88,88,92,92,92,96,96,96,96,96,96,96,96,100,100,104,104,108,108,108,108,112,112,112,116,116,116,110,110,110,114,114,118,118,122,122,122],"card_choices":[{"not_picked":["Warcry","Fire Breathing"],"picked":"Intimidate","floor":1.0},{"not_picked":["Heavy Blade","Corruption"],"picked":"Wild Strike","floor":2.0},{"not_picked":["Heavy Blade","Clothesline"],"picked":"Perfected Strike","floor":3.0},{"not_picked":["Dropkick","Warcry"],"picked":"Twin Strike","floor":4.0},{"not_picked":["Corruption","Clothesline"],"picked":"Feed","floor":7.0},{"not_picked":["Rampage","Pommel Strike"],"picked":"True Grit","floor":11.0},{"not_picked":["Dropkick","Iron Wave","Warcry"],"picked":"SKIP","floor":12.0},{"not_picked":["Shrug It Off","Flex"],"picked":"Spot Weakness","floor":13.0},{"not_picked":["Pummel","Fire Breathing"],"picked":"Armaments","floor":14.0},{"not_picked":["Limit Break","Reaper"],"picked":"Offering","floor":16.0},{"not_picked":["Twin Strike","Armaments","Clash+1"],"picked":"SKIP","floor":18.0},{"not_picked":["Sever Soul+1","Clash","Headbutt"],"picked":"SKIP","floor":19.0},{"not_picked":["Thunderclap+1","Searing Blow"],"picked":"Sentinel+1","floor":21.0},{"not_picked":["Bloodletting+1","Sentinel"],"picked":"Offering","floor":27.0},{"not_picked":["Havoc","Sever Soul"],"picked":"True Grit","floor":28.0},{"not_picked":["Evolve","Cleave","Iron Wave"],"picked":"SKIP","floor":29.0},{"not_picked":["Evolve","Cleave","Iron Wave"],"picked":"SKIP","floor":29.0},{"not_picked":["Armaments","Havoc","Flex"],"picked":"SKIP","floor":31.0},{"not_picked":["Juggernaut","Brutality"],"picked":"Reaper","floor":33.0},{"not_picked":["Thunderclap","True Grit"],"picked":"Sword Boomerang","floor":35.0},{"not_picked":["Anger","Shrug It Off"],"picked":"Metallicize+1","floor":37.0},{"not_picked":["Rage","Shrug It Off","Clothesline"],"picked":"SKIP","floor":38.0},{"not_picked":["Fire Breathing","Headbutt"],"picked":"True Grit+1","floor":42.0},{"not_picked":["Body Slam","Thunderclap","Blood for Blood+1"],"picked":"SKIP","floor":44.0},{"not_picked":["Sever Soul+1","Twin Strike+1"],"picked":"Disarm+1","floor":45.0},{"not_picked":["Carnage","Bloodletting","Anger"],"picked":"SKIP","floor":46},{"not_picked":["Clothesline+1","Headbutt"],"picked":"Armaments+1","floor":48}],"player_experience":92508,"relics_obtained":[{"floor":7.0,"key":"Orichalcum"},{"floor":9.0,"key":"Meat on the Bone"},{"floor":11.0,"key":"Peace Pipe"},{"floor":14.0,"key":"Pen Nib"},{"floor":26.0,"key":"Kunai"},{"floor":28.0,"key":"Ornamental Fan"},{"floor":37.0,"key":"Bird Faced Urn"},{"floor":39.0,"key":"Dodecahedron"},{"floor":43.0,"key":"Paper Frog"},{"floor":46,"key":"Frozen Egg 2"}],"event_choices":[{"damage_healed":0.0,"max_hp_gain":0.0,"max_hp_loss":0.0,"gold_gain":0.0,"event_name":"Match and Keep!","player_choice":"1 cards matched","floor":5.0,"gold_loss":0.0,"damage_taken":0.0,"cards_obtained":["Dramatic Entrance"]},{"damage_healed":0.0,"max_hp_gain":0.0,"max_hp_loss":0.0,"gold_gain":0.0,"event_name":"Drug Dealer","player_choice":"Obtain J.A.X.","floor":24.0,"gold_loss":0.0,"damage_taken":0.0,"cards_obtained":["J.A.X."]},{"damage_healed":0.0,"max_hp_gain":0.0,"max_hp_loss":0.0,"gold_gain":0.0,"event_name":"MindBloom","player_choice":"Fight","floor":37.0,"gold_loss":0.0,"damage_taken":0.0},{"damage_healed":0.0,"max_hp_gain":0.0,"max_hp_loss":6.0,"gold_gain":0.0,"event_name":"Winding Halls","player_choice":"Max HP","floor":41.0,"gold_loss":0.0,"damage_taken":0.0}],"is_beta":false,"boss_relics":[{"not_picked":["Mark of Pain","Astrolabe"],"picked":"Ectoplasm"},{"not_picked":["Orrery","Empty Cage"],"picked":"Runic Pyramid"}],"items_purged_floors":[],"is_endless":false,"potions_floor_spawned":[3,4,13,21,27,29,38,42],"ascension_level":10}