{"gold_per_floor":[109,109,22,41,41,66,80,80,133,153,153,196,37,57,57,150,150,165,18,18,18,28,28,28],"floor_reached":24,"playtime":702,"items_purged":["Strike_G"],"score":460,"play_id":"b103190e-8d41-4366-9fd1-5c9c6283e5dc","local_time":"20190616204735","is_ascension_mode":true,"campfire_choices":[{"data":"Dagger Spray","floor":8,"key":"SMITH"},{"floor":15,"key":"REST"},{"data":"Footwork","floor":23,"key":"SMITH"}],"neow_cost":"NONE","seed_source_timestamp":17878148669786,"circlet_count":0,"master_deck":["AscendersBane","Defend_G","Defend_G","Defend_G","Defend_G","Defend_G","Survivor","Neutralize","Neutralize","Leg Sweep","Poisoned Stab","Crippling Poison","Dagger Spray+1","Footwork+1","Dagger Throw","Footwork","Endless Agony","Corpse Explosion","Dagger Spray","Infinite Blades","PiercingWail","Backflip","Bite","Bite","Bite","Bite","Bite","Slice"],"relics":["Ring of the Snake","NeowsBlessing","Pen Nib","Bag of Marbles","Bloody Idol","Happy Flower","WristBlade"],"potions_floor_usage":[16,16,24],"damage_taken":[{"damage":0,"enemies":"Small Slimes","floor":1,"turns":1},{"damage":0,"enemies":"Cultist","floor":4,"turns":1},{"damage":0,"enemies":"3 Sentries","floor":6,"turns":1},{"damage":0,"enemies":"Jaw Worm","floor":7,"turns":4},{"damage":0,"enemies":"3 Louse","floor":10,"turns":1},{"damage":14,"enemies":"Lagavulin","floor":12,"turns":8},{"damage":9,"enemies":"Large Slime","floor":14,"turns":9},{"damage":36,"enemies":"Slime Boss","floor":16,"turns":9},{"damage":6,"enemies":"Spheric Guardian","floor":18,"turns":6},{"damage":9,"enemies":"2 Thieves","floor":22,"turns":3},{"damage":52,"enemies":"Slavers","floor":24,"turns":3}],"seed_played":"-6635556472906434744","potions_obtained":[{"floor":10,"key":"Strength Potion"},{"floor":12,"key":"EssenceOfSteel"},{"floor":16,"key":"Strength Potion"},{"floor":18,"key":"Weak Potion"}],"is_trial":false,"path_per_floor":["M","?","$","M","?","E","M","R","T","M","?","E","$","M","R","B",null,"M","$","?","?","M","R","E"],"character_chosen":"THE_SILENT","items_purchased":["Leg Sweep","Footwork","Infinite Blades","PiercingWail","Backflip"],"campfire_rested":1,"item_purchase_floors":[3,13,19,19,19],"current_hp_per_floor":[59,59,59,59,59,59,59,59,59,59,59,45,45,36,54,18,50,44,44,42,42,42,42,0],"gold":28,"neow_bonus":"THREE_ENEMY_KILL","is_prod":false,"is_daily":false,"chose_seed":false,"campfire_upgraded":2,"win_rate":0,"timestamp":1560710855,"path_taken":["M","?","$","?","?","E","?","R","T","M","?","E","$","M","R","BOSS","M","$","?","?","M","R","E"],"build_version":"2019-01-23","purchased_purges":1,"victory":false,"max_hp_per_floor":[66,66,66,66,66,66,66,66,66,66,60,60,60,60,60,60,60,60,60,42,42,42,42,42],"card_choices":[{"not_picked":["Prepared","Bane","Blade Dance"],"picked":"SKIP","floor":1},{"not_picked":["Outmaneuver","Reflex"],"picked":"Poisoned Stab","floor":4},{"not_picked":["Prepared","Backstab"],"picked":"Crippling Poison","floor":6},{"not_picked":["Skewer","Quick Slash"],"picked":"Dagger Spray","floor":7},{"not_picked":["Quick Slash","Blade Dance"],"picked":"Footwork","floor":10},{"not_picked":["Setup","Leg Sweep"],"picked":"Dagger Throw","floor":12},{"not_picked":["Riddle With Holes","Quick Slash"],"picked":"Endless Agony","floor":14},{"not_picked":["Phantasmal Killer","Envenom"],"picked":"Corpse Explosion","floor":16},{"not_picked":["Outmaneuver","Dagger Throw"],"picked":"Dagger Spray","floor":18},{"not_picked":["Sucker Punch","Dagger Throw"],"picked":"Slice","floor":22}],"player_experience":775870,"relics_obtained":[{"floor":6,"key":"Pen Nib"},{"floor":9,"key":"Bag of Marbles"},{"floor":12,"key":"Happy Flower"}],"event_choices":[{"damage_healed":0,"gold_gain":0,"player_choice":"1 cards matched","damage_taken":0,"max_hp_gain":0,"max_hp_loss":0,"event_name":"Match and Keep!","floor":2,"gold_loss":0,"cards_obtained":["Neutralize"]},{"cards_removed":["Strike_G"],"damage_healed":0,"gold_gain":0,"player_choice":"Offered Basic","damage_taken":0,"max_hp_gain":0,"max_hp_loss":0,"event_name":"Bonfire Elementals","floor":5,"gold_loss":0},{"damage_healed":0,"gold_gain":0,"player_choice":"Lose Max HP","damage_taken":0,"relics_obtained":["Golden Idol"],"max_hp_gain":0,"max_hp_loss":6,"event_name":"Golden Idol","floor":11,"gold_loss":0},{"damage_healed":0,"gold_gain":0,"player_choice":"Became a vampire","damage_taken":0,"max_hp_gain":0,"max_hp_loss":18,"event_name":"Vampires","floor":20,"gold_loss":0,"cards_obtained":["Bite","Bite","Bite","Bite","Bite"]},{"damage_healed":0,"gold_gain":0,"player_choice":"Gave Idol","damage_taken":0,"relics_obtained":["Bloody Idol"],"max_hp_gain":0,"max_hp_loss":0,"event_name":"Forgotten Altar","floor":21,"relics_lost":["Golden Idol"],"gold_loss":0}],"is_beta":false,"boss_relics":[{"not_picked":["White Beast Statue","Coffee Dripper"],"picked":"WristBlade"}],"items_purged_floors":[13],"is_endless":false,"potions_floor_spawned":[10,12,16,18],"killed_by":"Slavers","ascension_level":18}