{"gold_per_floor":[119,119,139,117,67,96,96,9,60,73,101,113,125,155,167,275,287,318,330,342,354,391,403,447,459,496,76,76,76,76,92,92,188,188,201,201,201,216,216,216,230,230,278,313,313,313],"floor_reached":46,"playtime":31320,"items_purged":["Strike_R"],"score":641,"play_id":"5486eb40-9917-46cf-baac-fbba01d7a43e","local_time":"20190216002214","is_ascension_mode":true,"campfire_choices":[{"data":"Combust","floor":7.0,"key":"SMITH"},{"floor":13.0,"key":"REST"},{"data":"Power Through","floor":15.0,"key":"SMITH"},{"floor":23.0,"key":"REST"},{"floor":25.0,"key":"REST"},{"data":"Rupture","floor":30.0,"key":"SMITH"},{"data":"Inflame","floor":32.0,"key":"SMITH"},{"floor":40.0,"key":"REST"},{"floor":42.0,"key":"REST"}],"neow_cost":"NONE","seed_source_timestamp":137676844038083,"circlet_count":0,"master_deck":["Strike_R+1","Defend_R","Bash+1","Shockwave","Combust+1","Flex+1","Rupture","Flex","Inflame+1","Sever Soul","Power Through+1","Reaper","Body Slam+1","Perfected Strike+1","Metallicize+1","Entrench+1","RitualDagger","Shrug It Off","Heavy Blade+1","Rupture+1","Twin Strike","Fiend Fire","Body Slam+1","Wild Strike","Bloodletting+1","Battle Trance+1","Reaper"],"special_seed":0,"relics":["Burning Blood","Anchor","Ancient Tea Set","MawBank","Astrolabe","Nilry\u0027s Codex","Red Mask","Mercury Hourglass","Omamori","Toy Ornithopter","Empty Cage","Art of War","Dodecahedron"],"potions_floor_usage":[],"damage_taken":[{"damage":4.0,"enemies":"2 Louse","floor":1.0,"turns":3.0},{"damage":2.0,"enemies":"Cultist","floor":3.0,"turns":4.0},{"damage":31.0,"enemies":"3 Sentries","floor":6.0,"turns":7.0},{"damage":2.0,"enemies":"Jaw Worm","floor":10.0,"turns":2.0},{"damage":30.0,"enemies":"Gremlin Nob","floor":11.0,"turns":4.0},{"damage":1.0,"enemies":"Looter","floor":14.0,"turns":2.0},{"damage":43.0,"enemies":"The Guardian","floor":16.0,"turns":12.0},{"damage":19.0,"enemies":"Chosen","floor":18.0,"turns":5.0},{"damage":26.0,"enemies":"Masked Bandits","floor":22.0,"turns":4.0},{"damage":44.0,"enemies":"Gremlin Leader","floor":24.0,"turns":8.0},{"damage":20.0,"enemies":"Shell Parasite","floor":31.0,"turns":5.0},{"damage":71.0,"enemies":"Automaton","floor":33.0,"turns":7.0},{"damage":52.0,"enemies":"3 Darklings","floor":35.0,"turns":7.0},{"damage":36.0,"enemies":"3 Shapes","floor":38.0,"turns":3.0},{"damage":34.0,"enemies":"3 Darklings","floor":41.0,"turns":6.0},{"damage":40.0,"enemies":"Giant Head","floor":44.0,"turns":8.0},{"damage":78,"enemies":"Reptomancer","floor":46,"turns":3}],"seed_played":"-5318994192732874562","potions_obtained":[{"floor":2.0,"key":"Fire Potion"},{"floor":2.0,"key":"Weak Potion"},{"floor":2.0,"key":"Ancient Potion"},{"floor":3.0,"key":"PowerPotion"},{"floor":10.0,"key":"FairyPotion"},{"floor":11.0,"key":"Dexterity Potion"},{"floor":22.0,"key":"Weak Potion"},{"floor":38.0,"key":"Weak Potion"}],"is_trial":false,"path_per_floor":["M","?","M","?","?","E","R","$","T","M","E","?","R","M","R","B",null,"M","?","?","$","?","R","E","R","T","$","?","$","R","M","R","B",null,"M","?","?","M","?","R","M","R","T","E","?","E"],"character_chosen":"IRONCLAD","items_purchased":["Rupture","Flex","Rupture","Toy Ornithopter","PowerPotion","Flame Barrier"],"campfire_rested":5,"item_purchase_floors":[8,8,27,27,27,27],"current_hp_per_floor":[80,80,80,80,80,55,55,55,55,59,35,19,43,48,48,11,63,50,34,28,28,28,52,35,59,59,59,80,80,80,66,66,25,66,20,20,40,10,10,34,23,47,47,18,18,0],"gold":313,"neow_bonus":"UPGRADE_CARD","is_prod":false,"is_daily":false,"chose_seed":false,"campfire_upgraded":4,"win_rate":0,"timestamp":1550236934,"path_taken":["M","?","?","?","?","E","R","?","T","M","E","?","R","M","R","BOSS","M","?","?","$","?","R","E","R","T","$","?","?","R","M","R","BOSS","M","?","?","M","?","R","M","R","T","E","?","E"],"build_version":"2019-01-23","purchased_purges":1,"victory":false,"max_hp_per_floor":[80,80,80,80,80,80,80,80,80,80,80,80,80,80,80,80,80,80,80,80,80,80,80,80,80,80,80,80,80,80,80,80,80,80,80,80,80,80,80,80,80,80,80,80,80,80],"card_choices":[{"not_picked":["Thunderclap","Headbutt"],"picked":"Shockwave","floor":1.0},{"not_picked":["Reckless Charge","Intimidate"],"picked":"Combust","floor":3.0},{"not_picked":["Twin Strike","Metallicize"],"picked":"Flex","floor":6.0},{"not_picked":["Iron Wave","Second Wind"],"picked":"Inflame","floor":10.0},{"not_picked":["Burning Pact","True Grit"],"picked":"Sever Soul","floor":11.0},{"not_picked":["Clothesline","Sword Boomerang"],"picked":"Power Through","floor":14.0},{"not_picked":["Limit Break","Exhume"],"picked":"Reaper","floor":16.0},{"not_picked":["Hemokinesis","Second Wind"],"picked":"Entrench+1","floor":18.0},{"not_picked":["Headbutt","Armaments"],"picked":"Shrug It Off","floor":22.0},{"not_picked":["Spot Weakness","Dual Wield"],"picked":"Heavy Blade+1","floor":24.0},{"not_picked":["Fire Breathing","Pommel Strike"],"picked":"Twin Strike","floor":31.0},{"not_picked":["Immolate","Barricade"],"picked":"Fiend Fire","floor":33.0},{"not_picked":["Clash+1","Fire Breathing+1"],"picked":"Body Slam+1","floor":35.0},{"not_picked":["Burning Pact+1","Whirlwind+1"],"picked":"Wild Strike","floor":38.0},{"not_picked":["Feel No Pain","Whirlwind+1"],"picked":"Bloodletting+1","floor":41.0},{"not_picked":["Brutality","Clash+1"],"picked":"Battle Trance+1","floor":44.0}],"player_experience":497503,"relics_obtained":[{"floor":6.0,"key":"Anchor"},{"floor":9.0,"key":"Ancient Tea Set"},{"floor":11.0,"key":"MawBank"},{"floor":19.0,"key":"Nilry\u0027s Codex"},{"floor":22.0,"key":"Red Mask"},{"floor":24.0,"key":"Mercury Hourglass"},{"floor":26.0,"key":"Omamori"},{"floor":43.0,"key":"Art of War"},{"floor":44.0,"key":"Dodecahedron"}],"event_choices":[{"damage_healed":0.0,"max_hp_gain":0.0,"max_hp_loss":0.0,"gold_gain":0.0,"event_name":"Lab","player_choice":"Got Potions","floor":2.0,"gold_loss":0.0,"damage_taken":0.0},{"damage_healed":0.0,"max_hp_gain":0.0,"max_hp_loss":0.0,"gold_gain":0.0,"event_name":"World of Goop","player_choice":"Left Gold","floor":4.0,"gold_loss":22.0,"damage_taken":0.0},{"cards_removed":["Strike_R"],"damage_healed":0.0,"max_hp_gain":0.0,"max_hp_loss":0.0,"gold_gain":0.0,"event_name":"The Cleric","player_choice":"Card Removal","floor":5.0,"gold_loss":50.0,"damage_taken":0.0},{"damage_healed":0.0,"max_hp_gain":0.0,"max_hp_loss":0.0,"gold_gain":0.0,"event_name":"Shining Light","player_choice":"Entered Light","floor":12.0,"gold_loss":0.0,"damage_taken":16.0,"cards_upgraded":["Flex","Strike_R"]},{"damage_healed":0.0,"max_hp_gain":0.0,"max_hp_loss":0.0,"gold_gain":0.0,"event_name":"Cursed Tome","player_choice":"Obtained Book","floor":19.0,"gold_loss":0.0,"damage_taken":16.0},{"damage_healed":0.0,"max_hp_gain":0.0,"max_hp_loss":0.0,"gold_gain":0.0,"event_name":"Nest","player_choice":"Joined the Cult","floor":20.0,"gold_loss":0.0,"damage_taken":6.0,"cards_obtained":["RitualDagger"]},{"damage_healed":0.0,"max_hp_gain":0.0,"max_hp_loss":0.0,"gold_gain":0.0,"event_name":"Masked Bandits","player_choice":"Fought Bandits","floor":22.0,"gold_loss":0.0,"damage_taken":0.0},{"damage_healed":26.0,"max_hp_gain":0.0,"max_hp_loss":0.0,"gold_gain":0.0,"event_name":"The Library","player_choice":"Heal","floor":28.0,"gold_loss":0.0,"damage_taken":0.0},{"cards_removed":["Flame Barrier"],"damage_healed":0.0,"max_hp_gain":0.0,"max_hp_loss":0.0,"gold_gain":0.0,"event_name":"Falling","player_choice":"Removed Skill","floor":36.0,"gold_loss":0.0,"damage_taken":0.0},{"damage_healed":20.0,"max_hp_gain":0.0,"max_hp_loss":0.0,"gold_gain":0.0,"event_name":"Winding Halls","player_choice":"Writhe","floor":37.0,"gold_loss":0.0,"damage_taken":0.0,"cards_obtained":["Writhe"]},{"damage_healed":0.0,"max_hp_gain":0.0,"max_hp_loss":0.0,"gold_gain":0.0,"event_name":"Tomb of Lord Red Mask","player_choice":"Ignored","floor":39.0,"gold_loss":0.0,"damage_taken":0.0},{"damage_healed":0.0,"max_hp_gain":0.0,"max_hp_loss":0.0,"gold_gain":0.0,"event_name":"Duplicator","player_choice":"Copied","floor":45.0,"gold_loss":0.0,"damage_taken":0.0,"cards_obtained":["Reaper"]}],"is_beta":false,"boss_relics":[{"not_picked":["Cursed Key","Runic Pyramid"],"picked":"Astrolabe"},{"not_picked":["Eternal Feather","Black Star"],"picked":"Empty Cage"}],"items_purged_floors":[27],"is_endless":false,"potions_floor_spawned":[3,10,11,22,31,38],"killed_by":"Reptomancer","ascension_level":5}