{"gold_per_floor":[117,133,146,196,46,80,80,107,134,149,161,1,1,33,33,104,104,119,138,138,138,138,171,195,237,249,276,288,326,372,404,416,428],"floor_reached":33,"playtime":1241,"items_purged":[],"score":740,"play_id":"f519fb3c-fd90-41e7-b561-4b8bee9331aa","local_time":"20190526234120","is_ascension_mode":true,"campfire_choices":[{"data":"Whirlwind","floor":7,"key":"SMITH"},{"data":"Shrug It Off","floor":13,"key":"SMITH"},{"data":"Bash","floor":15,"key":"SMITH"},{"data":"Limit Break","floor":28,"key":"SMITH"},{"data":"Armaments","floor":32,"key":"SMITH"}],"neow_cost":"NONE","seed_source_timestamp":774885732821828,"circlet_count":0,"master_deck":["AscendersBane","Bash+1","Whirlwind+1","Spot Weakness","Reaper","Shockwave","Shrug It Off+1","Inflame","Sword Boomerang","Sword Boomerang","Demon Form","Sentinel","Infernal Blade","Heavy Blade","Anger","Blood for Blood","Twin Strike","Wild Strike","Burning Pact","Ghostly Armor","Limit Break+1","Barricade","Armaments+1","Twin Strike"],"relics":["Burning Blood","PreservedInsect","Omamori","Boot","Oddly Smooth Stone","Lantern","FossilizedHelix","Pandora\u0027s Box","MawBank","Thread and Needle","Charon\u0027s Ashes","Anchor","Singing Bowl"],"potions_floor_usage":[6,6,23,25,30],"damage_taken":[{"damage":6,"enemies":"Jaw Worm","floor":1,"turns":5},{"damage":12,"enemies":"Cultist","floor":2,"turns":4},{"damage":8,"enemies":"2 Louse","floor":3,"turns":2},{"damage":18,"enemies":"Gremlin Nob","floor":6,"turns":4},{"damage":15,"enemies":"Lagavulin","floor":8,"turns":4},{"damage":11,"enemies":"Blue Slaver","floor":10,"turns":5},{"damage":6,"enemies":"2 Fungi Beasts","floor":11,"turns":3},{"damage":0,"enemies":"Gremlin Nob","floor":14,"turns":2},{"damage":12,"enemies":"Slime Boss","floor":16,"turns":8},{"damage":0,"enemies":"Chosen","floor":18,"turns":3},{"damage":0,"enemies":"3 Byrds","floor":19,"turns":5},{"damage":39,"enemies":"Book of Stabbing","floor":23,"turns":4},{"damage":34,"enemies":"Shelled Parasite and Fungi","floor":24,"turns":5},{"damage":0,"enemies":"Gremlin Leader","floor":25,"turns":4},{"damage":40,"enemies":"Sentry and Sphere","floor":27,"turns":5},{"damage":0,"enemies":"Book of Stabbing","floor":30,"turns":4},{"damage":3,"enemies":"Snecko","floor":31,"turns":5},{"damage":84,"enemies":"Collector","floor":33,"turns":6}],"seed_played":"5482696782636730051","potions_obtained":[{"floor":1,"key":"Block Potion"},{"floor":3,"key":"Weak Potion"},{"floor":10,"key":"Energy Potion"},{"floor":11,"key":"SteroidPotion"},{"floor":24,"key":"Explosive Potion"},{"floor":27,"key":"Weak Potion"}],"is_trial":false,"path_per_floor":["M","M","M","?","$","E","R","E","T","M","M","$","R","E","R","B",null,"M","M","$","?","?","E","M","E","T","M","R","T","E","M","R","B"],"character_chosen":"IRONCLAD","items_purchased":["Reaper","Lantern"],"campfire_rested":0,"item_purchase_floors":[5,12],"current_hp_per_floor":[68,62,60,60,60,49,49,40,40,45,49,49,49,55,55,49,69,75,75,75,75,75,57,42,75,75,41,41,41,47,74,74,0],"gold":428,"neow_bonus":"RANDOM_COMMON_RELIC","is_prod":false,"is_daily":false,"chose_seed":false,"campfire_upgraded":5,"win_rate":0,"timestamp":1558935680,"path_taken":["M","M","M","?","$","E","R","E","T","M","?","?","R","E","R","BOSS","M","?","$","?","?","E","M","E","T","M","R","?","E","M","R","BOSS"],"build_version":"2019-01-23","purchased_purges":0,"victory":false,"max_hp_per_floor":[75,75,75,75,75,75,75,75,75,75,75,75,75,75,75,75,75,75,75,75,75,75,75,75,75,75,75,75,75,75,75,75,75],"card_choices":[{"not_picked":["Twin Strike","Blood for Blood"],"picked":"Whirlwind","floor":1},{"not_picked":["Clash","Cleave","Second Wind"],"picked":"SKIP","floor":2},{"not_picked":["Thunderclap","Armaments"],"picked":"Spot Weakness","floor":3},{"not_picked":["Second Wind","Fire Breathing"],"picked":"Shockwave","floor":6},{"not_picked":["Thunderclap","True Grit"],"picked":"Shrug It Off","floor":8},{"not_picked":["Warcry","Intimidate"],"picked":"Inflame","floor":10},{"not_picked":["Cleave","Twin Strike"],"picked":"Sword Boomerang","floor":11},{"not_picked":["Wild Strike","Armaments"],"picked":"Sword Boomerang","floor":14},{"not_picked":["Berserk","Juggernaut"],"picked":"Demon Form","floor":16},{"not_picked":["Clash","Infernal Blade"],"picked":"Ghostly Armor","floor":18},{"not_picked":["Searing Blow","Body Slam","Perfected Strike"],"picked":"SKIP","floor":19},{"not_picked":["Clash","Thunderclap"],"picked":"Limit Break","floor":23},{"not_picked":["Flex","Pommel Strike","Body Slam"],"picked":"SKIP","floor":24},{"not_picked":["Iron Wave","Berserk"],"picked":"Barricade","floor":25},{"not_picked":["Flex+1","Wild Strike","Infernal Blade"],"picked":"SKIP","floor":27},{"not_picked":["Havoc","Iron Wave"],"picked":"Armaments","floor":30},{"not_picked":["Wild Strike","Body Slam"],"picked":"Twin Strike","floor":31}],"player_experience":913405,"relics_obtained":[{"floor":6,"key":"Omamori"},{"floor":8,"key":"Boot"},{"floor":9,"key":"Oddly Smooth Stone"},{"floor":14,"key":"FossilizedHelix"},{"floor":23,"key":"MawBank"},{"floor":25,"key":"Thread and Needle"},{"floor":26,"key":"Charon\u0027s Ashes"},{"floor":29,"key":"Anchor"},{"floor":30,"key":"Singing Bowl"}],"event_choices":[{"damage_healed":0,"gold_gain":50,"player_choice":"Pray","damage_taken":0,"max_hp_gain":0,"max_hp_loss":0,"event_name":"Golden Shrine","floor":4,"gold_loss":0},{"damage_healed":0,"gold_gain":0,"player_choice":"Ignored","damage_taken":0,"max_hp_gain":0,"max_hp_loss":0,"event_name":"Vampires","floor":21,"gold_loss":0},{"cards_removed":["Warcry"],"damage_healed":0,"gold_gain":0,"player_choice":"Elegance","damage_taken":0,"max_hp_gain":0,"max_hp_loss":0,"event_name":"Back to Basics","floor":22,"gold_loss":0}],"is_beta":false,"boss_relics":[{"not_picked":["Astrolabe","Ectoplasm"],"picked":"Pandora\u0027s Box"}],"items_purged_floors":[],"is_endless":false,"potions_floor_spawned":[1,3,10,11,14,16,19,24,27],"killed_by":"Collector","ascension_level":17}