{"gold_per_floor":[118,43,43,61,61,78,78,97,151,151],"floor_reached":10,"playtime":500,"items_purged":["Strike_G"],"score":110,"play_id":"4e066e14-51cd-4b1f-98c4-731244927d36","local_time":"20190615144605","is_ascension_mode":true,"campfire_choices":[{"data":"Footwork","floor":7,"key":"SMITH"}],"neow_cost":"NONE","seed_source_timestamp":2147838448990,"circlet_count":0,"master_deck":["AscendersBane","Defend_G","Defend_G","Defend_G","Defend_G","Defend_G","Strike_G","Strike_G","Strike_G","Survivor","Neutralize+1","Quick Slash","Deadly Poison","Footwork+1","Poisoned Stab"],"relics":["Ring of the Snake","Omamori","Vajra"],"potions_floor_usage":[],"damage_taken":[{"damage":1,"enemies":"Small Slimes","floor":1,"turns":5},{"damage":0,"enemies":"Cultist","floor":4,"turns":4},{"damage":1,"enemies":"Jaw Worm","floor":6,"turns":3},{"damage":23,"enemies":"Lots of Slimes","floor":8,"turns":7},{"damage":37,"enemies":"3 Sentries","floor":10,"turns":10}],"seed_played":"3856704335138970585","potions_obtained":[{"floor":4,"key":"Regen Potion"}],"is_trial":false,"path_per_floor":["M","$","?","M","?","M","R","M","T","E"],"character_chosen":"THE_SILENT","items_purchased":[],"campfire_rested":0,"item_purchase_floors":[],"current_hp_per_floor":[58,58,58,58,58,57,57,34,34,0],"gold":151,"neow_bonus":"UPGRADE_CARD","is_prod":false,"is_daily":false,"chose_seed":false,"campfire_upgraded":1,"win_rate":0,"timestamp":1560602765,"path_taken":["M","$","?","?","?","M","R","?","T","E"],"build_version":"2019-01-23","purchased_purges":1,"victory":false,"max_hp_per_floor":[66,66,66,66,66,66,66,66,66,66],"card_choices":[{"not_picked":["Slice","Underhanded Strike"],"picked":"Quick Slash","floor":1},{"not_picked":["Dagger Spray","PiercingWail"],"picked":"Deadly Poison","floor":4},{"not_picked":["Calculated Gamble","Bouncing Flask"],"picked":"Footwork","floor":6},{"not_picked":["Deadly Poison","Bane"],"picked":"Poisoned Stab","floor":8}],"player_experience":774441,"relics_obtained":[{"floor":9,"key":"Vajra"}],"event_choices":[{"cards_removed":["Strike_G"],"damage_healed":0,"gold_gain":0,"player_choice":"Offered Basic","damage_taken":0,"max_hp_gain":0,"max_hp_loss":0,"event_name":"Bonfire Elementals","floor":3,"gold_loss":0},{"damage_healed":0,"gold_gain":0,"player_choice":"Gave Potion","damage_taken":0,"relics_obtained":["Omamori"],"max_hp_gain":0,"max_hp_loss":0,"event_name":"WeMeetAgain","floor":5,"gold_loss":0}],"is_beta":false,"boss_relics":[],"items_purged_floors":[2],"is_endless":false,"potions_floor_spawned":[4],"killed_by":"3 Sentries","ascension_level":18}