{"gold_per_floor":[116,116,116,116,116,116,141,151,227,227,242,192,206,218,218,315,315,334,334,334,75,0,18,18,45,68,68,101,101,26,44,44,140,190,201,201,212,212,37,69,69,15,15,15,34,34,66,66,66,66],"floor_reached":51,"playtime":1881,"items_purged":["Defend_R","Clash+1"],"score":965,"play_id":"dcdba154-bd09-4197-a7ba-0e4a9a87258f","local_time":"20190605214825","is_ascension_mode":true,"campfire_choices":[{"data":"Perfected Strike","floor":6,"key":"SMITH"},{"data":"Disarm","floor":10,"key":"SMITH"},{"data":"Disarm","floor":15,"key":"SMITH"},{"data":"Evolve","floor":24,"key":"SMITH"},{"data":"Shrug It Off","floor":27,"key":"SMITH"},{"floor":29,"key":"REST"},{"data":"Offering","floor":32,"key":"SMITH"},{"data":"Demon Form","floor":41,"key":"SMITH"},{"floor":44,"key":"REST"},{"floor":46,"key":"REST"},{"data":"Flame Barrier","floor":49,"key":"SMITH"}],"neow_cost":"NONE","seed_source_timestamp":202608714306496,"circlet_count":0,"master_deck":["Strike_R","Strike_R","Strike_R","Strike_R","Defend_R","Defend_R","Bash","Perfected Strike+1","Battle Trance+1","Disarm+1","Disarm+1","Pommel Strike+1","Evolve+1","Shrug It Off+1","Offering+1","Perfected Strike+1","Pommel Strike+1","Clash+1","Demon Form+1","Clothesline+1","Disarm+1","Blood for Blood+1","Uppercut+1","Perfected Strike+1","Twin Strike+1","Flame Barrier+1"],"relics":["Burning Blood","NeowsBlessing","Pantograph","Darkstone Periapt","Molten Egg 2","Snecko Eye","Meat on the Bone","Pear","Centennial Puzzle","Bronze Scales","Tiny House","Boot","Bottled Flame","Dodecahedron"],"potions_floor_usage":[13,16,31,31,37,50,50],"damage_taken":[{"damage":0,"enemies":"Small Slimes","floor":1,"turns":1},{"damage":0,"enemies":"Lagavulin","floor":7,"turns":1},{"damage":0,"enemies":"Jaw Worm","floor":8,"turns":1},{"damage":2,"enemies":"2 Louse","floor":11,"turns":3},{"damage":8,"enemies":"Exordium Wildlife","floor":13,"turns":5},{"damage":13,"enemies":"3 Louse","floor":14,"turns":4},{"damage":50,"enemies":"Slime Boss","floor":16,"turns":11},{"damage":19,"enemies":"Spheric Guardian","floor":18,"turns":4},{"damage":45,"enemies":"Colosseum Slavers","floor":19,"turns":4},{"damage":12,"enemies":"Chosen","floor":23,"turns":4},{"damage":32,"enemies":"Book of Stabbing","floor":25,"turns":6},{"damage":19,"enemies":"Slavers","floor":28,"turns":5},{"damage":18,"enemies":"Shelled Parasite and Fungi","floor":31,"turns":2},{"damage":55,"enemies":"Automaton","floor":33,"turns":6},{"damage":43,"enemies":"3 Shapes","floor":35,"turns":3},{"damage":9,"enemies":"Orb Walker","floor":37,"turns":2},{"damage":21,"enemies":"Reptomancer","floor":40,"turns":6},{"damage":35,"enemies":"Jaw Worm Horde","floor":45,"turns":3},{"damage":14,"enemies":"Giant Head","floor":47,"turns":5},{"damage":84,"enemies":"Awakened One","floor":50,"turns":9}],"seed_played":"-1926921770346160047","potions_obtained":[{"floor":1,"key":"Energy Potion"},{"floor":8,"key":"Poison Potion"},{"floor":13,"key":"FearPotion"},{"floor":16,"key":"Ancient Potion"},{"floor":25,"key":"BloodPotion"},{"floor":28,"key":"Regen Potion"},{"floor":33,"key":"SpeedPotion"},{"floor":34,"key":"Dexterity Potion"},{"floor":45,"key":"SkillPotion"},{"floor":47,"key":"EssenceOfSteel"}],"is_trial":false,"path_per_floor":["?","?","?","M","?","?","?","?","?","$","M"],"character_chosen":"IRONCLAD","items_purchased":["Pommel Strike+1","Meat on the Bone","Blood for Blood+1","Perfected Strike+1"],"campfire_rested":3,"item_purchase_floors":[12,21,39,42],"current_hp_per_floor":[80,80,85,85,73,73,79,85,85,85,85,85,83,76,76,41,74,61,22,50,50,50,56,56,52,52,52,51,79,79,81,81,58,91,66,66,63,63,63,60,60,60,60,90,61,91,83,83,83,34],"gold":66,"neow_bonus":"THREE_ENEMY_KILL","is_prod":false,"is_daily":false,"chose_seed":false,"campfire_upgraded":8,"win_rate":0,"timestamp":1559764105,"path_taken":["M","?","?","$","?","R","E","M","T","R","?","$","M","M","R","BOSS","M","?","?","$","?","M","R","E","T","R","E","R","$","M","R","BOSS","M","?","M","?","$","E","R","?","T","R","?","R","E","$","R","BOSS"],"build_version":"2019-01-23","purchased_purges":2,"victory":true,"max_hp_per_floor":[80,80,85,85,85,85,85,85,85,85,85,85,85,85,85,85,85,85,85,85,85,85,85,85,95,95,95,95,95,95,95,95,95,100,100,100,100,100,100,100,100,100,100,100,100,100,100,100,100,100],"card_choices":[{"not_picked":["Blood for Blood","Fire Breathing"],"picked":"Perfected Strike","floor":1},{"not_picked":["True Grit","Carnage"],"picked":"Battle Trance","floor":7},{"not_picked":["Shrug It Off","Sword Boomerang"],"picked":"Disarm","floor":8},{"not_picked":["Anger+1","Rupture"],"picked":"Disarm","floor":11},{"not_picked":["Body Slam+1","Clash+1"],"picked":"Evolve","floor":13},{"not_picked":["Headbutt+1","Sword Boomerang+1"],"picked":"Shrug It Off","floor":14},{"not_picked":["Bludgeon+1","Double Tap"],"picked":"Offering","floor":16},{"not_picked":["Combust","Clash+1","Warcry+1"],"picked":"SKIP","floor":18},{"not_picked":["Sentinel","Clothesline+1"],"picked":"Perfected Strike+1","floor":23},{"not_picked":["Headbutt+1","Uppercut+1"],"picked":"Pommel Strike+1","floor":25},{"not_picked":["Ghostly Armor+1","Thunderclap+1"],"picked":"Clash+1","floor":28},{"not_picked":["Sword Boomerang+1","Twin Strike+1"],"picked":"Clash+1","floor":31},{"not_picked":["Brutality","Barricade"],"picked":"Demon Form","floor":33},{"not_picked":["Thunderclap+1","Shrug It Off"],"picked":"Clothesline+1","floor":34},{"not_picked":["Cleave+1","Havoc","Anger+1"],"picked":"SKIP","floor":35},{"not_picked":["Bloodletting","Sentinel"],"picked":"Disarm+1","floor":37},{"not_picked":["Limit Break","Pommel Strike+1"],"picked":"Uppercut+1","floor":40},{"not_picked":["Rupture+1","Inflame+1"],"picked":"Twin Strike+1","floor":45},{"not_picked":["Carnage+1","True Grit+1"],"picked":"Flame Barrier","floor":47}],"player_experience":26912,"relics_obtained":[{"floor":7,"key":"Darkstone Periapt"},{"floor":9,"key":"Molten Egg 2"},{"floor":25,"key":"Pear"},{"floor":26,"key":"Centennial Puzzle"},{"floor":28,"key":"Bronze Scales"},{"floor":40,"key":"Boot"},{"floor":43,"key":"Bottled Flame"},{"floor":47,"key":"Dodecahedron"}],"event_choices":[{"damage_healed":0,"gold_gain":0,"player_choice":"Leave","damage_taken":0,"max_hp_gain":0,"max_hp_loss":0,"event_name":"The Cleric","floor":2,"gold_loss":0},{"damage_healed":0,"gold_gain":0,"player_choice":"Donut","damage_taken":0,"max_hp_gain":5,"max_hp_loss":0,"event_name":"Big Fish","floor":3,"gold_loss":0},{"damage_healed":0,"gold_gain":0,"player_choice":"Success","damage_taken":12,"relics_obtained":["Pantograph"],"max_hp_gain":0,"max_hp_loss":0,"event_name":"Scrap Ooze","floor":5,"gold_loss":0},{"damage_healed":0,"gold_gain":0,"player_choice":"Fight","damage_taken":0,"max_hp_gain":0,"max_hp_loss":0,"event_name":"Colosseum","floor":19,"gold_loss":0},{"damage_healed":0,"gold_gain":0,"player_choice":"Fled From Nobs","damage_taken":0,"max_hp_gain":0,"max_hp_loss":0,"event_name":"Colosseum","floor":19,"gold_loss":0},{"damage_healed":28,"gold_gain":0,"player_choice":"Heal","damage_taken":0,"max_hp_gain":0,"max_hp_loss":0,"event_name":"The Library","floor":20,"gold_loss":0},{"cards_removed":["Defend_R"],"damage_healed":0,"gold_gain":0,"player_choice":"Gave Gold","damage_taken":0,"max_hp_gain":0,"max_hp_loss":0,"event_name":"Beggar","floor":22,"gold_loss":75},{"cards_removed":["Strike_R"],"damage_healed":0,"gold_gain":0,"player_choice":"Removed Attack","damage_taken":0,"max_hp_gain":0,"max_hp_loss":0,"event_name":"Falling","floor":36,"gold_loss":0},{"damage_healed":0,"gold_gain":0,"player_choice":"Ignored","damage_taken":0,"max_hp_gain":0,"max_hp_loss":0,"event_name":"Tomb of Lord Red Mask","floor":38,"gold_loss":0}],"is_beta":false,"boss_relics":[{"not_picked":["Philosopher\u0027s Stone","Fusion Hammer"],"picked":"Snecko Eye"},{"not_picked":["Black Blood","Lizard Tail"],"picked":"Tiny House"}],"items_purged_floors":[30,39],"is_endless":false,"potions_floor_spawned":[1,8,13,16,25,28,33,35,45,47],"ascension_level":5}