{"gold_per_floor":[117,128,141,316,316,348,348,363,386,386,32,48,62,93,93,194,194,208,208,222,242,259,259,259],"floor_reached":24,"playtime":4688,"items_purged":["Strike_G"],"score":231,"play_id":"49b56ea1-27d0-46d6-8019-c884fac08761","local_time":"20190201213420","is_ascension_mode":true,"campfire_choices":[{"floor":7.0,"key":"REST"},{"floor":15,"key":"REST"},{"floor":23,"key":"REST"}],"neow_cost":"NONE","seed_source_timestamp":256381108414928,"circlet_count":0,"master_deck":["Defend_G+1","Defend_G","Defend_G","Defend_G+1","Defend_G","Strike_G","Strike_G","Strike_G","Strike_G","Survivor","Neutralize","Caltrops","Dagger Throw","Infinite Blades","All Out Attack","Malaise","Cloak And Dagger+1","Tools of the Trade","Underhanded Strike","Sucker Punch","Accuracy","Skewer","Footwork","Bullet Time","Dagger Throw","Flying Knee","Accuracy","Terror","Underhanded Strike","Cloak And Dagger+1","Cloak And Dagger+1","Blade Dance","Expertise+1","Blade Dance"],"special_seed":0,"relics":["Ring of the Snake","Dream Catcher","War Paint","Ornamental Fan","Bag of Marbles","Orrery","Mango"],"potions_floor_usage":[16,20,22,24],"damage_taken":[{"damage":6.0,"enemies":"2 Louse","floor":1.0,"turns":4.0},{"damage":0.0,"enemies":"Jaw Worm","floor":2.0,"turns":4.0},{"damage":7.0,"enemies":"Small Slimes","floor":3.0,"turns":4.0},{"damage":24.0,"enemies":"Gremlin Nob","floor":6.0,"turns":4.0},{"damage":11.0,"enemies":"Red Slaver","floor":8.0,"turns":4.0},{"damage":7.0,"enemies":"Exordium Thugs","floor":12.0,"turns":3.0},{"damage":8.0,"enemies":"Looter","floor":13.0,"turns":3.0},{"damage":7.0,"enemies":"3 Sentries","floor":14.0,"turns":7.0},{"damage":6,"enemies":"The Guardian","floor":16,"turns":13},{"damage":14,"enemies":"Chosen","floor":18,"turns":5},{"damage":11,"enemies":"2 Thieves","floor":20,"turns":4},{"damage":19,"enemies":"Snecko","floor":21,"turns":5},{"damage":16,"enemies":"Centurion and Healer","floor":22,"turns":5},{"damage":54,"enemies":"Gremlin Leader","floor":24,"turns":8}],"seed_played":"-3801684682105031271","potions_obtained":[{"floor":1.0,"key":"SkillPotion"},{"floor":6.0,"key":"Explosive Potion"},{"floor":13.0,"key":"AttackPotion"},{"floor":16,"key":"Explosive Potion"},{"floor":20,"key":"EssenceOfSteel"},{"floor":22,"key":"EssenceOfSteel"}],"is_trial":false,"path_per_floor":["M","M","M","?","?","E","R","M","T","?","$","M","M","E","R","B",null,"M","T","M","M","M","R","E"],"character_chosen":"THE_SILENT","items_purchased":["Ornamental Fan","Underhanded Strike"],"campfire_rested":3,"item_purchase_floors":[11,11],"current_hp_per_floor":[64,64,57,57,57,33,54,43,43,43,43,36,28,21,42,36,70,56,70,59,40,24,49,0],"gold":259,"neow_bonus":"THREE_CARDS","is_prod":false,"is_daily":false,"chose_seed":false,"campfire_upgraded":0,"win_rate":0,"timestamp":1549017260,"path_taken":["M","M","M","?","?","E","R","M","T","?","$","M","M","E","R","BOSS","M","?","?","M","M","R","E"],"build_version":"2019-01-23","purchased_purges":1,"victory":false,"max_hp_per_floor":[70,70,70,70,70,70,70,70,70,70,70,70,70,70,70,70,70,70,84,84,84,84,84,84],"card_choices":[{"not_picked":["PiercingWail","Dagger Spray"],"picked":"Caltrops","floor":0.0},{"not_picked":["Calculated Gamble","Prepared"],"picked":"Dagger Throw","floor":1.0},{"not_picked":["Dagger Spray","Backflip"],"picked":"Infinite Blades","floor":2.0},{"not_picked":["Dagger Throw","Blade Dance"],"picked":"All Out Attack","floor":3.0},{"not_picked":["Eviscerate","Masterful Stab"],"picked":"Malaise","floor":6.0},{"not_picked":["Infinite Blades","Backflip"],"picked":"Cloak And Dagger","floor":7.0},{"not_picked":["Underhanded Strike","Quick Slash"],"picked":"Tools of the Trade","floor":8.0},{"not_picked":["Deflect","PiercingWail"],"picked":"Sucker Punch","floor":12.0},{"not_picked":["Skewer","Sucker Punch"],"picked":"Accuracy","floor":13.0},{"not_picked":["Bane","PiercingWail"],"picked":"Skewer","floor":14},{"not_picked":["Tactician","Slice"],"picked":"Footwork","floor":15},{"not_picked":["Envenom","Malaise"],"picked":"Bullet Time","floor":16},{"not_picked":["Dodge and Roll","Escape Plan"],"picked":"Dagger Throw","floor":17},{"not_picked":["Dagger Throw","Underhanded Strike"],"picked":"Flying Knee","floor":17},{"not_picked":["Catalyst","Blade Dance"],"picked":"Accuracy","floor":17},{"not_picked":["Dodge and Roll","Bane"],"picked":"Terror","floor":17},{"not_picked":["Bullet Time","Bane"],"picked":"Underhanded Strike","floor":17},{"not_picked":["PiercingWail","Acrobatics"],"picked":"Cloak And Dagger+1","floor":18},{"not_picked":["Underhanded Strike","Deflect"],"picked":"Cloak And Dagger+1","floor":20},{"not_picked":["Flechettes","Masterful Stab+1"],"picked":"Blade Dance","floor":21},{"not_picked":["Cloak And Dagger","Predator"],"picked":"Expertise+1","floor":22},{"not_picked":["Flying Knee","Bane+1"],"picked":"Blade Dance","floor":23}],"player_experience":200773,"relics_obtained":[{"floor":6.0,"key":"Dream Catcher"},{"floor":9.0,"key":"War Paint"},{"floor":14,"key":"Bag of Marbles"},{"floor":19,"key":"Mango"}],"event_choices":[{"damage_healed":0.0,"max_hp_gain":0.0,"max_hp_loss":0.0,"gold_gain":175.0,"event_name":"Liars Game","player_choice":"AGREE","floor":4.0,"gold_loss":0.0,"damage_taken":0.0,"cards_obtained":["Doubt"]},{"cards_removed":["Doubt"],"damage_healed":0.0,"max_hp_gain":0.0,"max_hp_loss":0.0,"gold_gain":0.0,"event_name":"Living Wall","player_choice":"Forget","floor":5.0,"gold_loss":0.0,"damage_taken":0.0},{"damage_healed":0.0,"max_hp_gain":0.0,"max_hp_loss":0.0,"gold_gain":0.0,"event_name":"Upgrade Shrine","player_choice":"Upgraded","floor":10.0,"gold_loss":0.0,"damage_taken":0.0,"cards_upgraded":["Cloak And Dagger"]}],"is_beta":false,"boss_relics":[{"not_picked":["Philosopher\u0027s Stone","Cursed Key"],"picked":"Orrery"}],"items_purged_floors":[11],"is_endless":false,"potions_floor_spawned":[1,6,13,16,20,22],"killed_by":"Gremlin Leader","ascension_level":2}