{"gold_per_floor":[117,129,45,56,56,56,86,86,110,110,145,70,88,88,88,218,218,232,255,274,295,194,194,207,207,230,230,230,254,279,279],"floor_reached":31,"playtime":2116,"items_purged":["Defend_R"],"score":395,"play_id":"b158dfeb-30dc-430c-bdd9-b06aff17b32d","local_time":"20190321142612","is_ascension_mode":true,"campfire_choices":[{"data":"Combust","floor":6,"key":"SMITH"},{"data":"Flex","floor":8,"key":"SMITH"},{"data":"Combust","floor":10,"key":"SMITH"},{"floor":15,"key":"REST"},{"data":"Uppercut","floor":23,"key":"SMITH"},{"floor":25,"key":"REST"},{"data":"Armaments","floor":27,"key":"SMITH"}],"neow_cost":"NONE","seed_source_timestamp":146971060079684,"circlet_count":0,"master_deck":["AscendersBane","Strike_R+1","Strike_R","Strike_R","Defend_R","Defend_R","Defend_R","Bash+1","Sword Boomerang+1","Combust+1","Flex+1","Combust+1","Wild Strike","Impervious","Intimidate","Spot Weakness","Power Through","Reaper","Body Slam+1","Warcry","Wild Strike","Uppercut+1","Armaments+1","Impervious","Iron Wave+1","Flex"],"relics":["Burning Blood","Bronze Scales","Whetstone","Du-Vu Doll","Golden Idol","Empty Cage","Omamori"],"potions_floor_usage":[13,18,20,21,29,30],"damage_taken":[{"damage":7,"enemies":"Small Slimes","floor":1,"turns":3},{"damage":6,"enemies":"Cultist","floor":2,"turns":3},{"damage":1,"enemies":"2 Louse","floor":4,"turns":2},{"damage":39,"enemies":"Lagavulin","floor":7,"turns":5},{"damage":20,"enemies":"3 Sentries","floor":11,"turns":3},{"damage":7,"enemies":"Blue Slaver","floor":13,"turns":3},{"damage":47,"enemies":"The Guardian","floor":16,"turns":9},{"damage":12,"enemies":"Shell Parasite","floor":18,"turns":2},{"damage":19,"enemies":"Chosen","floor":19,"turns":5},{"damage":15,"enemies":"Snake Plant","floor":20,"turns":3},{"damage":37,"enemies":"Centurion and Healer","floor":21,"turns":6},{"damage":9,"enemies":"Cultist and Chosen","floor":24,"turns":4},{"damage":50,"enemies":"Shelled Parasite and Fungi","floor":29,"turns":5},{"damage":14,"enemies":"Centurion and Healer","floor":30,"turns":4},{"damage":30,"enemies":"Cultist and Chosen","floor":31,"turns":5}],"seed_played":"-3987713875506810830","potions_obtained":[{"floor":4,"key":"SpeedPotion"},{"floor":11,"key":"Weak Potion"},{"floor":13,"key":"Explosive Potion"},{"floor":16,"key":"SteroidPotion"},{"floor":20,"key":"Strength Potion"},{"floor":24,"key":"Fire Potion"},{"floor":29,"key":"SpeedPotion"}],"is_trial":false,"path_per_floor":["M","M","$","M","?","R","E","R","T","R","E","$","M","?","R","B",null,"M","M","M","M","$","R","M","R","T","R","?","M","M","M"],"character_chosen":"IRONCLAD","items_purchased":["Flex","Combust","Spot Weakness","Armaments"],"campfire_rested":2,"item_purchase_floors":[3,3,12,22],"current_hp_per_floor":[71,71,71,76,80,80,47,47,47,47,33,33,32,32,56,15,64,74,66,58,41,41,41,38,62,62,62,62,30,22,0],"gold":279,"neow_bonus":"UPGRADE_CARD","is_prod":false,"is_daily":false,"chose_seed":false,"campfire_upgraded":5,"win_rate":0,"timestamp":1553138772,"path_taken":["M","M","$","M","?","R","E","R","T","R","E","?","M","?","R","BOSS","M","M","M","M","$","R","M","R","T","R","?","?","M","M"],"build_version":"2019-01-23","purchased_purges":1,"victory":false,"max_hp_per_floor":[80,80,80,80,80,80,80,80,80,80,80,80,80,80,80,80,80,80,80,80,80,80,80,80,80,80,80,80,80,80,80],"card_choices":[{"not_picked":["Havoc","Clash"],"picked":"Sword Boomerang","floor":1},{"not_picked":["Sentinel","Disarm"],"picked":"Combust","floor":2},{"not_picked":["Warcry","Bloodletting"],"picked":"Wild Strike","floor":4},{"not_picked":["Rage","Armaments"],"picked":"Impervious","floor":7},{"not_picked":["True Grit","Perfected Strike"],"picked":"Intimidate","floor":11},{"not_picked":["Pommel Strike","Clash"],"picked":"Power Through","floor":13},{"not_picked":["Double Tap","Bludgeon"],"picked":"Reaper","floor":16},{"not_picked":["Seeing Red","Clash"],"picked":"Body Slam+1","floor":18},{"not_picked":["Perfected Strike","Clash"],"picked":"Warcry","floor":19},{"not_picked":["Clothesline","True Grit"],"picked":"Wild Strike","floor":20},{"not_picked":["Thunderclap+1","Clothesline"],"picked":"Uppercut","floor":21},{"not_picked":["Clothesline","Cleave"],"picked":"Impervious","floor":24},{"not_picked":["Seeing Red","Headbutt+1"],"picked":"Iron Wave+1","floor":29},{"not_picked":["Intimidate","Rampage"],"picked":"Flex","floor":30}],"player_experience":1025405,"relics_obtained":[{"floor":7,"key":"Bronze Scales"},{"floor":9,"key":"Whetstone"},{"floor":11,"key":"Du-Vu Doll"},{"floor":26,"key":"Omamori"}],"event_choices":[{"damage_healed":4,"gold_gain":0,"player_choice":"Full Heal","damage_taken":0,"max_hp_gain":0,"max_hp_loss":0,"event_name":"Wheel of Change","floor":5,"gold_loss":0},{"damage_healed":0,"gold_gain":0,"player_choice":"Take Wound","damage_taken":0,"relics_obtained":["Golden Idol"],"max_hp_gain":0,"max_hp_loss":0,"event_name":"Golden Idol","floor":14,"gold_loss":0,"cards_obtained":["Injury"]},{"cards_removed":["Strike_R"],"damage_healed":0,"gold_gain":0,"player_choice":"Purged","damage_taken":0,"max_hp_gain":0,"max_hp_loss":0,"event_name":"Purifier","floor":28,"gold_loss":0}],"is_beta":false,"boss_relics":[{"not_picked":["Velvet Choker","Runic Pyramid"],"picked":"Empty Cage"}],"items_purged_floors":[22],"is_endless":false,"potions_floor_spawned":[4,11,13,16,20,24,29],"killed_by":"Cultist and Chosen","ascension_level":12}