{"gold_per_floor":[109,109,109,33,33,33,66,83,107,57,85,97,124,154,166,178],"floor_reached":16,"playtime":464,"items_purged":[],"score":180,"play_id":"5642fabf-c50b-4a37-b7bb-ffb58fb9a00c","local_time":"20190611124055","is_ascension_mode":true,"campfire_choices":[{"floor":6,"key":"REST"},{"data":"Bash","floor":12,"key":"SMITH"},{"data":"Disarm","floor":15,"key":"SMITH"}],"neow_cost":"NONE","seed_source_timestamp":1036640565617,"circlet_count":0,"master_deck":["AscendersBane","Strike_R","Strike_R","Strike_R","Strike_R","Defend_R+1","Defend_R","Defend_R+1","Defend_R","Bash+1","Twin Strike","Inflame","Flame Barrier","True Grit","Shrug It Off","Spot Weakness","Disarm+1"],"relics":["Burning Blood","Ancient Tea Set","Magic Flower","Smiling Mask","Vajra","MawBank"],"potions_floor_usage":[13],"damage_taken":[{"damage":12,"enemies":"Small Slimes","floor":1,"turns":4},{"damage":38,"enemies":"Lagavulin","floor":7,"turns":6},{"damage":7,"enemies":"Jaw Worm","floor":8,"turns":3},{"damage":1,"enemies":"2 Louse","floor":11,"turns":3},{"damage":0,"enemies":"Lots of Slimes","floor":13,"turns":2},{"damage":3,"enemies":"Looter","floor":14,"turns":3},{"damage":54,"enemies":"Hexaghost","floor":16,"turns":11}],"seed_played":"5776531132475377081","potions_obtained":[{"floor":1,"key":"Ancient Potion"},{"floor":8,"key":"AttackPotion"}],"is_trial":false,"path_per_floor":["M","?","?","$","T","R","E","M","T","?","M","R","M","M","R","B"],"character_chosen":"IRONCLAD","items_purchased":["Inflame"],"campfire_rested":1,"item_purchase_floors":[4],"current_hp_per_floor":[62,39,32,32,32,54,25,27,27,27,35,35,44,50,50,0],"gold":178,"neow_bonus":"RANDOM_COMMON_RELIC","is_prod":false,"is_daily":false,"chose_seed":false,"campfire_upgraded":2,"win_rate":0,"timestamp":1560249655,"path_taken":["M","?","?","$","?","R","E","M","T","?","M","R","M","?","R","BOSS"],"build_version":"2019-01-23","purchased_purges":0,"victory":false,"max_hp_per_floor":[75,75,75,75,75,75,75,75,75,75,75,75,75,75,75,75],"card_choices":[{"not_picked":["Sever Soul","Perfected Strike"],"picked":"Twin Strike","floor":1},{"not_picked":["Berserk","Flex"],"picked":"Flame Barrier","floor":7},{"not_picked":["Perfected Strike","Ghostly Armor"],"picked":"True Grit","floor":8},{"not_picked":["Twin Strike","Thunderclap"],"picked":"Shrug It Off","floor":11},{"not_picked":["True Grit","Infernal Blade"],"picked":"Spot Weakness","floor":13},{"not_picked":["Headbutt","Uppercut"],"picked":"Disarm","floor":14}],"player_experience":740417,"relics_obtained":[{"floor":5,"key":"Magic Flower"},{"floor":7,"key":"Smiling Mask"},{"floor":9,"key":"Vajra"}],"event_choices":[{"damage_healed":0,"gold_gain":0,"player_choice":"Entered Light","damage_taken":23,"max_hp_gain":0,"max_hp_loss":0,"event_name":"Shining Light","floor":2,"gold_loss":0,"cards_upgraded":["Defend_R","Defend_R"]},{"cards_removed":["Strike_R"],"damage_healed":0,"gold_gain":0,"player_choice":"Card Removal","damage_taken":7,"max_hp_gain":0,"max_hp_loss":0,"event_name":"Golden Wing","floor":3,"gold_loss":0},{"damage_healed":0,"gold_gain":0,"player_choice":"Paid Gold","damage_taken":0,"relics_obtained":["MawBank"],"max_hp_gain":0,"max_hp_loss":0,"event_name":"WeMeetAgain","floor":10,"gold_loss":50}],"is_beta":false,"boss_relics":[],"items_purged_floors":[],"is_endless":false,"potions_floor_spawned":[1,8],"killed_by":"Hexaghost","ascension_level":16}