{"gold_per_floor":[114,133,153,165,48,48,48,48,48,59,86,46,46,75,75,170,170,181,181,199,199,209,209,235,253,253,253,15,50,50,65,65,65],"floor_reached":33,"playtime":80691,"items_purged":[],"score":438,"play_id":"737518f5-8810-4d8a-9e8d-b6d9bd205fa1","local_time":"20190615160531","is_ascension_mode":true,"campfire_choices":[{"data":"Catalyst","floor":6,"key":"SMITH"},{"data":"Crippling Poison","floor":8,"key":"SMITH"},{"floor":13,"key":"REST"},{"floor":15,"key":"REST"},{"floor":23,"key":"REST"},{"floor":27,"key":"REST"},{"data":"Infinite Blades","floor":30,"key":"SMITH"},{"data":"Accuracy","floor":32,"key":"SMITH"}],"neow_cost":"NONE","seed_source_timestamp":677448290265840,"circlet_count":0,"master_deck":["Defend_G","Defend_G","Defend_G","Defend_G+1","Strike_G","Strike_G","Strike_G+1","Strike_G+1","Survivor","Neutralize","Blade Dance","Catalyst+1","Bouncing Flask","Deadly Poison","Crippling Poison+1","Infinite Blades+1","Glass Knife","Underhanded Strike+1","Accuracy+1","Corpse Explosion","Tactician+1","Ghostly","Ghostly","Ghostly","Ghostly","Ghostly","Deadly Poison+1","Phantasmal Killer","Reflex","Bane+1","Adrenaline","Terror","Leg Sweep"],"special_seed":0,"relics":["Ring of the Snake","NeowsBlessing","Du-Vu Doll","Ice Cream","Calipers","Sozu","Bottled Tornado","Whetstone","Pantograph","Bottled Lightning"],"potions_floor_usage":[4,4,10,11,18,24],"damage_taken":[{"damage":0.0,"enemies":"Jaw Worm","floor":1.0,"turns":1.0},{"damage":0.0,"enemies":"Small Slimes","floor":2.0,"turns":1.0},{"damage":0.0,"enemies":"Cultist","floor":3.0,"turns":1.0},{"damage":1,"enemies":"Looter","floor":4,"turns":3},{"damage":0,"enemies":"2 Fungi Beasts","floor":10,"turns":2},{"damage":32,"enemies":"Gremlin Nob","floor":11,"turns":4},{"damage":33,"enemies":"3 Sentries","floor":14,"turns":7},{"damage":18,"enemies":"Hexaghost","floor":16,"turns":6},{"damage":35,"enemies":"2 Thieves","floor":18,"turns":3},{"damage":2,"enemies":"3 Byrds","floor":20,"turns":3},{"damage":4,"enemies":"Shelled Parasite and Fungi","floor":22,"turns":4},{"damage":4,"enemies":"Slavers","floor":24,"turns":3},{"damage":3,"enemies":"Cultist and Chosen","floor":25,"turns":4},{"damage":1,"enemies":"Gremlin Leader","floor":29,"turns":7},{"damage":16,"enemies":"Centurion and Healer","floor":31,"turns":4},{"damage":74,"enemies":"Champ","floor":33,"turns":8}],"seed_played":"5986484694958978650","potions_obtained":[{"floor":1.0,"key":"EntropicBrew"},{"floor":10,"key":"GamblersBrew"},{"floor":11,"key":"GamblersBrew"},{"floor":14,"key":"SkillPotion"}],"is_trial":false,"path_per_floor":["M","M","M","M","$","R","?","R","T","M","E","?","R","E","R","B",null,"M","?","M","?","M","R","E","M","T","R","$","E","R","M","R","B"],"character_chosen":"THE_SILENT","items_purchased":["Crippling Poison","Infinite Blades","Pantograph"],"campfire_rested":4,"item_purchase_floors":[5,5,28],"current_hp_per_floor":[63,63,63,62,62,62,48,48,48,48,16,16,37,4,25,7,54,19,19,17,17,13,23,19,16,16,26,26,25,25,9,9,0],"gold":65,"neow_bonus":"THREE_ENEMY_KILL","is_prod":false,"is_daily":false,"chose_seed":false,"campfire_upgraded":4,"win_rate":0,"timestamp":1560578731,"path_taken":["M","M","M","M","$","R","?","R","T","M","E","?","R","E","R","BOSS","M","?","M","?","M","R","E","M","T","R","?","E","R","M","R","BOSS"],"build_version":"2019-01-23","purchased_purges":0,"victory":false,"max_hp_per_floor":[70,70,70,70,70,70,70,70,70,70,70,70,70,70,70,70,70,70,35,35,35,35,35,35,35,35,35,35,35,35,35,35,35],"card_choices":[{"not_picked":["Acrobatics","Bane"],"picked":"Blade Dance","floor":1.0},{"not_picked":["Distraction","Backflip"],"picked":"Catalyst","floor":2.0},{"not_picked":["Deadly Poison","Skewer"],"picked":"Bouncing Flask","floor":3},{"not_picked":["Deflect","Slice"],"picked":"Deadly Poison","floor":4},{"not_picked":["Acrobatics","Concentrate"],"picked":"Glass Knife","floor":10},{"not_picked":["Well Laid Plans","Cloak And Dagger"],"picked":"Underhanded Strike","floor":11},{"not_picked":["Acrobatics","Underhanded Strike"],"picked":"Accuracy","floor":14},{"not_picked":["Glass Knife","Venomology"],"picked":"Corpse Explosion","floor":16},{"not_picked":["PiercingWail","Eviscerate"],"picked":"Tactician+1","floor":18},{"not_picked":["Backflip","Bane"],"picked":"Deadly Poison+1","floor":20},{"not_picked":["Concentrate","Prepared"],"picked":"Bane+1","floor":22},{"not_picked":["Distraction","Finisher+1"],"picked":"Adrenaline","floor":24},{"not_picked":["Dagger Throw","Backflip"],"picked":"Terror","floor":25},{"not_picked":["Dagger Throw+1","Slice+1"],"picked":"Leg Sweep","floor":29},{"not_picked":["Predator","Setup","Distraction"],"picked":"SKIP","floor":31}],"player_experience":2117848,"relics_obtained":[{"floor":9,"key":"Du-Vu Doll"},{"floor":11,"key":"Ice Cream"},{"floor":14,"key":"Calipers"},{"floor":24,"key":"Bottled Tornado"},{"floor":26,"key":"Whetstone"},{"floor":29,"key":"Bottled Lightning"}],"event_choices":[{"damage_healed":0,"gold_gain":0,"player_choice":"Entered Light","damage_taken":14,"max_hp_gain":0,"max_hp_loss":0,"event_name":"Shining Light","floor":7,"gold_loss":0,"cards_upgraded":["Defend_G","Strike_G"]},{"damage_healed":0,"gold_gain":0,"player_choice":"Left Gold","damage_taken":0,"max_hp_gain":0,"max_hp_loss":0,"event_name":"World of Goop","floor":12,"gold_loss":40},{"damage_healed":0,"gold_gain":0,"player_choice":"Became a Ghost","damage_taken":0,"max_hp_gain":0,"max_hp_loss":35,"event_name":"Ghosts","floor":19,"gold_loss":0,"cards_obtained":["Ghostly","Ghostly","Ghostly","Ghostly","Ghostly"]},{"damage_healed":0,"gold_gain":0,"cards_transformed":["Defend_G","Strike_G"],"player_choice":"Became Test Subject","damage_taken":0,"max_hp_gain":0,"max_hp_loss":0,"event_name":"Drug Dealer","floor":21,"gold_loss":0,"cards_obtained":["Phantasmal Killer","Reflex"]}],"is_beta":false,"boss_relics":[{"not_picked":["Runic Dome","Coffee Dripper"],"picked":"Sozu"}],"items_purged_floors":[],"is_endless":false,"potions_floor_spawned":[1,10,11,14,18,24,31],"killed_by":"Champ","ascension_level":8}