{"gold_per_floor":[109,120,138,8,28,28,28,28,28,40,69,69,95,26,26,124,124,141,153,153,166,1,1,15,15,15,33,33,33,60,60,60,60],"floor_reached":33,"playtime":2610,"items_purged":["Shame"],"score":471,"play_id":"c621c603-f93a-4a22-878f-279ded55647d","local_time":"20190619001515","is_ascension_mode":true,"campfire_choices":[{"data":"Backstab","floor":6,"key":"SMITH"},{"data":"Backstab","floor":8,"key":"SMITH"},{"data":"Leg Sweep","floor":12,"key":"SMITH"},{"data":"Accuracy","floor":15,"key":"SMITH"},{"data":"Cloak And Dagger","floor":23,"key":"SMITH"},{"data":"Cloak And Dagger","floor":25,"key":"SMITH"},{"data":"Cloak And Dagger","floor":29,"key":"SMITH"},{"floor":32,"key":"REST"}],"neow_cost":"NONE","seed_source_timestamp":167268252491117,"circlet_count":0,"master_deck":["Defend_G","Defend_G","Defend_G","Defend_G","Defend_G","Strike_G","Strike_G","Strike_G","Strike_G","Strike_G","Survivor","Neutralize","Backstab+1","Cloak And Dagger+1","Leg Sweep+1","Well Laid Plans","Prepared","Cloak And Dagger+1","Backstab+1","Blade Dance","Adrenaline","Quick Slash","Accuracy+1","Adrenaline","Deadly Poison","Footwork+1","Dash","PanicButton","Underhanded Strike","Cloak And Dagger+1","Terror+1","Bandage Up","Dramatic Entrance"],"relics":["Ring of the Serpent","NeowsBlessing","NlothsMask","FossilizedHelix","Bag of Preparation","Juzu Bracelet","Ninja Scroll","MutagenicStrength","The Courier"],"potions_floor_usage":[5,13,16,33,33,33],"damage_taken":[{"damage":0,"enemies":"2 Louse","floor":1,"turns":1},{"damage":0,"enemies":"Cultist","floor":2,"turns":1},{"damage":0,"enemies":"Jaw Worm","floor":3,"turns":1},{"damage":0,"enemies":"Exordium Thugs","floor":5,"turns":5},{"damage":0,"enemies":"2 Fungi Beasts","floor":10,"turns":2},{"damage":1,"enemies":"3 Sentries","floor":11,"turns":11},{"damage":0,"enemies":"Lagavulin","floor":13,"turns":9},{"damage":36,"enemies":"Slime Boss","floor":16,"turns":12},{"damage":0,"enemies":"Spheric Guardian","floor":18,"turns":3},{"damage":0,"enemies":"Shell Parasite","floor":19,"turns":4},{"damage":0,"enemies":"Centurion and Healer","floor":21,"turns":7},{"damage":0,"enemies":"Cultist and Chosen","floor":24,"turns":7},{"damage":0,"enemies":"Snecko","floor":27,"turns":5},{"damage":0,"enemies":"Slavers","floor":30,"turns":4},{"damage":86,"enemies":"Collector","floor":33,"turns":11}],"seed_played":"5629564920343151098","potions_obtained":[{"floor":1,"key":"Weak Potion"},{"floor":5,"key":"EssenceOfSteel"},{"floor":13,"key":"Fruit Juice"},{"floor":24,"key":"Regen Potion"},{"floor":27,"key":"Explosive Potion"},{"floor":30,"key":"SteroidPotion"}],"is_trial":false,"path_per_floor":["M","M","M","$","M","R","?","R","T","M","E","R","E","$","R","B",null,"M","M","?","M","$","R","M","R","T","M","?","R","E","?","R","B"],"character_chosen":"THE_SILENT","items_purchased":["Well Laid Plans","Prepared","Cloak And Dagger","Accuracy","PanicButton"],"campfire_rested":1,"item_purchase_floors":[4,4,4,14,22],"current_hp_per_floor":[63,63,63,63,63,63,63,63,63,63,62,62,62,62,62,31,64,64,64,64,64,64,64,64,64,64,64,64,64,64,43,65,0],"gold":60,"neow_bonus":"THREE_ENEMY_KILL","is_prod":false,"is_daily":false,"chose_seed":false,"campfire_upgraded":7,"win_rate":0,"timestamp":1560867315,"path_taken":["M","M","M","$","M","R","?","R","T","M","E","R","E","?","R","BOSS","M","M","?","M","?","R","M","R","T","M","?","R","E","?","R","BOSS"],"build_version":"2019-01-23","purchased_purges":1,"victory":false,"max_hp_per_floor":[70,70,70,70,70,70,70,70,70,70,70,70,70,70,70,75,75,75,75,75,75,75,75,75,75,75,75,75,75,75,75,75,75],"card_choices":[{"not_picked":["Flying Knee","Quick Slash"],"picked":"Backstab","floor":1},{"not_picked":["Slice","Sucker Punch"],"picked":"Cloak And Dagger","floor":2},{"not_picked":["Calculated Gamble","Dagger Throw"],"picked":"Leg Sweep","floor":3},{"not_picked":["Dagger Throw","Bane"],"picked":"Backstab","floor":5},{"not_picked":["Prepared","Bouncing Flask"],"picked":"Blade Dance","floor":10},{"not_picked":["Leg Sweep","Backflip"],"picked":"Adrenaline","floor":11},{"not_picked":["Sucker Punch","Backflip"],"picked":"Quick Slash","floor":13},{"not_picked":["Grand Finale","Die Die Die"],"picked":"Adrenaline","floor":16},{"not_picked":["PiercingWail","Concentrate"],"picked":"Deadly Poison","floor":18},{"not_picked":["Dagger Spray","Deflect"],"picked":"Footwork+1","floor":19},{"not_picked":["Bane","Deadly Poison"],"picked":"Dash","floor":21},{"not_picked":["Predator","Poisoned Stab"],"picked":"Underhanded Strike","floor":24},{"not_picked":["Slice","Deadly Poison"],"picked":"Cloak And Dagger","floor":27},{"not_picked":["Deflect","Slice"],"picked":"Terror+1","floor":30}],"player_experience":2218652,"relics_obtained":[{"floor":11,"key":"FossilizedHelix"},{"floor":13,"key":"Bag of Preparation"},{"floor":26,"key":"Ninja Scroll"},{"floor":30,"key":"The Courier"}],"event_choices":[{"damage_healed":0,"gold_gain":0,"player_choice":"Trade","damage_taken":0,"relics_obtained":["NlothsMask"],"max_hp_gain":0,"max_hp_loss":0,"event_name":"FaceTrader","floor":7,"gold_loss":0},{"damage_healed":0,"gold_gain":0,"player_choice":"Stole Relic","damage_taken":0,"relics_obtained":["Juzu Bracelet"],"max_hp_gain":0,"max_hp_loss":0,"event_name":"Addict","floor":20,"gold_loss":0,"cards_obtained":["Shame"]},{"damage_healed":0,"gold_gain":0,"player_choice":"Inject Mutagens","damage_taken":0,"relics_obtained":["MutagenicStrength"],"max_hp_gain":0,"max_hp_loss":0,"event_name":"Drug Dealer","floor":28,"gold_loss":0},{"damage_healed":0,"gold_gain":0,"player_choice":"CARD CARD ","damage_taken":21,"max_hp_gain":0,"max_hp_loss":0,"event_name":"Knowing Skull","floor":31,"potions_obtained":[],"gold_loss":0,"cards_obtained":["Bandage Up","Dramatic Entrance"]}],"is_beta":false,"boss_relics":[{"not_picked":["Black Star","Snecko Eye"],"picked":"Ring of the Serpent"}],"items_purged_floors":[22],"is_endless":false,"potions_floor_spawned":[1,5,13,24,27,30],"killed_by":"Collector","ascension_level":9}