{"gold_per_floor":[119,119,5,5,20,52,64,93,105,117,129,176,208,236,248,335,347,379,407,18,38,38,38,38,38,38,38,38,57,69,98,98,173,173,191,36,48,48,48,106,106,140,163,163,179,196,213,228,228,228],"floor_reached":51,"playtime":2305,"items_purged":["Strike_G","Strike_G","Shame"],"score":1450,"play_id":"3ca64f39-7959-413c-8aa9-f06fd98100ec","local_time":"20190620173656","is_ascension_mode":true,"campfire_choices":[{"data":"Sucker Punch","floor":11.0,"key":"SMITH"},{"floor":15.0,"key":"REST"},{"floor":23.0,"key":"REST"},{"floor":25.0,"key":"REST"},{"floor":32.0,"key":"REST"},{"floor":41.0,"key":"REST"},{"floor":44.0,"key":"REST"},{"floor":49.0,"key":"REST"}],"neow_cost":"NONE","seed_source_timestamp":0,"circlet_count":0,"master_deck":["AscendersBane","Survivor","Neutralize","Quick Slash","Crippling Poison","Sucker Punch+1","Deadly Poison","Dagger Spray","Dagger Spray","Cloak And Dagger","Noxious Fumes","Corpse Explosion","Crippling Poison","Deadly Poison","Dodge and Roll","Noxious Fumes","Catalyst","Backflip+1","Malaise+1","Deadly Poison+1","Night Terror+1","Dagger Throw","Setup+1","Underhanded Strike","Malaise+1","Acrobatics+1","PiercingWail+1","Backflip+1","Sadistic Nature","Catalyst+1","Leg Sweep+1","PiercingWail+1","Well Laid Plans","Dash"],"special_seed":0,"relics":["Ring of the Snake","NeowsBlessing","MawBank","Ornamental Fan","Paper Crane","Oddly Smooth Stone","Fusion Hammer","Bottled Tornado","Sundial","FossilizedHelix","Toxic Egg 2","Pandora\u0027s Box","GremlinMask","Tiny Chest","Bottled Flame"],"potions_floor_usage":[],"damage_taken":[{"damage":0.0,"enemies":"2 Louse","floor":1.0,"turns":1.0},{"damage":0.0,"enemies":"Jaw Worm","floor":5.0,"turns":1.0},{"damage":0.0,"enemies":"Lagavulin","floor":6.0,"turns":1.0},{"damage":0.0,"enemies":"Cultist","floor":8.0,"turns":4.0},{"damage":27.0,"enemies":"3 Sentries","floor":12.0,"turns":11.0},{"damage":6.0,"enemies":"2 Fungi Beasts","floor":13.0,"turns":3.0},{"damage":3.0,"enemies":"Lots of Slimes","floor":14.0,"turns":2.0},{"damage":22.0,"enemies":"Slime Boss","floor":16.0,"turns":11.0},{"damage":21.0,"enemies":"2 Thieves","floor":18.0,"turns":3.0},{"damage":3.0,"enemies":"Chosen","floor":19.0,"turns":6.0},{"damage":8.0,"enemies":"Centurion and Healer","floor":21.0,"turns":4.0},{"damage":0.0,"enemies":"Snecko","floor":29.0,"turns":6.0},{"damage":7.0,"enemies":"Cultist and Chosen","floor":30.0,"turns":5.0},{"damage":8.0,"enemies":"Slavers","floor":31.0,"turns":2.0},{"damage":40.0,"enemies":"Collector","floor":33.0,"turns":7.0},{"damage":6.0,"enemies":"Orb Walker","floor":35.0,"turns":4.0},{"damage":0.0,"enemies":"3 Shapes","floor":37.0,"turns":4.0},{"damage":37.0,"enemies":"Nemesis","floor":40.0,"turns":9.0},{"damage":30.0,"enemies":"Giant Head","floor":42.0,"turns":7.0},{"damage":0.0,"enemies":"Jaw Worm Horde","floor":45.0,"turns":2.0},{"damage":0.0,"enemies":"Spire Growth","floor":46.0,"turns":4.0},{"damage":4.0,"enemies":"Writhing Mass","floor":47.0,"turns":5.0},{"damage":0.0,"enemies":"4 Shapes","floor":48.0,"turns":5.0},{"damage":18,"enemies":"Time Eater","floor":50,"turns":9}],"seed_played":"3938204500757064115","potions_obtained":[{"floor":1.0,"key":"Block Potion"},{"floor":5.0,"key":"Strength Potion"},{"floor":14.0,"key":"Block Potion"},{"floor":16.0,"key":"GamblersBrew"},{"floor":18.0,"key":"Poison Potion"},{"floor":45.0,"key":"Ancient Potion"},{"floor":48.0,"key":"FearPotion"}],"is_trial":false,"path_per_floor":["M","?","$","?","M","E","T","M","T","?","R","E","M","M","R","B",null,"M","M","$","M","$","R","$","R","T","?","?","M","M","E","R","B",null,"M","$","M","?","?","E","R","E","T","R","M","M","M","M","R","B",null],"character_chosen":"THE_SILENT","items_purchased":["Crippling Poison","Bottled Tornado","Deadly Poison","PiercingWail+1"],"campfire_rested":7,"item_purchase_floors":[3,20,20,36],"current_hp_per_floor":[59,52,52,52,52,52,52,52,52,52,52,25,19,16,35,13,53,32,29,29,21,21,40,40,59,59,59,59,59,52,44,63,23,55,49,49,49,49,49,12,31,1,1,20,20,20,16,16,35,17],"gold":228,"neow_bonus":"THREE_ENEMY_KILL","is_prod":false,"is_daily":false,"chose_seed":false,"campfire_upgraded":1,"win_rate":0,"timestamp":1561045016,"path_taken":["M","?","$","?","M","E","?","?","T","?","R","E","M","M","R","BOSS","M","M","$","M","$","R","?","R","T","?","?","M","?","E","R","BOSS","M","$","M","?","?","E","R","E","T","R","M","M","?","M","R","BOSS"],"build_version":"2019-01-23","purchased_purges":3,"victory":true,"max_hp_per_floor":[66,66,66,66,66,66,66,66,66,66,66,66,66,66,66,66,66,66,66,66,66,66,66,66,66,66,66,66,66,66,66,66,66,66,66,66,66,66,66,66,66,66,66,66,66,66,66,66,66,66],"card_choices":[{"not_picked":["Bane","Acrobatics"],"picked":"Quick Slash","floor":1.0},{"not_picked":["Backflip","Bane"],"picked":"Sucker Punch","floor":5.0},{"not_picked":["Outmaneuver","Caltrops"],"picked":"Deadly Poison","floor":6.0},{"not_picked":["Quick Slash","Infinite Blades"],"picked":"Dagger Spray","floor":8.0},{"not_picked":["Underhanded Strike","Choke"],"picked":"Dagger Spray","floor":12.0},{"not_picked":["Poisoned Stab","Storm of Steel"],"picked":"Cloak And Dagger","floor":13.0},{"not_picked":["Calculated Gamble","Concentrate"],"picked":"Noxious Fumes","floor":14.0},{"not_picked":["Unload","Die Die Die"],"picked":"Corpse Explosion","floor":16.0},{"not_picked":["Reflex","Flechettes","Cloak And Dagger"],"picked":"SKIP","floor":18.0},{"not_picked":["Poisoned Stab+1","Setup"],"picked":"Crippling Poison","floor":19.0},{"not_picked":["Choke","Eviscerate"],"picked":"Dodge and Roll","floor":21.0},{"not_picked":["Prepared","Bane"],"picked":"Catalyst","floor":29.0},{"not_picked":["Cloak And Dagger","Sucker Punch","Flechettes"],"picked":"SKIP","floor":30.0},{"not_picked":["Storm of Steel","Slice"],"picked":"Backflip","floor":31.0},{"not_picked":["Bullet Time+1","Doppelganger+1"],"picked":"Malaise+1","floor":33.0},{"not_picked":["Slice","Expertise+1"],"picked":"Acrobatics+1","floor":35.0},{"not_picked":["Outmaneuver+1","Setup+1"],"picked":"Backflip+1","floor":37.0},{"not_picked":["Blind+1","Impatience+1"],"picked":"Sadistic Nature","floor":38.0},{"not_picked":["Prepared+1","Eviscerate"],"picked":"Catalyst+1","floor":40.0},{"not_picked":["Infinite Blades","Acrobatics+1"],"picked":"Leg Sweep+1","floor":42.0},{"not_picked":["Outmaneuver+1","Bouncing Flask+1"],"picked":"PiercingWail+1","floor":45.0},{"not_picked":["Deflect+1","Blade Dance+1"],"picked":"Well Laid Plans","floor":46.0},{"not_picked":["Sucker Punch","Slice+1"],"picked":"Dash","floor":47.0},{"not_picked":["Eviscerate+1","A Thousand Cuts","Prepared+1"],"picked":"SKIP","floor":48.0}],"player_experience":789719,"relics_obtained":[{"floor":6.0,"key":"MawBank"},{"floor":7.0,"key":"Ornamental Fan"},{"floor":9.0,"key":"Paper Crane"},{"floor":12.0,"key":"Oddly Smooth Stone"},{"floor":26.0,"key":"Sundial"},{"floor":31.0,"key":"Toxic Egg 2"},{"floor":40.0,"key":"Tiny Chest"},{"floor":42.0,"key":"Bottled Flame"}],"event_choices":[{"cards_removed":["Strike_G"],"damage_healed":0.0,"max_hp_gain":0.0,"max_hp_loss":0.0,"gold_gain":0.0,"event_name":"Golden Wing","player_choice":"Card Removal","floor":2.0,"gold_loss":0.0,"damage_taken":7.0},{"damage_healed":0.0,"max_hp_gain":0.0,"max_hp_loss":0.0,"gold_gain":0.0,"event_name":"Liars Game","player_choice":"Ignored","floor":4.0,"gold_loss":0.0,"damage_taken":0.0},{"cards_removed":["Strike_G"],"damage_healed":0.0,"max_hp_gain":0.0,"max_hp_loss":0.0,"gold_gain":0.0,"event_name":"Purifier","player_choice":"Purged","floor":10.0,"gold_loss":0.0,"damage_taken":0.0},{"damage_healed":0.0,"max_hp_gain":0.0,"max_hp_loss":0.0,"gold_gain":0.0,"event_name":"Addict","player_choice":"Stole Relic","floor":27.0,"gold_loss":0.0,"damage_taken":0.0,"relics_obtained":["FossilizedHelix"],"cards_obtained":["Shame"]},{"damage_healed":0.0,"max_hp_gain":0.0,"max_hp_loss":0.0,"gold_gain":0.0,"event_name":"Duplicator","player_choice":"Copied","floor":28.0,"gold_loss":0.0,"damage_taken":0.0,"cards_obtained":["Noxious Fumes"]},{"damage_healed":0.0,"max_hp_gain":0.0,"max_hp_loss":0.0,"gold_gain":0.0,"event_name":"SensoryStone","player_choice":"Memory 1","floor":38.0,"gold_loss":0.0,"damage_taken":0.0},{"damage_healed":0.0,"max_hp_gain":0.0,"max_hp_loss":0.0,"gold_gain":0.0,"event_name":"FaceTrader","player_choice":"Trade","floor":39.0,"gold_loss":0.0,"damage_taken":0.0,"relics_obtained":["GremlinMask"]}],"is_beta":false,"boss_relics":[{"not_picked":["Ring of the Serpent","Empty Cage"],"picked":"Fusion Hammer"},{"not_picked":["Orrery","Lizard Tail"],"picked":"Pandora\u0027s Box"}],"items_purged_floors":[3,20,36],"is_endless":false,"potions_floor_spawned":[1,5,14,16,18,30,45,48],"ascension_level":18}