{"gold_per_floor":[111,111,71,36,46,46,73,73,73,73,73,93,127,141,141,238,238,253,253,265,276,1,1,32,32,101,135,161,161,261,276,276,374,374,387,387,397,408,422,456,456,491,491,491,107,107,119,135,135,135],"floor_reached":51,"playtime":22093,"items_purged":["Strike_R","Regret"],"score":1192,"play_id":"0e2651b4-d52c-4186-a071-174c22e4e97b","local_time":"20190318235456","is_ascension_mode":true,"campfire_choices":[{"data":"Spot Weakness","floor":6,"key":"SMITH"},{"floor":8,"key":"REST"},{"floor":11,"key":"REST"},{"data":"Heavy Blade","floor":15,"key":"SMITH"},{"data":"Metamorphosis","floor":23,"key":"SMITH"},{"floor":25,"key":"REST"},{"floor":29,"key":"REST"},{"data":"Impervious","floor":32,"key":"SMITH"},{"floor":41,"key":"REST"},{"data":"Pummel","floor":44,"key":"SMITH"},{"data":"Ghostly Armor","floor":46,"key":"SMITH"},{"data":"Spot Weakness","floor":49,"key":"SMITH"}],"neow_cost":"NONE","seed_source_timestamp":405028694214960,"circlet_count":0,"master_deck":["AscendersBane","Strike_R","Strike_R","Strike_R","Defend_R","Defend_R","Defend_R","Defend_R","Bash+1","Spot Weakness+1","Shockwave+1","Spot Weakness+1","Pummel+1","Heavy Blade+1","Inflame+1","Spot Weakness+1","Impervious+1","Iron Wave+1","Heavy Blade+1","Corruption+1","Cleave","Ghostly Armor+1","Metamorphosis+1","Whirlwind","Dark Embrace+1","Evolve+1","Power Through+1","Entrench+1","Limit Break+1","Bloodletting+1","Madness+1","Madness+1","Armaments+1","Dropkick","Shrug It Off+1","Immolate","True Grit+1","Reaper","Panacea+1","Iron Wave","Second Wind+1"],"relics":["Burning Blood","Pantograph","Incense Burner","Frozen Egg 2","Gambling Chip","Cursed Key","Pear","Toxic Egg 2","Mummified Hand","Red Mask","Dead Branch","Bottled Lightning","Empty Cage","FossilizedHelix","The Courier","Peace Pipe","Anchor"],"potions_floor_usage":[7,16,18,24,24,30,33,50,50],"damage_taken":[{"damage":4,"enemies":"Jaw Worm","floor":1,"turns":4},{"damage":13,"enemies":"Small Slimes","floor":5,"turns":4},{"damage":52,"enemies":"Gremlin Nob","floor":7,"turns":5},{"damage":2,"enemies":"Cultist","floor":12,"turns":4},{"damage":25,"enemies":"Lagavulin","floor":13,"turns":5},{"damage":12,"enemies":"2 Fungi Beasts","floor":14,"turns":6},{"damage":1,"enemies":"Slime Boss","floor":16,"turns":5},{"damage":5,"enemies":"Shell Parasite","floor":18,"turns":3},{"damage":29,"enemies":"3 Byrds","floor":20,"turns":4},{"damage":3,"enemies":"Snecko","floor":21,"turns":3},{"damage":30,"enemies":"Gremlin Leader","floor":24,"turns":8},{"damage":16,"enemies":"Slavers","floor":27,"turns":3},{"damage":17,"enemies":"Masked Bandits","floor":28,"turns":3},{"damage":19,"enemies":"Colosseum Slavers","floor":30,"turns":5},{"damage":17,"enemies":"Colosseum Nobs","floor":30,"turns":4},{"damage":1,"enemies":"Shelled Parasite and Fungi","floor":31,"turns":2},{"damage":19,"enemies":"Champ","floor":33,"turns":6},{"damage":3,"enemies":"3 Darklings","floor":35,"turns":2},{"damage":14,"enemies":"3 Shapes","floor":37,"turns":3},{"damage":12,"enemies":"Spire Growth","floor":38,"turns":1},{"damage":22,"enemies":"Writhing Mass","floor":39,"turns":4},{"damage":5,"enemies":"Giant Head","floor":40,"turns":5},{"damage":7,"enemies":"Reptomancer","floor":42,"turns":2},{"damage":0,"enemies":"Jaw Worm Horde","floor":47,"turns":2},{"damage":0,"enemies":"Maw","floor":48,"turns":3},{"damage":59,"enemies":"Awakened One","floor":50,"turns":8}],"seed_played":"-7270595445348646704","potions_obtained":[{"floor":1,"key":"LiquidBronze"},{"floor":12,"key":"GamblersBrew"},{"floor":14,"key":"SteroidPotion"},{"floor":20,"key":"Explosive Potion"},{"floor":21,"key":"Energy Potion"},{"floor":28,"key":"Explosive Potion"},{"floor":30,"key":"PowerPotion"},{"floor":33,"key":"SpeedPotion"},{"floor":35,"key":"Strength Potion"}],"is_trial":false,"path_per_floor":["M","?","$","?","M","R","E","R","T","?","R","M","E","M","R","B",null,"M","?","M","M","$","R","E","R","T","E","?","R","?","M","R","B",null,"M","?","M","M","M","E","R","E","T","R","$","R","M","M","R","B",null],"character_chosen":"IRONCLAD","items_purchased":["Shockwave","Ghostly Armor","Metamorphosis","Anchor","Reaper","Panacea+1"],"campfire_rested":5,"item_purchase_floors":[3,22,22,45,45,45],"current_hp_per_floor":[74,67,67,67,60,60,14,38,38,22,46,50,31,25,25,55,74,75,75,52,55,55,55,41,68,68,58,47,74,50,55,55,67,84,87,76,68,62,46,47,74,73,73,73,73,73,79,85,85,62],"gold":135,"neow_bonus":"UPGRADE_CARD","is_prod":false,"is_daily":false,"chose_seed":false,"campfire_upgraded":7,"win_rate":0,"timestamp":1552913696,"path_taken":["M","?","$","?","M","R","E","R","T","?","R","M","E","M","R","BOSS","M","?","M","?","$","R","E","R","T","E","?","R","?","M","R","BOSS","M","?","M","M","M","E","R","E","T","R","$","R","M","M","R","BOSS"],"build_version":"2019-01-23","purchased_purges":2,"victory":true,"max_hp_per_floor":[80,80,80,80,80,80,80,80,80,80,80,80,80,80,80,80,80,80,80,80,80,80,80,90,90,90,90,90,90,90,90,90,90,90,90,90,90,90,90,90,90,90,90,90,90,90,90,90,90,90],"card_choices":[{"not_picked":["Whirlwind","Warcry"],"picked":"Spot Weakness","floor":1},{"not_picked":["Clash","Flex"],"picked":"Spot Weakness","floor":5},{"not_picked":["Body Slam","Battle Trance"],"picked":"Pummel","floor":7},{"not_picked":["Headbutt","Evolve+1"],"picked":"Heavy Blade","floor":12},{"not_picked":["Bloodletting","Thunderclap"],"picked":"Inflame+1","floor":13},{"not_picked":["Thunderclap","Rupture+1"],"picked":"Spot Weakness","floor":14},{"not_picked":["Immolate","Berserk+1"],"picked":"Impervious","floor":16},{"not_picked":["Shockwave+1","Wild Strike"],"picked":"Iron Wave+1","floor":18},{"not_picked":["Shrug It Off+1","Evolve+1"],"picked":"Corruption+1","floor":20},{"not_picked":["Twin Strike","Reckless Charge"],"picked":"Cleave","floor":21},{"not_picked":["Thunderclap+1","Pommel Strike"],"picked":"Whirlwind","floor":24},{"not_picked":["Pommel Strike+1","Second Wind+1"],"picked":"Dark Embrace+1","floor":27},{"not_picked":["Reckless Charge","Wild Strike"],"picked":"Evolve+1","floor":28},{"not_picked":["Wild Strike","Dual Wield+1"],"picked":"Power Through+1","floor":30},{"not_picked":["Twin Strike","Clash"],"picked":"Entrench+1","floor":31},{"not_picked":["Exhume+1","Demon Form+1"],"picked":"Limit Break+1","floor":33},{"not_picked":["Pommel Strike+1","Iron Wave"],"picked":"Bloodletting+1","floor":35},{"not_picked":["Corruption+1","Combust+1"],"picked":"Armaments+1","floor":37},{"not_picked":["Clash","Dual Wield+1"],"picked":"Dropkick","floor":38},{"not_picked":["Carnage+1","Pommel Strike"],"picked":"Shrug It Off+1","floor":39},{"not_picked":["Pommel Strike+1","Burning Pact+1"],"picked":"Immolate","floor":40},{"not_picked":["Wild Strike","Sword Boomerang"],"picked":"True Grit+1","floor":42},{"not_picked":["Spot Weakness+1","Wild Strike+1"],"picked":"Iron Wave","floor":47},{"not_picked":["Rupture+1","Sword Boomerang+1"],"picked":"Second Wind+1","floor":48}],"player_experience":993963,"relics_obtained":[{"floor":7,"key":"Incense Burner"},{"floor":9,"key":"Frozen Egg 2"},{"floor":13,"key":"Gambling Chip"},{"floor":24,"key":"Pear"},{"floor":26,"key":"Toxic Egg 2"},{"floor":27,"key":"Mummified Hand"},{"floor":28,"key":"Red Mask"},{"floor":30,"key":"Dead Branch"},{"floor":30,"key":"Bottled Lightning"},{"floor":40,"key":"FossilizedHelix"},{"floor":42,"key":"The Courier"},{"floor":43,"key":"Peace Pipe"}],"event_choices":[{"damage_healed":0,"gold_gain":0,"player_choice":"Success","damage_taken":7,"relics_obtained":["Pantograph"],"max_hp_gain":0,"max_hp_loss":0,"event_name":"Scrap Ooze","floor":2,"gold_loss":0},{"damage_healed":0,"gold_gain":0,"player_choice":"Left Gold","damage_taken":0,"max_hp_gain":0,"max_hp_loss":0,"event_name":"World of Goop","floor":4,"gold_loss":35},{"damage_healed":0,"gold_gain":0,"player_choice":"Entered Light","damage_taken":16,"max_hp_gain":0,"max_hp_loss":0,"event_name":"Shining Light","floor":10,"gold_loss":0,"cards_upgraded":["Spot Weakness","Shockwave"]},{"damage_healed":0,"gold_gain":0,"player_choice":"Copied","damage_taken":0,"max_hp_gain":0,"max_hp_loss":0,"event_name":"Duplicator","floor":19,"gold_loss":0,"cards_obtained":["Heavy Blade"]},{"damage_healed":0,"gold_gain":0,"player_choice":"Fought Bandits","damage_taken":0,"max_hp_gain":0,"max_hp_loss":0,"event_name":"Masked Bandits","floor":28,"gold_loss":0},{"damage_healed":0,"gold_gain":0,"player_choice":"Fight","damage_taken":0,"max_hp_gain":0,"max_hp_loss":0,"event_name":"Colosseum","floor":30,"gold_loss":0},{"damage_healed":0,"gold_gain":0,"player_choice":"Fought Nobs","damage_taken":0,"max_hp_gain":0,"max_hp_loss":0,"event_name":"Colosseum","floor":30,"gold_loss":0},{"damage_healed":0,"gold_gain":0,"player_choice":"Embrace Madness","damage_taken":11,"max_hp_gain":0,"max_hp_loss":0,"event_name":"Winding Halls","floor":36,"gold_loss":0,"cards_obtained":["Madness","Madness"]}],"is_beta":false,"boss_relics":[{"not_picked":["Black Blood","Runic Cube"],"picked":"Cursed Key"},{"not_picked":["Runic Dome","Runic Pyramid"],"picked":"Empty Cage"}],"items_purged_floors":[22,45],"is_endless":false,"potions_floor_spawned":[1,12,14,20,21,28,30,30,33,35,37,38,47],"ascension_level":11}