{"gold_per_floor":[12,12,12,12,32,32,42,317,341,341,359,377,201,219,219,317,317,337,351,361,361,276,276,305,305,331,331,350,5,15,33,33,135,135,151,200,8,20,20,20,20,20,20,20,36,65,65,96,96,96],"floor_reached":51,"playtime":70924,"items_purged":["Regret"],"score":919,"play_id":"bfa03a1a-de89-4339-95fb-eaddfae65a7e","local_time":"20190506120948","is_ascension_mode":true,"campfire_choices":[{"data":"Storm","floor":6.0,"key":"SMITH"},{"data":"Zap","floor":10.0,"key":"SMITH"},{"floor":15.0,"key":"REST"},{"data":"Amplify","floor":23.0,"key":"SMITH"},{"data":"Capacitor","floor":25.0,"key":"SMITH"},{"data":"Hello World","floor":27.0,"key":"SMITH"},{"data":"Static Discharge","floor":32,"key":"SMITH"},{"floor":40,"key":"REST"},{"data":"Loop","floor":42,"key":"SMITH"},{"data":"Buffer","floor":44,"key":"SMITH"},{"data":"Heatsinks","floor":47,"key":"SMITH"},{"data":"Amplify","floor":49,"key":"SMITH"}],"neow_cost":"NO_GOLD","seed_source_timestamp":315626873573707,"circlet_count":0,"master_deck":["Zap+1","Dualcast","Compile Driver","Consume+1","Genetic Algorithm","Storm+1","Coolheaded","Cold Snap","Chill","Conserve Battery","Hello World+1","Chill","Amplify+1","Capacitor+1","Compile Driver","Turbo","Coolheaded","Static Discharge+1","Heatsinks+1","Sunder+1","Heatsinks","Conserve Battery","Conserve Battery+1","Self Repair","Panache","Storm","PanicButton","Force Field","Double Energy","Buffer+1","Loop+1","Rip and Tear+1","Coolheaded","Glacier","Double Energy","Sweeping Beam+1","Chaos","Amplify+1"],"special_seed":0,"relics":["Cracked Core","Bag of Preparation","Pandora\u0027s Box","Blood Vial","Mummified Hand","Smiling Mask","Lizard Tail","Prayer Wheel","Toy Ornithopter","Cables","Bottled Flame","Boot","Strawberry"],"potions_floor_usage":[50,50],"damage_taken":[{"damage":10.0,"enemies":"Small Slimes","floor":1.0,"turns":3.0},{"damage":12.0,"enemies":"2 Louse","floor":5.0,"turns":2.0},{"damage":10.0,"enemies":"Cultist","floor":7.0,"turns":4.0},{"damage":17.0,"enemies":"Looter","floor":11.0,"turns":3.0},{"damage":9.0,"enemies":"Exordium Thugs","floor":12.0,"turns":5.0},{"damage":6.0,"enemies":"Lots of Slimes","floor":14.0,"turns":4.0},{"damage":19.0,"enemies":"The Guardian","floor":16.0,"turns":12.0},{"damage":10.0,"enemies":"Shell Parasite","floor":18.0,"turns":3.0},{"damage":0.0,"enemies":"Chosen","floor":19.0,"turns":6.0},{"damage":0.0,"enemies":"Sentry and Sphere","floor":20.0,"turns":5.0},{"damage":5.0,"enemies":"Gremlin Leader","floor":24.0,"turns":5.0},{"damage":0.0,"enemies":"Chosen and Byrds","floor":28.0,"turns":5.0},{"damage":0,"enemies":"Centurion and Healer","floor":30,"turns":1},{"damage":9,"enemies":"Snecko","floor":31,"turns":3},{"damage":1,"enemies":"Automaton","floor":33,"turns":6},{"damage":0,"enemies":"Orb Walker","floor":35,"turns":2},{"damage":47,"enemies":"2 Orb Walkers","floor":36,"turns":5},{"damage":0,"enemies":"3 Shapes","floor":38,"turns":4},{"damage":0,"enemies":"Maw","floor":45,"turns":7},{"damage":0,"enemies":"Reptomancer","floor":46,"turns":5},{"damage":0,"enemies":"Giant Head","floor":48,"turns":6},{"damage":23,"enemies":"Donu and Deca","floor":50,"turns":5}],"seed_played":"-883369436608119000","potions_obtained":[{"floor":1.0,"key":"Block Potion"},{"floor":4.0,"key":"Poison Potion"},{"floor":4.0,"key":"SneckoOil"},{"floor":4.0,"key":"PowerPotion"},{"floor":11.0,"key":"FearPotion"},{"floor":16.0,"key":"Swift Potion"},{"floor":20.0,"key":"Strength Potion"},{"floor":28.0,"key":"SneckoOil"},{"floor":31,"key":"LiquidBronze"},{"floor":36,"key":"FocusPotion"},{"floor":46,"key":"FearPotion"},{"floor":48,"key":"Energy Potion"}],"is_trial":false,"path_per_floor":["M","?","?","?","M","R","M","?","T","R","M","M","$","M","R","B",null,"M","M","M","?","?","R","E","R","T","R","M","$","M","M","R","B",null,"M","?","$","M","$","R","?","R","T","R","M","E","R","E","R","B",null],"character_chosen":"DEFECT","items_purchased":["Conserve Battery","Hello World","Panache","Storm","PanicButton","Toy Ornithopter"],"campfire_rested":2,"item_purchase_floors":[13,13,29,29,29,37],"current_hp_per_floor":[65,65,65,65,53,53,43,43,43,43,26,17,17,11,33,14,60,50,50,50,75,75,75,70,70,70,70,72,72,75,66,66,74,75,75,35,35,37,37,59,59,59,59,59,61,70,70,82,82,71],"gold":96,"neow_bonus":"TRANSFORM_TWO_CARDS","is_prod":false,"is_daily":false,"chose_seed":false,"campfire_upgraded":10,"win_rate":0,"timestamp":1557108588,"path_taken":["M","?","?","?","?","R","M","?","T","R","M","M","?","M","R","BOSS","M","M","?","?","?","R","E","R","T","R","M","$","M","M","R","BOSS","M","?","$","M","$","R","?","R","T","R","M","E","R","E","R","BOSS"],"build_version":"2019-01-23","purchased_purges":1,"victory":true,"max_hp_per_floor":[75,75,75,75,75,75,75,75,75,75,75,75,75,75,75,75,75,75,75,75,75,75,75,75,75,75,75,75,75,75,75,75,75,75,75,75,75,75,75,75,75,75,75,75,75,75,75,82,82,82],"card_choices":[{"not_picked":["Recycle","Chaos"],"picked":"Genetic Algorithm","floor":1.0},{"not_picked":["Sweeping Beam","Melter"],"picked":"Storm","floor":5.0},{"not_picked":["Go for the Eyes","Beam Cell"],"picked":"Coolheaded","floor":7.0},{"not_picked":["Go for the Eyes","Genetic Algorithm"],"picked":"Cold Snap","floor":11.0},{"not_picked":["Sweeping Beam","Hologram"],"picked":"Chill","floor":12.0},{"not_picked":["Leap","Cold Snap"],"picked":"Chill","floor":14.0},{"not_picked":["Reboot","Fission"],"picked":"Amplify","floor":16.0},{"not_picked":["Reprogram","Leap"],"picked":"Sunder+1","floor":18.0},{"not_picked":["Hologram","Conserve Battery"],"picked":"Heatsinks","floor":19.0},{"not_picked":["Reinforced Body","Compile Driver+1"],"picked":"Conserve Battery","floor":20.0},{"not_picked":["Genetic Algorithm","Sweeping Beam"],"picked":"Conserve Battery+1","floor":24.0},{"not_picked":["Melter","Hologram+1"],"picked":"Self Repair","floor":28.0},{"not_picked":["Sweeping Beam","Coolheaded"],"picked":"Force Field","floor":30},{"not_picked":["Barrage","Beam Cell"],"picked":"Double Energy","floor":31},{"not_picked":["Thunder Strike","Hyperbeam"],"picked":"Buffer","floor":33},{"not_picked":["Leap","Cold Snap+1"],"picked":"Loop","floor":35},{"not_picked":["Fusion","Beam Cell+1"],"picked":"Rip and Tear+1","floor":36},{"not_picked":["Beam Cell","Ball Lightning"],"picked":"Coolheaded","floor":38},{"not_picked":["Streamline+1","Scrape+1"],"picked":"Glacier","floor":38},{"not_picked":["Go for the Eyes+1","Compile Driver+1"],"picked":"Double Energy","floor":45},{"not_picked":["Reprogram","Auto Shields+1"],"picked":"Sweeping Beam+1","floor":45},{"not_picked":["Gash+1","Coolheaded"],"picked":"Chaos","floor":46},{"not_picked":["Rebound+1","Steam+1"],"picked":"Amplify","floor":48}],"player_experience":1507376,"relics_obtained":[{"floor":9.0,"key":"Bag of Preparation"},{"floor":24.0,"key":"Mummified Hand"},{"floor":26.0,"key":"Smiling Mask"},{"floor":36,"key":"Prayer Wheel"},{"floor":43,"key":"Bottled Flame"},{"floor":46,"key":"Boot"},{"floor":48,"key":"Strawberry"}],"event_choices":[{"damage_healed":0.0,"max_hp_gain":0.0,"max_hp_loss":0.0,"gold_gain":0.0,"event_name":"Shining Light","player_choice":"Ignored","floor":2.0,"gold_loss":0.0,"damage_taken":0.0},{"damage_healed":0.0,"max_hp_gain":0.0,"max_hp_loss":0.0,"gold_gain":0.0,"event_name":"Living Wall","player_choice":"Grow","floor":3.0,"gold_loss":0.0,"damage_taken":0.0,"cards_upgraded":["Consume"]},{"damage_healed":0.0,"max_hp_gain":0.0,"max_hp_loss":0.0,"gold_gain":0.0,"event_name":"Lab","player_choice":"Got Potions","floor":4.0,"gold_loss":0.0,"damage_taken":0.0},{"damage_healed":0.0,"max_hp_gain":0.0,"max_hp_loss":0.0,"gold_gain":275.0,"event_name":"Golden Shrine","player_choice":"Desecrate","floor":8.0,"gold_loss":0.0,"damage_taken":0.0,"cards_obtained":["Regret"]},{"damage_healed":25.0,"max_hp_gain":0.0,"max_hp_loss":0.0,"gold_gain":0.0,"event_name":"The Library","player_choice":"Heal","floor":21.0,"gold_loss":0.0,"damage_taken":0.0},{"damage_healed":0.0,"max_hp_gain":0.0,"max_hp_loss":0.0,"gold_gain":0.0,"event_name":"Addict","player_choice":"Obtained Relic","floor":22.0,"gold_loss":85.0,"damage_taken":0.0,"relics_obtained":["Blood Vial"]},{"damage_healed":0,"gold_gain":0,"player_choice":"Fight","damage_taken":0,"max_hp_gain":0,"max_hp_loss":0,"event_name":"Mysterious Sphere","floor":36,"gold_loss":0},{"damage_healed":0,"gold_gain":0,"player_choice":"Gave Potion","damage_taken":0,"relics_obtained":["Cables"],"max_hp_gain":0,"max_hp_loss":0,"event_name":"WeMeetAgain","floor":41,"gold_loss":0}],"is_beta":false,"boss_relics":[{"not_picked":["Tiny House","Fusion Hammer"],"picked":"Pandora\u0027s Box"},{"not_picked":["Cursed Key","Eternal Feather"],"picked":"Lizard Tail"}],"items_purged_floors":[13],"is_endless":false,"potions_floor_spawned":[1,11,16,20,28,31,36,46,48],"ascension_level":5}