{"gold_per_floor":[116,146,162,177,225,225,243,243,288,288,288,298,327,344,344,443,443,456,467,467,566,579,579,579],"floor_reached":24,"playtime":2086,"items_purged":[],"score":310,"play_id":"b3a149a3-05f6-46db-9a0c-6fac6b92918f","local_time":"20190219120338","is_ascension_mode":true,"campfire_choices":[{"data":"Armaments","floor":8.0,"key":"SMITH"},{"floor":11.0,"key":"REST"},{"floor":15.0,"key":"REST"},{"floor":23,"key":"REST"}],"neow_cost":"CURSE","seed_source_timestamp":469303255938689,"circlet_count":0,"master_deck":["Strike_R","Strike_R","Strike_R+1","Strike_R","Strike_R","Defend_R","Defend_R","Defend_R","Defend_R","Bash","Shrug It Off","Metallicize","Cleave+1","Combust","Flex","Heavy Blade","Dropkick","Armaments+1","Barricade","Brutality","Sentinel","Power Through","Reaper","Cleave+1","Carnage+1","Flex","Power Through"],"special_seed":0,"relics":["Burning Blood","Prayer Wheel","Tiny Chest","Omamori","Anchor","Whetstone","Snecko Eye"],"potions_floor_usage":[16,19],"damage_taken":[{"damage":6.0,"enemies":"Small Slimes","floor":1.0,"turns":4.0},{"damage":9.0,"enemies":"Jaw Worm","floor":3.0,"turns":6.0},{"damage":3.0,"enemies":"2 Louse","floor":4.0,"turns":2.0},{"damage":14.0,"enemies":"Red Slaver","floor":7.0,"turns":4.0},{"damage":6.0,"enemies":"3 Louse","floor":12.0,"turns":2.0},{"damage":27.0,"enemies":"Gremlin Nob","floor":13.0,"turns":5.0},{"damage":16.0,"enemies":"Exordium Wildlife","floor":14.0,"turns":3.0},{"damage":20,"enemies":"Hexaghost","floor":16,"turns":12},{"damage":22,"enemies":"Spheric Guardian","floor":18,"turns":4},{"damage":24,"enemies":"2 Thieves","floor":19,"turns":3},{"damage":28,"enemies":"Snake Plant","floor":22,"turns":4},{"damage":85,"enemies":"Book of Stabbing","floor":24,"turns":5}],"seed_played":"2105342277820272196","potions_obtained":[{"floor":1.0,"key":"Dexterity Potion"},{"floor":3.0,"key":"SpeedPotion"},{"floor":6.0,"key":"SkillPotion"},{"floor":12.0,"key":"AttackPotion"},{"floor":14.0,"key":"SpeedPotion"},{"floor":18,"key":"Fruit Juice"}],"is_trial":false,"path_per_floor":["M","?","M","M","T","?","M","R","T","?","R","M","E","M","R","B",null,"M","M","?","?","M","R","E"],"character_chosen":"IRONCLAD","items_purchased":[],"campfire_rested":3,"item_purchase_floors":[],"current_hp_per_floor":[80,55,52,55,55,55,47,47,47,40,64,64,43,33,57,43,71,60,55,55,55,39,64,0],"gold":579,"neow_bonus":"ONE_RARE_RELIC","is_prod":false,"is_daily":false,"chose_seed":false,"campfire_upgraded":1,"win_rate":0,"timestamp":1550538218,"path_taken":["M","?","M","M","?","?","?","R","T","?","R","M","E","M","R","BOSS","M","M","?","?","M","R","E"],"build_version":"2019-01-23","purchased_purges":0,"victory":false,"max_hp_per_floor":[80,80,80,80,80,80,80,80,80,80,80,80,80,80,80,80,80,80,85,85,85,85,85,85],"card_choices":[{"not_picked":["Disarm","Headbutt"],"picked":"Shrug It Off","floor":1.0},{"not_picked":["True Grit","Twin Strike"],"picked":"Metallicize","floor":1.0},{"not_picked":["Clash","Burning Pact"],"picked":"Cleave","floor":3.0},{"not_picked":["Perfected Strike","Headbutt"],"picked":"Combust","floor":3.0},{"not_picked":["Armaments","Offering"],"picked":"Flex","floor":4.0},{"not_picked":["Warcry","Headbutt"],"picked":"Heavy Blade","floor":4.0},{"not_picked":["Warcry","Iron Wave"],"picked":"Dropkick","floor":7.0},{"not_picked":["Burning Pact","Clash"],"picked":"Armaments","floor":7.0},{"not_picked":["Sentinel","Rupture"],"picked":"Barricade","floor":12.0},{"not_picked":["Pommel Strike","Headbutt","Reckless Charge"],"picked":"SKIP","floor":12.0},{"not_picked":["Cleave","Rampage"],"picked":"Brutality","floor":13.0},{"not_picked":["Rampage","Corruption"],"picked":"Sentinel","floor":14.0},{"not_picked":["Warcry","Armaments"],"picked":"Power Through","floor":14.0},{"not_picked":["Brutality","Demon Form"],"picked":"Reaper","floor":16},{"not_picked":["True Grit","Pommel Strike"],"picked":"Cleave+1","floor":18},{"not_picked":["Pommel Strike","Fire Breathing","Clothesline+1"],"picked":"SKIP","floor":18},{"not_picked":["Pommel Strike+1","Havoc"],"picked":"Carnage+1","floor":19},{"not_picked":["True Grit","Shrug It Off","Wild Strike"],"picked":"SKIP","floor":19},{"not_picked":["Wild Strike","Feel No Pain"],"picked":"Flex","floor":22},{"not_picked":["Wild Strike","Barricade"],"picked":"Power Through","floor":22}],"player_experience":556464,"relics_obtained":[{"floor":5.0,"key":"Omamori"},{"floor":9.0,"key":"Anchor"},{"floor":13.0,"key":"Whetstone"}],"event_choices":[{"damage_healed":0.0,"max_hp_gain":0.0,"max_hp_loss":0.0,"gold_gain":0.0,"event_name":"Scrap Ooze","player_choice":"Success","floor":2.0,"gold_loss":0.0,"damage_taken":25.0,"relics_obtained":["Tiny Chest"]},{"damage_healed":0.0,"max_hp_gain":0.0,"max_hp_loss":0.0,"gold_gain":0.0,"event_name":"Lab","player_choice":"Got Potions","floor":6.0,"gold_loss":0.0,"damage_taken":0.0},{"cards_removed":["Decay"],"damage_healed":0.0,"max_hp_gain":0.0,"max_hp_loss":0.0,"gold_gain":0.0,"event_name":"Golden Wing","player_choice":"Card Removal","floor":10.0,"gold_loss":0.0,"damage_taken":7.0},{"damage_healed":0,"gold_gain":0,"player_choice":"Ignored","damage_taken":0,"max_hp_gain":0,"max_hp_loss":0,"event_name":"Ghosts","floor":20,"gold_loss":0},{"damage_healed":0,"gold_gain":99,"player_choice":"Stole From Cult","damage_taken":0,"max_hp_gain":0,"max_hp_loss":0,"event_name":"Nest","floor":21,"gold_loss":0}],"is_beta":false,"boss_relics":[{"not_picked":["White Beast Statue","Orrery"],"picked":"Snecko Eye"}],"items_purged_floors":[],"is_endless":false,"potions_floor_spawned":[1,3,12,14,18],"killed_by":"Book of Stabbing","ascension_level":5}