{"gold_per_floor":[119,131,44,56,56,97,97,97,177,147,190,210,285,299,299,423,423,439,452,452,33,57,92,92,110,165,177,210,243,275,287,299,439,451,488,304,13,26,46,67,67,67,67,18,32,66,19,44,44,44],"floor_reached":50,"playtime":9761,"items_purged":["Injury","Strike_R"],"score":631,"play_id":"4fd4fdfc-a898-422b-a89f-8c19e28b9d75","local_time":"20190101103350","is_ascension_mode":false,"campfire_choices":[{"data":"Armaments","floor":7,"key":"SMITH"},{"data":"Infernal Blade","floor":15,"key":"SMITH"},{"floor":24,"key":"REST"},{"floor":32,"key":"REST"},{"floor":49,"key":"REST"}],"neow_cost":"NONE","seed_source_timestamp":209068216319610,"circlet_count":0,"master_deck":["Strike_R","Strike_R","Strike_R","Strike_R","Defend_R","Defend_R","Defend_R","Defend_R","Bash","Armaments","Seeing Red+1","Flame Barrier","Shrug It Off","Cleave","Armaments+1","Infernal Blade+1","Uppercut","Blood for Blood","Heavy Blade","Reaper","Metallicize+1","Rampage","Necronomicurse","Enlightenment","Violence","Barricade","Battle Trance","Perfected Strike+1","Bash","Purity","Body Slam","Shrug It Off","Clothesline+1","Inflame","Heavy Blade","Demon Form","Warcry+1","Flex","Whirlwind","Metamorphosis","Sword Boomerang","Corruption+1","Parasite","True Grit+1","Heavy Blade+1","Doubt","Uppercut+1","Pommel Strike+1","True Grit","Bludgeon"],"relics":["Burning Blood","Golden Idol","Strawberry","Pear","StoneCalendar","Mark of Pain","Necronomicon","Bag of Preparation","MawBank","Black Star","Happy Flower","Self Forming Clay","PreservedInsect","War Paint"],"potions_floor_usage":[22,23,23,30,33,33,38,46,46,50],"damage_taken":[{"damage":9,"enemies":"Small Slimes","floor":1,"turns":5},{"damage":1,"enemies":"Jaw Worm","floor":2,"turns":3},{"damage":0,"enemies":"2 Louse","floor":4,"turns":2},{"damage":18,"enemies":"3 Sentries","floor":6,"turns":10},{"damage":0,"enemies":"Looter","floor":10,"turns":4},{"damage":0,"enemies":"Gremlin Nob","floor":11,"turns":3},{"damage":14,"enemies":"Exordium Wildlife","floor":12,"turns":5},{"damage":8,"enemies":"Lots of Slimes","floor":14,"turns":3},{"damage":36,"enemies":"Slime Boss","floor":16,"turns":9},{"damage":41,"enemies":"Spheric Guardian","floor":18,"turns":6},{"damage":41,"enemies":"2 Thieves","floor":19,"turns":4},{"damage":16,"enemies":"Snake Plant","floor":22,"turns":4},{"damage":36,"enemies":"Book of Stabbing","floor":23,"turns":6},{"damage":18,"enemies":"Shelled Parasite and Fungi","floor":25,"turns":7},{"damage":12,"enemies":"Snecko","floor":28,"turns":4},{"damage":2,"enemies":"Cultist and Chosen","floor":29,"turns":6},{"damage":6,"enemies":"Centurion and Healer","floor":30,"turns":6},{"damage":83,"enemies":"Collector","floor":33,"turns":8},{"damage":6,"enemies":"3 Shapes","floor":35,"turns":5},{"damage":43,"enemies":"3 Darklings","floor":38,"turns":7},{"damage":43,"enemies":"Writhing Mass","floor":39,"turns":5},{"damage":47,"enemies":"Jaw Worm Horde","floor":40,"turns":5},{"damage":27,"enemies":"Sphere and 2 Shapes","floor":45,"turns":6},{"damage":70,"enemies":"Reptomancer","floor":46,"turns":7},{"damage":68,"enemies":"4 Shapes","floor":48,"turns":4},{"damage":93,"enemies":"Awakened One","floor":50,"turns":7}],"seed_played":"-4979688800272637621","potions_obtained":[{"floor":6,"key":"EssenceOfSteel"},{"floor":11,"key":"Block Potion"},{"floor":16,"key":"Energy Potion"},{"floor":23,"key":"FearPotion"},{"floor":25,"key":"Weak Potion"},{"floor":28,"key":"SpeedPotion"},{"floor":29,"key":"SteroidPotion"},{"floor":38,"key":"Ancient Potion"},{"floor":46,"key":"PowerPotion"}],"is_trial":false,"path_per_floor":["M","M","$","M","?","E","R","?","T","M","E","M","?","M","R","B",null,"M","M","?","$","M","E","R","M","T","?","M","M","M","?","R","B",null,"M","$","$","M","M","M","?","T","T","$","M","E","$","M","R","B"],"character_chosen":"IRONCLAD","items_purchased":["Flame Barrier","Shrug It Off","Regen Potion","Enlightenment","Violence","Flex","Whirlwind","Metamorphosis","BloodPotion","Sword Boomerang","Block Potion","True Grit"],"campfire_rested":3,"item_purchase_floors":[3,3,21,21,21,36,36,37,37,37,44,47],"current_hp_per_floor":[85,88,88,88,88,83,83,83,93,99,105,97,86,84,84,54,105,70,45,29,29,36,18,49,43,43,43,37,49,85,85,105,52,105,105,105,105,78,41,26,105,105,105,105,86,56,56,18,49,0],"gold":44,"neow_bonus":"TEN_PERCENT_HP_BONUS","is_prod":false,"is_daily":false,"chose_seed":false,"campfire_upgraded":2,"win_rate":0.0,"timestamp":1546299230,"path_taken":["M","M","$","M","?","E","R","?","T","M","E","M","?","M","R","BOSS","M","M","?","$","M","E","R","M","T","?","M","M","?","?","R","BOSS","M","?","$","?","M","M","?","?","T","$","M","E","?","M","R","BOSS"],"build_version":"2018-12-20","purchased_purges":2,"victory":false,"max_hp_per_floor":[88,88,88,88,88,95,95,95,105,105,105,105,105,105,105,105,105,105,105,105,105,105,105,105,105,105,105,105,105,105,105,105,105,105,105,105,105,105,105,105,105,105,105,105,105,105,105,105,105,105],"card_choices":[{"not_picked":["Cleave","Thunderclap"],"picked":"Armaments","floor":1},{"not_picked":["Dropkick","Clash"],"picked":"Seeing Red","floor":2},{"not_picked":["Sword Boomerang","Headbutt"],"picked":"Cleave","floor":4},{"not_picked":["Corruption","Carnage"],"picked":"Armaments","floor":6},{"not_picked":["Dual Wield","True Grit"],"picked":"Infernal Blade","floor":10},{"not_picked":["Corruption","True Grit"],"picked":"Uppercut","floor":11},{"not_picked":["Twin Strike","Armaments"],"picked":"Blood for Blood","floor":12},{"not_picked":["Clash","Headbutt"],"picked":"Heavy Blade","floor":14},{"not_picked":["Impervious","Berserk"],"picked":"Reaper","floor":16},{"not_picked":["Body Slam+1","Warcry"],"picked":"Metallicize+1","floor":18},{"not_picked":["Sword Boomerang","Cleave"],"picked":"Rampage","floor":19},{"not_picked":["Clothesline","Hemokinesis"],"picked":"Barricade","floor":22},{"not_picked":["Pummel","Clash"],"picked":"Battle Trance","floor":23},{"not_picked":["Disarm+1","Cleave"],"picked":"Perfected Strike+1","floor":25},{"not_picked":["Power Through","Carnage"],"picked":"Shrug It Off","floor":28},{"not_picked":["Twin Strike","Entrench"],"picked":"Clothesline+1","floor":29},{"not_picked":["True Grit+1","Perfected Strike"],"picked":"Inflame","floor":30},{"not_picked":["Impervious","Brutality"],"picked":"Demon Form","floor":33},{"not_picked":["Heavy Blade+1","Dual Wield"],"picked":"Warcry","floor":35},{"not_picked":["Dual Wield","Thunderclap"],"picked":"Corruption+1","floor":38},{"not_picked":["Sword Boomerang","Body Slam"],"picked":"True Grit+1","floor":39},{"not_picked":["Armaments+1","Warcry"],"picked":"Heavy Blade+1","floor":40},{"not_picked":["Rupture+1","Clothesline+1"],"picked":"Uppercut+1","floor":45},{"not_picked":["Cleave","Body Slam+1"],"picked":"Pommel Strike+1","floor":46},{"not_picked":["Power Through+1","Twin Strike+1"],"picked":"Bludgeon","floor":48}],"player_experience":31380,"relics_obtained":[{"floor":6,"key":"Strawberry"},{"floor":9,"key":"Pear"},{"floor":11,"key":"StoneCalendar"},{"floor":20,"key":"Necronomicon"},{"floor":23,"key":"Bag of Preparation"},{"floor":26,"key":"MawBank"},{"floor":42,"key":"Happy Flower"},{"floor":43,"key":"Self Forming Clay"},{"floor":46,"key":"PreservedInsect"},{"floor":46,"key":"War Paint"}],"event_choices":[{"damage_healed":0,"gold_gain":0,"player_choice":"Take Wound","damage_taken":0,"relics_obtained":["Golden Idol"],"max_hp_gain":0,"max_hp_loss":0,"event_name":"Golden Idol","floor":5,"gold_loss":0,"cards_obtained":["Injury"]},{"damage_healed":0,"gold_gain":0,"player_choice":"Ignored","damage_taken":0,"max_hp_gain":0,"max_hp_loss":0,"event_name":"Liars Game","floor":8,"gold_loss":0},{"damage_healed":0,"gold_gain":75,"player_choice":"Gather Gold","damage_taken":11,"max_hp_gain":0,"max_hp_loss":0,"event_name":"World of Goop","floor":13,"gold_loss":0},{"damage_healed":0,"gold_gain":0,"player_choice":"Obtained Book","damage_taken":16,"max_hp_gain":0,"max_hp_loss":0,"event_name":"Cursed Tome","floor":20,"gold_loss":0},{"damage_healed":0,"gold_gain":0,"player_choice":"3 cards matched","damage_taken":0,"max_hp_gain":0,"max_hp_loss":0,"event_name":"Match and Keep!","floor":27,"gold_loss":0,"cards_obtained":["Bash","Purity","Body Slam"]},{"damage_healed":0,"gold_gain":0,"player_choice":"Copied","damage_taken":0,"max_hp_gain":0,"max_hp_loss":0,"event_name":"Duplicator","floor":31,"gold_loss":0,"cards_obtained":["Heavy Blade"]},{"damage_healed":79,"gold_gain":0,"player_choice":"Heal","damage_taken":0,"max_hp_gain":0,"max_hp_loss":0,"event_name":"MindBloom","floor":41,"gold_loss":0,"cards_obtained":["Doubt"]}],"is_beta":false,"boss_relics":[{"not_picked":["Runic Cube","Empty Cage"],"picked":"Mark of Pain"},{"not_picked":["Tiny House","Snecko Eye"],"picked":"Black Star"}],"items_purged_floors":[21,36],"is_endless":false,"potions_floor_spawned":[6,11,16,23,25,28,29,38,46],"killed_by":"Awakened One","ascension_level":0}