{"gold_per_floor":[118,136,86,86,98,98,125,155,155,155],"floor_reached":10,"playtime":807,"items_purged":[],"score":102,"play_id":"d7a2e8df-e062-4915-842e-c0952560da28","local_time":"20190316180353","is_ascension_mode":true,"campfire_choices":[{"data":"Iron Wave","floor":6.0,"key":"SMITH"}],"neow_cost":"NONE","seed_source_timestamp":232354155095716,"circlet_count":0,"master_deck":["AscendersBane","Strike_R","Strike_R","Strike_R","Strike_R","Defend_R","Defend_R","Defend_R","Defend_R","Bash","Iron Wave+1","Body Slam","Heavy Blade","Berserk","Flex"],"special_seed":0,"relics":["Burning Blood","NeowsBlessing","Dodecahedron","Odd Mushroom","Ice Cream","Letter Opener"],"potions_floor_usage":[],"damage_taken":[{"damage":0.0,"enemies":"Jaw Worm","floor":1.0,"turns":1.0},{"damage":0.0,"enemies":"Cultist","floor":2.0,"turns":1.0},{"damage":0.0,"enemies":"Small Slimes","floor":5.0,"turns":1.0},{"damage":22,"enemies":"The Mushroom Lair","floor":7,"turns":5},{"damage":30,"enemies":"Gremlin Nob","floor":8,"turns":5},{"damage":44,"enemies":"3 Sentries","floor":10,"turns":4}],"seed_played":"-2603163001635807844","potions_obtained":[{"floor":2.0,"key":"GamblersBrew"},{"floor":7,"key":"SpeedPotion"}],"is_trial":false,"path_per_floor":["M","M","?","?","M","R","?","E","T","E"],"character_chosen":"IRONCLAD","items_purchased":[],"campfire_rested":0,"item_purchase_floors":[],"current_hp_per_floor":[78,80,80,80,80,80,64,40,40,0],"gold":155,"neow_bonus":"THREE_ENEMY_KILL","is_prod":false,"is_daily":false,"chose_seed":false,"campfire_upgraded":1,"win_rate":0,"timestamp":1552719833,"path_taken":["M","M","?","?","?","R","?","E","T","E"],"build_version":"2019-01-23","purchased_purges":0,"victory":false,"max_hp_per_floor":[80,80,80,80,80,80,80,80,80,80],"card_choices":[{"not_picked":["True Grit","Heavy Blade"],"picked":"Iron Wave","floor":1.0},{"not_picked":["Twin Strike","Clothesline"],"picked":"Body Slam","floor":2.0},{"not_picked":["Carnage","Shrug It Off"],"picked":"Heavy Blade","floor":5.0},{"not_picked":["Heavy Blade","Armaments"],"picked":"Berserk","floor":7},{"not_picked":["Anger","Metallicize"],"picked":"Flex","floor":8}],"player_experience":949669,"relics_obtained":[{"floor":7,"key":"Odd Mushroom"},{"floor":8,"key":"Ice Cream"},{"floor":9,"key":"Letter Opener"}],"event_choices":[{"cards_removed":["Strike_R"],"damage_healed":0.0,"max_hp_gain":0.0,"max_hp_loss":0.0,"gold_gain":0.0,"event_name":"The Cleric","player_choice":"Card Removal","floor":3.0,"gold_loss":50.0,"damage_taken":0.0},{"damage_healed":0.0,"max_hp_gain":0.0,"max_hp_loss":0.0,"gold_gain":0.0,"event_name":"WeMeetAgain","player_choice":"Gave Potion","floor":4.0,"gold_loss":0.0,"damage_taken":0.0,"relics_obtained":["Dodecahedron"]},{"damage_healed":0,"gold_gain":0,"player_choice":"Fought Mushrooms","damage_taken":0,"max_hp_gain":0,"max_hp_loss":0,"event_name":"Mushrooms","floor":7,"gold_loss":0}],"is_beta":false,"boss_relics":[],"items_purged_floors":[],"is_endless":false,"potions_floor_spawned":[2,7],"killed_by":"3 Sentries","ascension_level":11}