{"gold_per_floor":[116,129,17,17,27,27,54,54,81,31,59,134,134,167,167,266,266,277,277,297,297,98,128,128,160,184,202,26,26,43,43,43,138,138,157,157,8,108,108,108],"floor_reached":40,"playtime":4609,"items_purged":["Strike_G","Defend_G"],"score":551,"play_id":"7526a789-ccc9-4022-861f-399b251510a5","local_time":"20190213231757","is_ascension_mode":true,"campfire_choices":[{"data":"Accuracy","floor":6.0,"key":"SMITH"},{"data":"Burst","floor":8.0,"key":"SMITH"},{"floor":13.0,"key":"REST"},{"floor":15.0,"key":"REST"},{"floor":24.0,"key":"REST"},{"floor":32.0,"key":"REST"}],"neow_cost":"NONE","seed_source_timestamp":706831419252155,"circlet_count":0,"master_deck":["Defend_G","Defend_G","Strike_G","Strike_G+1","Strike_G","Survivor","Neutralize","Heel Hook+1","All Out Attack","Crippling Poison","Accuracy+1","Burst+1","Purity","Underhanded Strike","Blade Dance","Storm of Steel+1","Heel Hook","Bullet Time+1","Cloak And Dagger+1","Dagger Throw+1","Shame","Blade Dance+1","Outmaneuver+1","Predator+1","Blade Dance+1","Outmaneuver+1","Blade Dance+1","Slice","Crippling Poison+1","Bullet Time+1","Setup+1","Sucker Punch+1","Concentrate+1","Underhanded Strike","Heel Hook","Finisher","Acrobatics+1","Pain"],"special_seed":0,"relics":["Ring of the Snake","NeowsBlessing","Centennial Puzzle","Pen Nib","Toxic Egg 2","Blood Vial","Philosopher\u0027s Stone","Art of War","Oddly Smooth Stone","Whetstone","Bag of Preparation","Orrery","Orichalcum","Ice Cream","WarpedTongs"],"potions_floor_usage":[38,38],"damage_taken":[{"damage":0.0,"enemies":"Cultist","floor":1.0,"turns":1.0},{"damage":0.0,"enemies":"Small Slimes","floor":2.0,"turns":1.0},{"damage":0.0,"enemies":"2 Louse","floor":5.0,"turns":1.0},{"damage":22.0,"enemies":"3 Sentries","floor":7.0,"turns":7.0},{"damage":11.0,"enemies":"Lagavulin","floor":11.0,"turns":6.0},{"damage":23.0,"enemies":"Gremlin Nob","floor":14.0,"turns":4.0},{"damage":52.0,"enemies":"Hexaghost","floor":16.0,"turns":14.0},{"damage":21.0,"enemies":"Shell Parasite","floor":18.0,"turns":3.0},{"damage":5.0,"enemies":"3 Byrds","floor":20.0,"turns":5.0},{"damage":8.0,"enemies":"Slavers","floor":23.0,"turns":4.0},{"damage":34.0,"enemies":"Book of Stabbing","floor":25.0,"turns":4.0},{"damage":4.0,"enemies":"Centurion and Healer","floor":27.0,"turns":3.0},{"damage":0.0,"enemies":"3 Cultists","floor":30.0,"turns":2.0},{"damage":20.0,"enemies":"Champ","floor":33.0,"turns":10.0},{"damage":11,"enemies":"Orb Walker","floor":35,"turns":3},{"damage":11,"enemies":"Mind Bloom Boss Battle","floor":38,"turns":7},{"damage":93,"enemies":"Giant Head","floor":40,"turns":7}],"seed_played":"8718293010373535859","potions_obtained":[{"floor":1.0,"key":"Fire Potion"},{"floor":2.0,"key":"Strength Potion"},{"floor":14.0,"key":"Regen Potion"},{"floor":20.0,"key":"SteroidPotion"},{"floor":23.0,"key":"Weak Potion"},{"floor":27.0,"key":"PowerPotion"},{"floor":33.0,"key":"Regen Potion"},{"floor":35,"key":"Swift Potion"}],"is_trial":false,"path_per_floor":["M","M","$","?","M","R","E","R","T","?","E","?","R","E","R","B",null,"M","?","M","?","$","E","R","E","T","M","$","?","M","$","R","B",null,"M","?","$","?","?","E"],"character_chosen":"THE_SILENT","items_purchased":["Crippling Poison","Blade Dance+1","Outmaneuver+1","Block Potion","GhostInAJar","Blade Dance+1","Orichalcum"],"campfire_rested":4,"item_purchase_floors":[3,22,22,28,28,28,37],"current_hp_per_floor":[70,70,70,70,70,70,48,48,48,48,37,26,47,24,45,10,70,49,36,33,33,33,27,49,17,17,15,15,15,17,17,39,21,75,64,64,64,68,68,0],"gold":108,"neow_bonus":"THREE_ENEMY_KILL","is_prod":false,"is_daily":false,"chose_seed":false,"campfire_upgraded":2,"win_rate":0,"timestamp":1550060277,"path_taken":["M","M","$","?","?","R","E","R","T","?","E","?","R","E","R","BOSS","M","?","M","?","$","E","R","E","T","M","$","?","?","?","R","BOSS","M","?","$","?","?","E"],"build_version":"2019-01-23","purchased_purges":2,"victory":false,"max_hp_per_floor":[70,70,70,70,70,70,70,70,70,70,70,70,70,70,70,70,70,70,75,75,75,75,75,75,75,75,75,75,75,75,75,75,75,75,75,75,75,75,75,75],"card_choices":[{"not_picked":["Concentrate","Catalyst"],"picked":"Heel Hook","floor":1.0},{"not_picked":["Eviscerate","Blur"],"picked":"All Out Attack","floor":2.0},{"not_picked":["Backflip","Dagger Spray"],"picked":"Underhanded Strike","floor":5.0},{"not_picked":["Quick Slash","Sucker Punch"],"picked":"Blade Dance","floor":7.0},{"not_picked":["Outmaneuver","Cloak And Dagger"],"picked":"Storm of Steel","floor":11.0},{"not_picked":["Endless Agony","Caltrops"],"picked":"Heel Hook","floor":14.0},{"not_picked":["Tools of the Trade","Burst+1"],"picked":"Bullet Time+1","floor":16.0},{"not_picked":["Skewer","Slice+1"],"picked":"Cloak And Dagger+1","floor":18.0},{"not_picked":["Poisoned Stab","PiercingWail+1"],"picked":"Dagger Throw+1","floor":20.0},{"not_picked":["PiercingWail+1","Flying Knee+1"],"picked":"Predator+1","floor":23.0},{"not_picked":["Dagger Throw","Underhanded Strike"],"picked":"Blade Dance+1","floor":25.0},{"not_picked":["Quick Slash","Setup+1"],"picked":"Outmaneuver+1","floor":27.0},{"not_picked":["Riddle With Holes","Poisoned Stab+1"],"picked":"Crippling Poison+1","floor":30.0},{"not_picked":["Glass Knife","Unload"],"picked":"Bullet Time+1","floor":33.0},{"not_picked":["Underhanded Strike","Distraction+1"],"picked":"Setup+1","floor":34.0},{"not_picked":["Masterful Stab","Setup+1"],"picked":"Sucker Punch+1","floor":34.0},{"not_picked":["Endless Agony","Deflect+1"],"picked":"Concentrate+1","floor":34.0},{"not_picked":["Sucker Punch","Quick Slash"],"picked":"Underhanded Strike","floor":34.0},{"not_picked":["Prepared+1","Bane+1"],"picked":"Heel Hook","floor":34.0},{"not_picked":["Slice+1","Acrobatics+1"],"picked":"Finisher","floor":35},{"not_picked":["Cloak And Dagger+1","Setup+1"],"picked":"Acrobatics+1","floor":38}],"player_experience":452603,"relics_obtained":[{"floor":7.0,"key":"Centennial Puzzle"},{"floor":9.0,"key":"Pen Nib"},{"floor":11.0,"key":"Toxic Egg 2"},{"floor":14.0,"key":"Blood Vial"},{"floor":23.0,"key":"Oddly Smooth Stone"},{"floor":25.0,"key":"Whetstone"},{"floor":26.0,"key":"Bag of Preparation"},{"floor":38,"key":"Ice Cream"}],"event_choices":[{"damage_healed":0.0,"max_hp_gain":0.0,"max_hp_loss":0.0,"gold_gain":0.0,"event_name":"Match and Keep!","player_choice":"3 cards matched","floor":4.0,"gold_loss":0.0,"damage_taken":0.0,"cards_obtained":["Accuracy","Burst","Purity"]},{"cards_removed":["Strike_G"],"damage_healed":0.0,"max_hp_gain":0.0,"max_hp_loss":0.0,"gold_gain":0.0,"event_name":"The Cleric","player_choice":"Card Removal","floor":10.0,"gold_loss":50.0,"damage_taken":0.0},{"damage_healed":0.0,"max_hp_gain":0.0,"max_hp_loss":0.0,"gold_gain":75.0,"event_name":"World of Goop","player_choice":"Gather Gold","floor":12.0,"gold_loss":0.0,"damage_taken":11.0},{"damage_healed":0.0,"max_hp_gain":5.0,"max_hp_loss":0.0,"gold_gain":0.0,"event_name":"Forgotten Altar","player_choice":"Shed Blood","floor":19.0,"gold_loss":0.0,"damage_taken":18.0},{"damage_healed":0.0,"max_hp_gain":0.0,"max_hp_loss":0.0,"gold_gain":0.0,"event_name":"Addict","player_choice":"Stole Relic","floor":21.0,"gold_loss":0.0,"damage_taken":0.0,"relics_obtained":["Art of War"],"cards_obtained":["Shame"]},{"damage_healed":0.0,"max_hp_gain":0.0,"max_hp_loss":0.0,"gold_gain":0.0,"cards_transformed":["Defend_G"],"event_name":"Transmorgrifier","player_choice":"Transformed","floor":29.0,"gold_loss":0.0,"damage_taken":0.0,"cards_obtained":["Slice"]},{"cards_removed":["Defend_G"],"damage_healed":0,"gold_gain":0,"player_choice":"Removed Skill","damage_taken":0,"max_hp_gain":0,"max_hp_loss":0,"event_name":"Falling","floor":36,"gold_loss":0},{"damage_healed":0,"gold_gain":0,"player_choice":"Fight","damage_taken":0,"max_hp_gain":0,"max_hp_loss":0,"event_name":"MindBloom","floor":38,"gold_loss":0},{"damage_healed":0,"gold_gain":0,"player_choice":"Rummage","damage_taken":0,"relics_obtained":["WarpedTongs"],"max_hp_gain":0,"max_hp_loss":0,"event_name":"Accursed Blacksmith","floor":39,"gold_loss":0,"cards_obtained":["Pain"]}],"is_beta":false,"boss_relics":[{"not_picked":["White Beast Statue","Black Star"],"picked":"Philosopher\u0027s Stone"},{"not_picked":["Runic Pyramid","Busted Crown"],"picked":"Orrery"}],"items_purged_floors":[3,22],"is_endless":false,"potions_floor_spawned":[1,2,14,20,23,27,30,33,35],"killed_by":"Giant Head","ascension_level":3}