{"gold_per_floor":[117,132,132,155,175,175,198,46,97,134,181,193,205,255,267,407,419,451,378,390,427,439,451,483,495,553,585,597,34,49,75,75,177,177,190,2,2,16,16,16,33,33,59,76,31,50,50,0,0,0],"floor_reached":51,"playtime":16166,"items_purged":["Strike_R","Strike_R"],"score":938,"play_id":"970ecfed-18c8-4396-9e87-011a8382ee6b","local_time":"20190220221947","is_ascension_mode":true,"campfire_choices":[{"data":"Flex","floor":6.0,"key":"SMITH"},{"floor":13.0,"key":"REST"},{"floor":15.0,"key":"REST"},{"data":"Limit Break","floor":23.0,"key":"SMITH"},{"data":"Barricade","floor":32.0,"key":"SMITH"},{"data":"Impervious","floor":40.0,"key":"SMITH"},{"data":"Flex","floor":42.0,"key":"SMITH"},{"data":"J.A.X.","floor":49.0,"key":"SMITH"}],"neow_cost":"NONE","seed_source_timestamp":575111694115589,"circlet_count":0,"master_deck":["Strike_R","Strike_R","Strike_R","Defend_R+1","Defend_R","Defend_R","Defend_R+1","Bash","Heavy Blade","Twin Strike","Injury","Iron Wave","Flex+1","Infernal Blade","Anger","Anger+1","Barricade+1","Limit Break+1","Whirlwind+1","Sword Boomerang+1","J.A.X.+1","Iron Wave+1","Regret","Heavy Blade+1","Clumsy","Spot Weakness","Reckless Charge+1","Sword Boomerang+1","Body Slam+1","Impervious+1","Whirlwind+1","Flex+1","Body Slam+1","Cleave+1","Clumsy","Shrug It Off","Heavy Blade+1","Ghostly Armor","Writhe"],"special_seed":0,"relics":["Burning Blood","Lantern","Bloody Idol","MawBank","Odd Mushroom","Molten Egg 2","War Paint","Letter Opener","Cursed Key","Anchor","Centennial Puzzle","Bottled Tornado","Shuriken","Singing Bowl","Mark of Pain","Bag of Marbles"],"potions_floor_usage":[50,50],"damage_taken":[{"damage":10.0,"enemies":"2 Louse","floor":1.0,"turns":3.0},{"damage":5.0,"enemies":"Small Slimes","floor":2.0,"turns":4.0},{"damage":0.0,"enemies":"Cultist","floor":4.0,"turns":2.0},{"damage":2.0,"enemies":"3 Louse","floor":5.0,"turns":4.0},{"damage":8.0,"enemies":"Blue Slaver","floor":7.0,"turns":2.0},{"damage":10.0,"enemies":"The Mushroom Lair","floor":10.0,"turns":4.0},{"damage":51.0,"enemies":"Lagavulin","floor":11.0,"turns":6.0},{"damage":34.0,"enemies":"Gremlin Nob","floor":14.0,"turns":5.0},{"damage":31.0,"enemies":"Hexaghost","floor":16.0,"turns":10.0},{"damage":12.0,"enemies":"Chosen","floor":18.0,"turns":6.0},{"damage":0.0,"enemies":"3 Byrds","floor":21.0,"turns":3.0},{"damage":9.0,"enemies":"Cultist and Chosen","floor":24.0,"turns":5.0},{"damage":26.0,"enemies":"3 Cultists","floor":27.0,"turns":4.0},{"damage":5.0,"enemies":"Centurion and Healer","floor":30.0,"turns":5.0},{"damage":19.0,"enemies":"Slavers","floor":31.0,"turns":4.0},{"damage":69.0,"enemies":"Champ","floor":33.0,"turns":8.0},{"damage":18.0,"enemies":"Orb Walker","floor":35.0,"turns":4.0},{"damage":3.0,"enemies":"3 Darklings","floor":38.0,"turns":4.0},{"damage":1.0,"enemies":"Jaw Worm Horde","floor":41.0,"turns":3.0},{"damage":47.0,"enemies":"Writhing Mass","floor":44.0,"turns":5.0},{"damage":3.0,"enemies":"Spire Growth","floor":46.0,"turns":4.0},{"damage":62,"enemies":"Donu and Deca","floor":50,"turns":8}],"seed_played":"7958147846375359614","potions_obtained":[{"floor":2.0,"key":"SpeedPotion"},{"floor":7.0,"key":"AttackPotion"},{"floor":10.0,"key":"Dexterity Potion"},{"floor":14.0,"key":"Explosive Potion"},{"floor":24.0,"key":"Weak Potion"},{"floor":30.0,"key":"EssenceOfSteel"},{"floor":33.0,"key":"GamblersBrew"},{"floor":41.0,"key":"SpeedPotion"},{"floor":44.0,"key":"Swift Potion"}],"is_trial":false,"path_per_floor":["M","M","?","M","M","R","M","$","T","?","E","?","R","E","R","B",null,"M","?","?","M","?","R","M","?","T","M","T","$","M","E","R","B",null,"M","$","?","M","$","R","M","R","T","M","$","M","?","$","R","B",null],"character_chosen":"IRONCLAD","items_purchased":["Evolve","Shuriken","Spot Weakness","Reckless Charge+1","Regen Potion","SteroidPotion","Whirlwind+1","Flex","Explosive Potion","Heavy Blade+1","Dexterity Potion"],"campfire_rested":2,"item_purchase_floors":[8,29,29,29,29,36,36,36,36,45,48],"current_hp_per_floor":[68,69,69,75,79,79,77,77,77,73,28,25,49,21,45,20,65,59,59,59,65,65,65,62,62,72,62,67,72,80,72,72,14,64,59,59,59,67,67,67,77,77,82,46,46,54,75,75,75,19],"gold":0,"neow_bonus":"RANDOM_COMMON_RELIC","is_prod":false,"is_daily":false,"chose_seed":false,"campfire_upgraded":6,"win_rate":0,"timestamp":1550661587,"path_taken":["M","M","?","M","M","R","M","$","T","?","E","?","R","E","R","BOSS","M","?","?","M","?","R","M","?","T","M","?","?","M","E","R","BOSS","M","?","?","M","$","R","M","R","T","M","$","M","?","?","R","BOSS"],"build_version":"2019-01-23","purchased_purges":2,"victory":true,"max_hp_per_floor":[80,80,80,80,80,80,80,80,80,80,80,80,80,80,80,80,80,80,80,80,80,80,80,80,80,80,80,80,80,80,80,80,80,80,82,82,82,82,82,82,82,82,82,82,82,82,82,82,82,82],"card_choices":[{"not_picked":["Twin Strike","Thunderclap"],"picked":"Heavy Blade","floor":1.0},{"not_picked":["Clash","Thunderclap"],"picked":"Twin Strike","floor":2.0},{"not_picked":["Cleave","Pummel"],"picked":"Iron Wave","floor":4.0},{"not_picked":["Shrug It Off","Evolve"],"picked":"Flex","floor":5.0},{"not_picked":["Wild Strike","Thunderclap"],"picked":"Infernal Blade","floor":7.0},{"not_picked":["Clash","Armaments"],"picked":"Anger","floor":10.0},{"not_picked":["Whirlwind","Havoc"],"picked":"Anger","floor":11.0},{"not_picked":["Armaments","Shrug It Off"],"picked":"Barricade","floor":14.0},{"not_picked":["Barricade","Exhume"],"picked":"Limit Break","floor":16.0},{"not_picked":["Pommel Strike+1","Heavy Blade+1"],"picked":"Whirlwind+1","floor":18.0},{"not_picked":["Second Wind","Clothesline+1"],"picked":"Sword Boomerang+1","floor":21.0},{"not_picked":["Headbutt+1","Rampage+1"],"picked":"Iron Wave+1","floor":24.0},{"not_picked":["Anger+1","Thunderclap+1"],"picked":"Heavy Blade+1","floor":27.0},{"not_picked":["Headbutt+1","Pommel Strike+1"],"picked":"Sword Boomerang+1","floor":30.0},{"not_picked":["Feel No Pain","Disarm"],"picked":"Body Slam+1","floor":31.0},{"not_picked":["Brutality","Bludgeon+1"],"picked":"Impervious","floor":33.0},{"not_picked":["Havoc+1","Clothesline+1","Clash+1"],"picked":"Singing Bowl","floor":35.0},{"not_picked":["Corruption+1","Uppercut+1"],"picked":"Body Slam+1","floor":38.0},{"not_picked":["Perfected Strike+1","Rampage+1"],"picked":"Cleave+1","floor":41.0},{"not_picked":["Anger+1","Headbutt+1"],"picked":"Shrug It Off","floor":44.0},{"not_picked":["Warcry+1","Iron Wave+1"],"picked":"Ghostly Armor","floor":46.0}],"player_experience":586429,"relics_obtained":[{"floor":9.0,"key":"MawBank"},{"floor":10.0,"key":"Odd Mushroom"},{"floor":11.0,"key":"Molten Egg 2"},{"floor":14.0,"key":"Letter Opener"},{"floor":26.0,"key":"Centennial Puzzle"},{"floor":28.0,"key":"Bottled Tornado"},{"floor":31.0,"key":"Singing Bowl"},{"floor":43.0,"key":"Bag of Marbles"}],"event_choices":[{"damage_healed":0.0,"max_hp_gain":0.0,"max_hp_loss":0.0,"gold_gain":0.0,"event_name":"Golden Idol","player_choice":"Take Wound","floor":3.0,"gold_loss":0.0,"damage_taken":0.0,"relics_obtained":["Golden Idol"],"cards_obtained":["Injury"]},{"damage_healed":0.0,"max_hp_gain":0.0,"max_hp_loss":0.0,"gold_gain":0.0,"event_name":"Mushrooms","player_choice":"Fought Mushrooms","floor":10.0,"gold_loss":0.0,"damage_taken":0.0},{"damage_healed":0.0,"max_hp_gain":0.0,"max_hp_loss":0.0,"gold_gain":0.0,"event_name":"Scrap Ooze","player_choice":"Success","floor":12.0,"gold_loss":0.0,"damage_taken":3.0,"relics_obtained":["War Paint"]},{"damage_healed":0.0,"max_hp_gain":0.0,"max_hp_loss":0.0,"gold_gain":0.0,"event_name":"Addict","player_choice":"Obtained Relic","floor":19.0,"gold_loss":85.0,"damage_taken":0.0,"relics_obtained":["Anchor"]},{"damage_healed":0.0,"max_hp_gain":0.0,"max_hp_loss":0.0,"gold_gain":0.0,"event_name":"Vampires","player_choice":"Ignored","floor":20.0,"gold_loss":0.0,"damage_taken":0.0},{"damage_healed":0.0,"max_hp_gain":0.0,"max_hp_loss":0.0,"gold_gain":0.0,"event_name":"Drug Dealer","player_choice":"Obtain J.A.X.","floor":22.0,"gold_loss":0.0,"damage_taken":0.0,"cards_obtained":["J.A.X."]},{"damage_healed":0.0,"max_hp_gain":0.0,"max_hp_loss":0.0,"gold_gain":0.0,"event_name":"Forgotten Altar","player_choice":"Gave Idol","floor":25.0,"relics_lost":["Golden Idol"],"gold_loss":0.0,"damage_taken":0.0,"relics_obtained":["Bloody Idol"]},{"cards_removed":["Evolve"],"damage_healed":0.0,"max_hp_gain":0.0,"max_hp_loss":0.0,"gold_gain":0.0,"event_name":"Falling","player_choice":"Removed Power","floor":37.0,"gold_loss":0.0,"damage_taken":0.0},{"damage_healed":21.0,"max_hp_gain":0.0,"max_hp_loss":0.0,"gold_gain":0.0,"event_name":"Winding Halls","player_choice":"Writhe","floor":47.0,"gold_loss":0.0,"damage_taken":0.0,"cards_obtained":["Writhe"]}],"is_beta":false,"boss_relics":[{"not_picked":["Fusion Hammer","Snecko Eye"],"picked":"Cursed Key"},{"not_picked":["Black Blood","Runic Pyramid"],"picked":"Mark of Pain"}],"items_purged_floors":[8,29],"is_endless":false,"potions_floor_spawned":[2,7,10,14,24,30,33,41,44],"ascension_level":6}