{"gold_per_floor":[109,0,19,19,34,34,45,55,81,81,97,124,199,218,218,318,318,332,352,352,352],"floor_reached":21,"playtime":2245,"items_purged":["Strike_G"],"score":235,"play_id":"7680516e-46f9-43b4-b71d-b52ea136dfdc","local_time":"20190203165428","is_ascension_mode":true,"campfire_choices":[{"data":"Distraction","floor":6,"key":"SMITH"},{"data":"Choke","floor":10,"key":"SMITH"},{"floor":15,"key":"REST"}],"neow_cost":"NONE","seed_source_timestamp":25161090549510,"circlet_count":0,"master_deck":["Defend_G","Defend_G","Defend_G","Defend_G","Defend_G","Survivor","Neutralize","Envenom","Caltrops","Endless Agony","Distraction+1","Cloak And Dagger","Choke+1","Cloak And Dagger","Escape Plan","Infinite Blades","Deadly Poison","A Thousand Cuts","Masterful Stab","Blade Dance","Bite","Bite","Bite","Bite","Bite"],"relics":["Ring of the Snake","Regal Pillow","PreservedInsect","WristBlade"],"potions_floor_usage":[21],"damage_taken":[{"damage":1,"enemies":"Cultist","floor":1,"turns":6},{"damage":0,"enemies":"Jaw Worm","floor":3,"turns":5},{"damage":3,"enemies":"2 Louse","floor":5,"turns":3},{"damage":1,"enemies":"Looter","floor":7,"turns":5},{"damage":1,"enemies":"Blue Slaver","floor":8,"turns":6},{"damage":3,"enemies":"Large Slime","floor":11,"turns":7},{"damage":12,"enemies":"Lagavulin","floor":12,"turns":7},{"damage":2,"enemies":"Lots of Slimes","floor":14,"turns":2},{"damage":38,"enemies":"Slime Boss","floor":16,"turns":12},{"damage":22,"enemies":"Spheric Guardian","floor":18,"turns":5},{"damage":4,"enemies":"3 Byrds","floor":19,"turns":6},{"damage":59,"enemies":"Cultist and Chosen","floor":21,"turns":6}],"seed_played":"1978500566795838234","potions_obtained":[{"floor":1,"key":"Strength Potion"},{"floor":3,"key":"Explosive Potion"},{"floor":12,"key":"Poison Potion"},{"floor":14,"key":"Energy Potion"}],"is_trial":false,"path_per_floor":["M","$","M","?","M","R","M","M","T","R","M","E","?","M","R","B",null,"M","M","?","M"],"character_chosen":"THE_SILENT","items_purchased":["Endless Agony"],"campfire_rested":1,"item_purchase_floors":[2],"current_hp_per_floor":[69,69,69,69,66,66,65,64,64,64,61,49,38,36,70,32,70,48,44,44,0],"gold":352,"neow_bonus":"ONE_RANDOM_RARE_CARD","is_prod":false,"is_daily":false,"chose_seed":false,"campfire_upgraded":2,"win_rate":0,"timestamp":1549173268,"path_taken":["M","?","?","?","M","R","M","M","T","R","M","E","?","M","R","BOSS","M","M","?","M"],"build_version":"2019-01-23","purchased_purges":1,"victory":false,"max_hp_per_floor":[70,70,70,70,70,70,70,70,70,70,70,70,70,70,70,70,70,70,70,49,49],"card_choices":[{"not_picked":["Endless Agony","Deflect"],"picked":"Caltrops","floor":1},{"not_picked":["Escape Plan","Dodge and Roll"],"picked":"Distraction","floor":3},{"not_picked":["Acrobatics","Bouncing Flask"],"picked":"Cloak And Dagger","floor":5},{"not_picked":["PiercingWail","Flying Knee"],"picked":"Choke","floor":7},{"not_picked":["Prepared","Calculated Gamble"],"picked":"Cloak And Dagger","floor":8},{"not_picked":["Deflect","Distraction"],"picked":"Escape Plan","floor":11},{"not_picked":["Blade Dance","Backflip"],"picked":"Infinite Blades","floor":12},{"not_picked":["Infinite Blades","Terror"],"picked":"Deadly Poison","floor":14},{"not_picked":["Storm of Steel","Envenom"],"picked":"A Thousand Cuts","floor":16},{"not_picked":["Deflect","Skewer"],"picked":"Masterful Stab","floor":18},{"not_picked":["Calculated Gamble+1","Deflect+1"],"picked":"Blade Dance","floor":19}],"player_experience":228564,"relics_obtained":[{"floor":9,"key":"Regal Pillow"},{"floor":12,"key":"PreservedInsect"}],"event_choices":[{"damage_healed":0,"gold_gain":0,"player_choice":"Leave","damage_taken":0,"max_hp_gain":0,"max_hp_loss":0,"event_name":"The Cleric","floor":4,"gold_loss":0},{"damage_healed":0,"gold_gain":75,"player_choice":"Gather Gold","damage_taken":11,"max_hp_gain":0,"max_hp_loss":0,"event_name":"World of Goop","floor":13,"gold_loss":0},{"damage_healed":0,"gold_gain":0,"player_choice":"Became a vampire","damage_taken":0,"max_hp_gain":0,"max_hp_loss":21,"event_name":"Vampires","floor":20,"gold_loss":0,"cards_obtained":["Bite","Bite","Bite","Bite","Bite"]}],"is_beta":false,"boss_relics":[{"not_picked":["Tiny House","Fusion Hammer"],"picked":"WristBlade"}],"items_purged_floors":[2],"is_endless":false,"potions_floor_spawned":[1,3,12,14,19],"killed_by":"Cultist and Chosen","ascension_level":3}