{"gold_per_floor":[119,119,139,157,168,498,518,3,72,147,112,125,125,140,140,238,238,257,257,24,24,54,54,85,95,140,140,155,42,69,87,87,187,187,203,218,232,21,21,21,21],"floor_reached":41,"playtime":24969,"items_purged":["Pain","Strike_G"],"score":573,"play_id":"5ac0d051-ea9d-41dc-947d-72a3b207f9bc","local_time":"20190214224727","is_ascension_mode":true,"campfire_choices":[{"floor":13.0,"key":"REST"},{"data":"Dodge and Roll","floor":15.0,"key":"SMITH"},{"data":"A Thousand Cuts","floor":23.0,"key":"SMITH"},{"floor":27.0,"key":"REST"},{"floor":32.0,"key":"REST"},{"floor":40.0,"key":"REST"}],"neow_cost":"NONE","seed_source_timestamp":53222554479643,"circlet_count":0,"master_deck":["Defend_G","Defend_G","Defend_G","Defend_G","Defend_G","Strike_G","Strike_G","Strike_G","Strike_G","Survivor","Neutralize","Deadly Poison","Choke","Footwork","Caltrops","Leg Sweep","Backflip","Bandage Up","Poisoned Stab","Endless Agony","Dodge and Roll+1","A Thousand Cuts+1","Footwork+1","Noxious Fumes","Footwork","Footwork","Shame","Deadly Poison","Accuracy","Concentrate","Infinite Blades","Night Terror","Endless Agony","Prepared","Envenom","Eviscerate+1","Outmaneuver","Deadly Poison"],"special_seed":0,"relics":["Ring of the Snake","NeowsBlessing","WarpedTongs","Old Coin","Lantern","Anchor","The Courier","Lizard Tail","Pocketwatch","Vajra","Tiny Chest","Bag of Preparation","Smiling Mask","Art of War","Black Star","Medical Kit"],"potions_floor_usage":[41,41],"damage_taken":[{"damage":0.0,"enemies":"Jaw Worm","floor":1.0,"turns":1.0},{"damage":0.0,"enemies":"Cultist","floor":3.0,"turns":1.0},{"damage":3.0,"enemies":"Small Slimes","floor":4.0,"turns":1.0},{"damage":8.0,"enemies":"Blue Slaver","floor":5.0,"turns":4.0},{"damage":28.0,"enemies":"3 Sentries","floor":6.0,"turns":9.0},{"damage":6.0,"enemies":"Exordium Wildlife","floor":7.0,"turns":4.0},{"damage":0.0,"enemies":"Looter","floor":12.0,"turns":3.0},{"damage":6.0,"enemies":"Gremlin Gang","floor":14.0,"turns":6.0},{"damage":25.0,"enemies":"Slime Boss","floor":16.0,"turns":14.0},{"damage":14.0,"enemies":"Chosen","floor":18.0,"turns":5.0},{"damage":22.0,"enemies":"Book of Stabbing","floor":24.0,"turns":6.0},{"damage":22.0,"enemies":"2 Thieves","floor":25.0,"turns":5.0},{"damage":0.0,"enemies":"Snecko","floor":28.0,"turns":6.0},{"damage":27.0,"enemies":"Gremlin Leader","floor":30.0,"turns":6.0},{"damage":6.0,"enemies":"3 Cultists","floor":31.0,"turns":4.0},{"damage":24.0,"enemies":"Champ","floor":33.0,"turns":12.0},{"damage":1.0,"enemies":"3 Shapes","floor":35.0,"turns":6.0},{"damage":27.0,"enemies":"3 Darklings","floor":36.0,"turns":6.0},{"damage":39.0,"enemies":"Jaw Worm Horde","floor":37.0,"turns":6.0},{"damage":88,"enemies":"Reptomancer","floor":41,"turns":3}],"seed_played":"8428375832444032835","potions_obtained":[{"floor":3.0,"key":"FearPotion"},{"floor":6.0,"key":"Dexterity Potion"},{"floor":7.0,"key":"SteroidPotion"},{"floor":12.0,"key":"FearPotion"},{"floor":16.0,"key":"EssenceOfSteel"},{"floor":25.0,"key":"PowerPotion"},{"floor":30.0,"key":"LiquidBronze"},{"floor":31.0,"key":"FearPotion"},{"floor":33.0,"key":"SteroidPotion"},{"floor":37.0,"key":"EssenceOfSteel"}],"is_trial":false,"path_per_floor":["M","?","M","M","M","E","M","$","T","?","?","M","R","M","R","B",null,"M","?","$","?","?","R","E","M","T","R","M","$","E","M","R","B",null,"M","M","M","$","$","R","E"],"character_chosen":"THE_SILENT","items_purchased":["Lantern","Anchor","Bandage Up","Poisoned Stab","Noxious Fumes","Footwork","Footwork","Infinite Blades","Night Terror","Regen Potion","Medical Kit"],"campfire_rested":4,"item_purchase_floors":[8,8,8,8,20,20,20,29,29,38,38],"current_hp_per_floor":[70,70,70,67,59,31,25,25,25,14,31,35,56,54,54,33,70,56,56,56,56,56,56,38,20,20,41,45,45,24,22,43,23,70,70,43,8,8,8,29,0],"gold":21,"neow_bonus":"THREE_ENEMY_KILL","is_prod":false,"is_daily":false,"chose_seed":false,"campfire_upgraded":2,"win_rate":0,"timestamp":1550144847,"path_taken":["M","?","M","?","M","E","M","$","T","?","?","M","R","M","R","BOSS","M","?","$","?","?","R","E","M","T","R","M","$","E","?","R","BOSS","M","?","M","?","$","R","E"],"build_version":"2019-01-23","purchased_purges":2,"victory":false,"max_hp_per_floor":[70,70,70,70,70,70,70,70,70,70,70,70,70,70,70,70,70,70,70,70,70,70,70,70,70,70,70,70,70,70,70,70,70,70,70,70,70,70,70,70,70],"card_choices":[{"not_picked":["Dagger Spray","Calculated Gamble"],"picked":"Deadly Poison","floor":1.0},{"not_picked":["Accuracy","PiercingWail"],"picked":"Choke","floor":3.0},{"not_picked":["Dagger Throw","Deflect"],"picked":"Footwork","floor":4.0},{"not_picked":["Acrobatics","Well Laid Plans"],"picked":"Caltrops","floor":5.0},{"not_picked":["Slice","Quick Slash"],"picked":"Leg Sweep","floor":6.0},{"not_picked":["PiercingWail","Dagger Spray"],"picked":"Backflip","floor":7.0},{"not_picked":["Crippling Poison","Poisoned Stab"],"picked":"Endless Agony","floor":12.0},{"not_picked":["Deflect","Underhanded Strike"],"picked":"Dodge and Roll","floor":14.0},{"not_picked":["Adrenaline","Phantasmal Killer"],"picked":"A Thousand Cuts","floor":16.0},{"not_picked":["Quick Slash","Cloak And Dagger+1"],"picked":"Footwork+1","floor":18.0},{"not_picked":["Reflex","Quick Slash"],"picked":"Deadly Poison","floor":24.0},{"not_picked":["Expertise","PiercingWail"],"picked":"Accuracy","floor":25.0},{"not_picked":["Dodge and Roll+1","Accuracy"],"picked":"Concentrate","floor":28.0},{"not_picked":["Poisoned Stab","Leg Sweep"],"picked":"Endless Agony","floor":30.0},{"not_picked":["Caltrops","Flechettes+1"],"picked":"Prepared","floor":31.0},{"not_picked":["Tools of the Trade","Malaise"],"picked":"Envenom","floor":33.0},{"not_picked":["Sucker Punch+1","Quick Slash"],"picked":"Eviscerate+1","floor":35.0},{"not_picked":["Bouncing Flask+1","Flying Knee"],"picked":"Outmaneuver","floor":36.0},{"not_picked":["Skewer+1","PiercingWail+1"],"picked":"Deadly Poison","floor":37.0}],"player_experience":467031,"relics_obtained":[{"floor":6.0,"key":"Old Coin"},{"floor":9.0,"key":"The Courier"},{"floor":24.0,"key":"Bag of Preparation"},{"floor":26.0,"key":"Smiling Mask"},{"floor":30.0,"key":"Art of War"}],"event_choices":[{"damage_healed":0.0,"max_hp_gain":0.0,"max_hp_loss":0.0,"gold_gain":0.0,"event_name":"Accursed Blacksmith","player_choice":"Rummage","floor":2.0,"gold_loss":0.0,"damage_taken":0.0,"relics_obtained":["WarpedTongs"],"cards_obtained":["Pain"]},{"damage_healed":0.0,"max_hp_gain":0.0,"max_hp_loss":0.0,"gold_gain":75.0,"event_name":"World of Goop","player_choice":"Gather Gold","floor":10.0,"gold_loss":0.0,"damage_taken":11.0},{"damage_healed":17.0,"max_hp_gain":0.0,"max_hp_loss":0.0,"gold_gain":0.0,"event_name":"The Cleric","player_choice":"Healed","floor":11.0,"gold_loss":35.0,"damage_taken":0.0},{"damage_healed":0.0,"max_hp_gain":0.0,"max_hp_loss":0.0,"gold_gain":0.0,"event_name":"The Mausoleum","player_choice":"Opened","floor":19.0,"gold_loss":0.0,"damage_taken":0.0,"relics_obtained":["Pocketwatch"]},{"damage_healed":0.0,"max_hp_gain":0.0,"max_hp_loss":0.0,"gold_gain":0.0,"event_name":"Addict","player_choice":"Stole Relic","floor":21.0,"gold_loss":0.0,"damage_taken":0.0,"relics_obtained":["Vajra"],"cards_obtained":["Shame"]},{"damage_healed":0.0,"max_hp_gain":0.0,"max_hp_loss":0.0,"gold_gain":0.0,"event_name":"WeMeetAgain","player_choice":"Gave Potion","floor":22.0,"gold_loss":0.0,"damage_taken":0.0,"relics_obtained":["Tiny Chest"]}],"is_beta":false,"boss_relics":[{"not_picked":["Sozu","Ring of the Serpent"],"picked":"Lizard Tail"},{"not_picked":["Velvet Choker","Snecko Eye"],"picked":"Black Star"}],"items_purged_floors":[8,20],"is_endless":false,"potions_floor_spawned":[3,6,7,12,16,25,30,31,33,37],"killed_by":"Reptomancer","ascension_level":3}