{"gold_per_floor":[119,194,194,194,207,242,242,269,295,295,314,15,43,60,60,164,164,179,179,30,30,5,5,5,31,31,0,48,48,48,82,82,185,185,202,214,43,60,60,60,95,95,95,95,95,195,0,0,0,0],"floor_reached":51,"playtime":5199,"items_purged":["Strike_R","Normality"],"score":1120,"play_id":"8e05528d-3869-48ab-9f97-0a8d8c94f595","local_time":"20190303165747","is_ascension_mode":true,"campfire_choices":[{"data":"Armaments","floor":7.0,"key":"SMITH"},{"data":"Seeing Red","floor":10.0,"key":"SMITH"},{"data":"Limit Break","floor":15.0,"key":"SMITH"},{"data":"Fiend Fire","floor":23.0,"key":"SMITH"},{"data":"Exhume","floor":29.0,"key":"SMITH"},{"floor":32.0,"key":"REST"},{"data":"Combust","floor":40,"key":"SMITH"},{"data":"Flex","floor":42,"key":"SMITH"},{"data":"Flex","floor":45,"key":"SMITH"},{"floor":49,"key":"REST"}],"neow_cost":"NONE","seed_source_timestamp":137768117952406,"circlet_count":0,"master_deck":["Strike_R","Strike_R","Strike_R","Defend_R","Defend_R","Defend_R","Bash","Armaments+1","Cleave","Evolve","Seeing Red+1","Clash","Combust+1","Flex+1","Spot Weakness","Limit Break+1","Rage","Fiend Fire+1","Power Through","True Grit","Sentinel","Exhume+1","Pommel Strike","Spot Weakness","Flex+1","Reaper","Shame","Injury","Ghostly Armor","Dual Wield+1","Fire Breathing+1","Cleave","Writhe","Heavy Blade+1","Whirlwind+1"],"special_seed":0,"relics":["Burning Blood","NeowsBlessing","Anchor","Regal Pillow","Happy Flower","Vajra","Frozen Egg 2","Runic Pyramid","Potion Belt","CultistMask","Juzu Bracelet","Darkstone Periapt","PreservedInsect","Self Forming Clay","Calling Bell","Smiling Mask","Mummified Hand","Ginger","Gremlin Horn","Bag of Marbles","Charon\u0027s Ashes","Red Mask"],"potions_floor_usage":[41,46,46,50,50,50],"damage_taken":[{"damage":0.0,"enemies":"Jaw Worm","floor":1.0,"turns":1.0},{"damage":0.0,"enemies":"2 Louse","floor":5.0,"turns":1.0},{"damage":0.0,"enemies":"Gremlin Nob","floor":6.0,"turns":1.0},{"damage":14.0,"enemies":"3 Sentries","floor":8.0,"turns":7.0},{"damage":0.0,"enemies":"Cultist","floor":11.0,"turns":2.0},{"damage":23.0,"enemies":"Lagavulin","floor":13.0,"turns":5.0},{"damage":8.0,"enemies":"Exordium Thugs","floor":14.0,"turns":4.0},{"damage":16.0,"enemies":"Slime Boss","floor":16.0,"turns":7.0},{"damage":0.0,"enemies":"Chosen","floor":18.0,"turns":3.0},{"damage":0.0,"enemies":"Book of Stabbing","floor":25.0,"turns":2.0},{"damage":26.0,"enemies":"Gremlin Leader","floor":31.0,"turns":4.0},{"damage":69.0,"enemies":"Champ","floor":33.0,"turns":7.0},{"damage":39,"enemies":"3 Darklings","floor":35,"turns":7},{"damage":14,"enemies":"Orb Walker","floor":36,"turns":4},{"damage":27,"enemies":"4 Shapes","floor":38,"turns":5},{"damage":31,"enemies":"Nemesis","floor":41,"turns":5},{"damage":17,"enemies":"Mind Bloom Boss Battle","floor":46,"turns":5},{"damage":179,"enemies":"Donu and Deca","floor":50,"turns":10}],"seed_played":"-8660282479115490287","potions_obtained":[{"floor":6.0,"key":"Explosive Potion"},{"floor":8.0,"key":"SkillPotion"},{"floor":11.0,"key":"GamblersBrew"},{"floor":16.0,"key":"Swift Potion"},{"floor":25.0,"key":"Swift Potion"},{"floor":35,"key":"PowerPotion"},{"floor":41,"key":"Fruit Juice"},{"floor":44,"key":"SneckoOil"},{"floor":44,"key":"BloodPotion"},{"floor":44,"key":"PowerPotion"},{"floor":46,"key":"BloodPotion"}],"is_trial":false,"path_per_floor":["M","?","?","?","M","E","R","E","T","R","M","$","E","M","R","B",null,"M","?","$","?","$","R","?","E","T","?","T","R","?","E","R","B",null,"M","M","$","M","?","R","E","R","T","?","R","?","?","?","R","B",null],"character_chosen":"IRONCLAD","items_purchased":["Vajra","Spot Weakness","Exhume","Pommel Strike","Fire Breathing+1","Fire Potion"],"campfire_rested":2,"item_purchase_floors":[12,12,20,22,37,37],"current_hp_per_floor":[78,67,67,67,73,79,79,71,71,71,77,77,60,58,58,48,72,78,78,78,78,78,78,78,80,80,80,80,80,80,60,80,17,82,91,83,83,73,104,104,79,79,79,79,79,83,83,83,109,23],"gold":0,"neow_bonus":"THREE_ENEMY_KILL","is_prod":false,"is_daily":false,"chose_seed":false,"campfire_upgraded":8,"win_rate":0,"timestamp":1551592667,"path_taken":["M","?","?","?","M","E","R","E","T","R","?","$","E","M","R","BOSS","M","?","$","?","$","R","?","E","T","?","?","R","?","E","R","BOSS","M","M","$","M","?","R","E","R","T","?","R","?","?","?","R","BOSS"],"build_version":"2019-01-23","purchased_purges":2,"victory":true,"max_hp_per_floor":[80,80,80,80,80,80,80,80,80,80,80,80,80,80,80,80,80,80,80,80,80,80,80,80,80,80,80,80,80,80,80,80,80,98,98,98,98,98,104,104,104,104,104,104,104,109,109,109,109,109],"card_choices":[{"not_picked":["Sword Boomerang","Pommel Strike"],"picked":"Armaments","floor":1.0},{"not_picked":["Rage","Sentinel"],"picked":"Seeing Red","floor":5.0},{"not_picked":["Sever Soul","Headbutt"],"picked":"Clash","floor":6.0},{"not_picked":["Heavy Blade","Brutality"],"picked":"Combust","floor":8.0},{"not_picked":["Clothesline","Seeing Red"],"picked":"Flex","floor":11.0},{"not_picked":["Twin Strike","Flex"],"picked":"Limit Break","floor":13.0},{"not_picked":["Burning Pact","Wild Strike"],"picked":"Rage","floor":14.0},{"not_picked":["Bludgeon","Dark Embrace+1"],"picked":"Fiend Fire","floor":16.0},{"not_picked":["Headbutt","Uppercut"],"picked":"Power Through","floor":18.0},{"not_picked":["Corruption+1","Flex"],"picked":"Spot Weakness","floor":25.0},{"not_picked":["Twin Strike","Sword Boomerang"],"picked":"Flex","floor":31.0},{"not_picked":["Bludgeon","Dark Embrace+1"],"picked":"Reaper","floor":33.0},{"not_picked":["Warcry","Perfected Strike"],"picked":"Ghostly Armor","floor":35},{"not_picked":["Wild Strike","True Grit+1"],"picked":"Dual Wield+1","floor":36},{"not_picked":["Anger+1","Thunderclap"],"picked":"Cleave","floor":38},{"not_picked":["Sword Boomerang","Body Slam+1"],"picked":"Heavy Blade+1","floor":41},{"not_picked":["Sword Boomerang","Clash+1"],"picked":"Whirlwind+1","floor":46}],"player_experience":828978,"relics_obtained":[{"floor":6.0,"key":"Anchor"},{"floor":8.0,"key":"Regal Pillow"},{"floor":9.0,"key":"Happy Flower"},{"floor":13.0,"key":"Frozen Egg 2"},{"floor":25.0,"key":"Juzu Bracelet"},{"floor":26.0,"key":"Darkstone Periapt"},{"floor":28.0,"key":"PreservedInsect"},{"floor":31.0,"key":"Self Forming Clay"},{"floor":34.0,"key":"Smiling Mask"},{"floor":34.0,"key":"Mummified Hand"},{"floor":34.0,"key":"Ginger"},{"floor":41,"key":"Gremlin Horn"},{"floor":43,"key":"Bag of Marbles"},{"floor":46,"key":"Charon\u0027s Ashes"}],"event_choices":[{"damage_healed":0.0,"max_hp_gain":0.0,"max_hp_loss":0.0,"gold_gain":75.0,"event_name":"World of Goop","player_choice":"Gather Gold","floor":2.0,"gold_loss":0.0,"damage_taken":11.0},{"damage_healed":0.0,"max_hp_gain":0.0,"max_hp_loss":0.0,"gold_gain":0.0,"event_name":"Shining Light","player_choice":"Ignored","floor":3.0,"gold_loss":0.0,"damage_taken":0.0},{"damage_healed":0.0,"max_hp_gain":0.0,"max_hp_loss":0.0,"gold_gain":0.0,"event_name":"Match and Keep!","player_choice":"2 cards matched","floor":4.0,"gold_loss":0.0,"damage_taken":0.0,"cards_obtained":["Cleave","Evolve"]},{"damage_healed":0.0,"max_hp_gain":0.0,"max_hp_loss":0.0,"gold_gain":0.0,"cards_transformed":["Defend_R","Strike_R"],"event_name":"Drug Dealer","player_choice":"Became Test Subject","floor":19.0,"gold_loss":0.0,"damage_taken":0.0,"cards_obtained":["True Grit","Sentinel"]},{"damage_healed":0.0,"max_hp_gain":0.0,"max_hp_loss":0.0,"gold_gain":0.0,"event_name":"The Mausoleum","player_choice":"Opened","floor":21.0,"gold_loss":0.0,"damage_taken":0.0,"relics_obtained":["Potion Belt"],"cards_obtained":["Writhe"]},{"damage_healed":0.0,"max_hp_gain":0.0,"max_hp_loss":0.0,"gold_gain":0.0,"event_name":"FaceTrader","player_choice":"Trade","floor":24.0,"gold_loss":0.0,"damage_taken":0.0,"relics_obtained":["CultistMask"]},{"damage_healed":0.0,"max_hp_gain":0.0,"max_hp_loss":0.0,"gold_gain":0.0,"event_name":"Masked Bandits","player_choice":"Paid Fearfully","floor":27.0,"gold_loss":31.0,"damage_taken":0.0},{"cards_removed":["Writhe"],"damage_healed":0.0,"max_hp_gain":0.0,"max_hp_loss":0.0,"gold_gain":0.0,"event_name":"Back to Basics","player_choice":"Elegance","floor":30.0,"gold_loss":0.0,"damage_taken":0.0},{"damage_healed":25,"gold_gain":0,"player_choice":"Writhe","damage_taken":0,"max_hp_gain":0,"max_hp_loss":0,"event_name":"Winding Halls","floor":39,"gold_loss":0,"cards_obtained":["Writhe"]},{"damage_healed":0,"gold_gain":0,"player_choice":"Got Potions","damage_taken":0,"max_hp_gain":0,"max_hp_loss":0,"event_name":"Lab","floor":44,"gold_loss":0},{"damage_healed":0,"gold_gain":0,"player_choice":"Fight","damage_taken":0,"max_hp_gain":0,"max_hp_loss":0,"event_name":"MindBloom","floor":46,"gold_loss":0},{"damage_healed":0,"gold_gain":0,"player_choice":"Paid","damage_taken":0,"relics_obtained":["Red Mask"],"max_hp_gain":0,"max_hp_loss":0,"event_name":"Tomb of Lord Red Mask","floor":47,"gold_loss":195},{"damage_healed":0,"gold_gain":0,"player_choice":"Ignored","damage_taken":0,"max_hp_gain":0,"max_hp_loss":0,"event_name":"Mysterious Sphere","floor":48,"gold_loss":0}],"is_beta":false,"boss_relics":[{"not_picked":["Fusion Hammer","Orrery"],"picked":"Runic Pyramid"},{"not_picked":["Pandora\u0027s Box","White Beast Statue"],"picked":"Calling Bell"}],"items_purged_floors":[12,37],"is_endless":false,"potions_floor_spawned":[6,8,11,16,25,35,41,46],"ascension_level":9}