{"gold_per_floor":[112,132,132,57,35,35,71,91,114,130,130,154,195,215,215,345,345,360,63,88,107,307,341,341,379,429,447,470,506,530,553,553,681,681,705,705,724,168,193,231,245,289,289,324,338,338,357,357,357,357],"floor_reached":51,"playtime":6971,"items_purged":["Strike_B","Strike_B","Defend_B"],"score":863,"play_id":"260ddf43-05eb-43c2-aa08-8ce4a8e630fb","local_time":"20190116001126","is_ascension_mode":false,"campfire_choices":[{"data":"Static Discharge","floor":6,"key":"SMITH"},{"floor":11,"key":"REST"},{"floor":15,"key":"REST"},{"floor":24,"key":"REST"},{"data":"Seek","floor":32,"key":"SMITH"},{"data":"Amplify","floor":46,"key":"SMITH"},{"data":"Skim","floor":49,"key":"SMITH"}],"neow_cost":"NONE","seed_source_timestamp":4659716276972,"circlet_count":0,"master_deck":["Strike_B","Defend_B","Zap","Dualcast","Static Discharge+1","Rebound","Injury","Genetic Algorithm","Static Discharge+1","Echo Form+1","Chill","Ball Lightning","BootSequence","Recycle","Biased Cognition+1","Steam+1","Conserve Battery","Violence","Reprogram","Streamline+1","Self Repair+1","Seek+1","Leap+1","Double Energy","Fusion","Storm+1","Amplify+1","Auto Shields+1","Capacitor+1","Rebound+1","Discovery","Skim+1","Self Repair+1","Defragment+1","White Noise+1","Leap+1","Steam Power+1"],"relics":["Black Star","Golden Idol","Centennial Puzzle","Frozen Egg 2","Dream Catcher","Blood Vial","Dodecahedron","Nuclear Battery","Bird Faced Urn","Bottled Lightning","Ice Cream","Pantograph","Pen Nib","Torii","Orichalcum","Astrolabe","Lantern","ClockworkSouvenir","Toxic Egg 2","Happy Flower","Bronze Scales","StoneCalendar","Bottled Tornado","Smiling Mask","Art of War"],"potions_floor_usage":[16,16,18,47],"damage_taken":[{"damage":1,"enemies":"Cultist","floor":1,"turns":4},{"damage":0,"enemies":"Small Slimes","floor":2,"turns":2},{"damage":27,"enemies":"3 Sentries","floor":7,"turns":7},{"damage":11,"enemies":"2 Louse","floor":8,"turns":4},{"damage":18,"enemies":"Lots of Slimes","floor":10,"turns":2},{"damage":18,"enemies":"3 Louse","floor":12,"turns":5},{"damage":15,"enemies":"Lagavulin","floor":13,"turns":5},{"damage":0,"enemies":"Red Slaver","floor":14,"turns":3},{"damage":13,"enemies":"Hexaghost","floor":16,"turns":9},{"damage":20,"enemies":"2 Thieves","floor":18,"turns":3},{"damage":2,"enemies":"Chosen","floor":20,"turns":5},{"damage":9,"enemies":"Shelled Parasite and Fungi","floor":21,"turns":6},{"damage":16,"enemies":"Book of Stabbing","floor":23,"turns":6},{"damage":24,"enemies":"Gremlin Leader","floor":25,"turns":6},{"damage":14,"enemies":"Snake Plant","floor":27,"turns":3},{"damage":3,"enemies":"Snecko","floor":28,"turns":7},{"damage":12,"enemies":"Slavers","floor":29,"turns":5},{"damage":8,"enemies":"Centurion and Healer","floor":30,"turns":4},{"damage":36,"enemies":"Chosen and Byrds","floor":31,"turns":8},{"damage":14,"enemies":"Champ","floor":33,"turns":7},{"damage":12,"enemies":"Orb Walker","floor":35,"turns":4},{"damage":1,"enemies":"3 Darklings","floor":37,"turns":5},{"damage":1,"enemies":"Maw","floor":39,"turns":4},{"damage":20,"enemies":"Reptomancer","floor":40,"turns":4},{"damage":20,"enemies":"Sphere and 2 Shapes","floor":41,"turns":4},{"damage":13,"enemies":"Giant Head","floor":42,"turns":8},{"damage":7,"enemies":"Nemesis","floor":44,"turns":5},{"damage":1,"enemies":"Writhing Mass","floor":45,"turns":4},{"damage":11,"enemies":"Transient","floor":47,"turns":5},{"damage":47,"enemies":"Donu and Deca","floor":50,"turns":5}],"seed_played":"5389468245780187950","potions_obtained":[{"floor":2,"key":"Dexterity Potion"},{"floor":10,"key":"AttackPotion"},{"floor":12,"key":"Block Potion"},{"floor":16,"key":"Ancient Potion"},{"floor":21,"key":"Strength Potion"},{"floor":23,"key":"Strength Potion"},{"floor":28,"key":"SpeedPotion"},{"floor":29,"key":"GamblersBrew"},{"floor":40,"key":"Explosive Potion"}],"is_trial":false,"path_per_floor":["M","M","?","$","?","R","E","M","T","M","R","M","E","M","R","B",null,"M","$","M","M","?","E","R","E","T","M","M","E","M","M","R","B",null,"M","?","M","$","M","E","M","E","T","E","M","R","M","?","R","B",null],"character_chosen":"DEFECT","items_purchased":["Conserve Battery","Violence","Lantern","ClockworkSouvenir","Self Repair+1"],"campfire_rested":3,"item_purchase_floors":[19,19,38,38,38],"current_hp_per_floor":[74,74,74,74,74,74,47,36,36,18,40,22,7,9,31,20,75,55,55,55,48,48,34,56,70,70,75,75,75,75,49,49,75,75,75,75,75,75,75,75,75,75,75,75,75,75,75,75,75,62],"gold":357,"neow_bonus":"BOSS_RELIC","is_prod":false,"is_daily":false,"chose_seed":false,"campfire_upgraded":4,"win_rate":0.0,"timestamp":1547557886,"path_taken":["M","M","?","$","?","R","E","M","T","M","R","M","E","M","R","BOSS","M","$","M","M","?","E","R","E","T","M","M","E","M","?","R","BOSS","M","?","M","$","?","E","M","E","T","E","?","R","M","?","R","BOSS"],"build_version":"2019-01-10","purchased_purges":3,"victory":true,"max_hp_per_floor":[75,75,75,75,75,75,75,75,75,75,75,75,75,75,75,75,75,75,75,75,75,75,75,75,75,75,75,75,75,75,75,75,75,75,75,75,75,75,75,75,75,75,75,75,75,75,75,75,75,75],"card_choices":[{"not_picked":["Compile Driver","Reprogram"],"picked":"Static Discharge","floor":1},{"not_picked":["Hologram","Sweeping Beam"],"picked":"Rebound","floor":2},{"not_picked":["Steam","Leap"],"picked":"Genetic Algorithm","floor":7},{"not_picked":["Genetic Algorithm","Conserve Battery"],"picked":"Static Discharge+1","floor":8},{"not_picked":["Conserve Battery","Steam"],"picked":"Echo Form+1","floor":10},{"not_picked":["Gash","Hello World+1"],"picked":"Chill","floor":11},{"not_picked":["Stack","Sweeping Beam"],"picked":"Ball Lightning","floor":12},{"not_picked":["Streamline","Rip and Tear"],"picked":"BootSequence","floor":13},{"not_picked":["Beam Cell","Steam"],"picked":"Recycle","floor":14},{"not_picked":["Buffer+1","Reboot"],"picked":"Biased Cognition+1","floor":16},{"not_picked":["Compile Driver","Turbo"],"picked":"Steam+1","floor":18},{"not_picked":["Turbo+1","Go for the Eyes+1"],"picked":"Reprogram","floor":20},{"not_picked":["Chaos+1","Barrage"],"picked":"Streamline+1","floor":21},{"not_picked":["Skim","Redo"],"picked":"Self Repair+1","floor":23},{"not_picked":["Coolheaded","Turbo"],"picked":"Seek","floor":24},{"not_picked":["Recycle","Rebound"],"picked":"Leap+1","floor":25},{"not_picked":["White Noise","Cold Snap+1","Compile Driver"],"picked":"SKIP","floor":27},{"not_picked":["Hologram","Force Field"],"picked":"Double Energy","floor":28},{"not_picked":["Gash","Beam Cell","Force Field"],"picked":"SKIP","floor":29},{"not_picked":["Gash","Beam Cell"],"picked":"Fusion","floor":30},{"not_picked":["Heatsinks+1","Doom and Gloom"],"picked":"Storm+1","floor":31},{"not_picked":["Biased Cognition+1","Seek"],"picked":"Amplify","floor":33},{"not_picked":["Steam Power+1","Chill","Auto Shields+1"],"picked":"SKIP","floor":35},{"not_picked":["Reinforced Body","Lockon+1"],"picked":"Skim","floor":37},{"not_picked":["Redo+1","Doom and Gloom"],"picked":"Defragment+1","floor":39},{"not_picked":["Hologram+1","Glacier+1","White Noise"],"picked":"SKIP","floor":40},{"not_picked":["Beam Cell","Streamline+1"],"picked":"White Noise+1","floor":41},{"not_picked":["Coolheaded+1","Redo+1"],"picked":"Leap+1","floor":42},{"not_picked":["Barrage+1","Ball Lightning+1","Gash+1"],"picked":"SKIP","floor":44},{"not_picked":["Stack+1","Melter","Compile Driver"],"picked":"SKIP","floor":45},{"not_picked":["Redo+1","Heatsinks+1"],"picked":"Steam Power+1","floor":47}],"player_experience":126325,"relics_obtained":[{"floor":7,"key":"Centennial Puzzle"},{"floor":7,"key":"Frozen Egg 2"},{"floor":9,"key":"Dream Catcher"},{"floor":13,"key":"Blood Vial"},{"floor":13,"key":"Dodecahedron"},{"floor":23,"key":"Bird Faced Urn"},{"floor":23,"key":"Bottled Lightning"},{"floor":25,"key":"Ice Cream"},{"floor":25,"key":"Pantograph"},{"floor":26,"key":"Pen Nib"},{"floor":29,"key":"Torii"},{"floor":29,"key":"Orichalcum"},{"floor":40,"key":"Toxic Egg 2"},{"floor":40,"key":"Happy Flower"},{"floor":42,"key":"Bronze Scales"},{"floor":42,"key":"StoneCalendar"},{"floor":43,"key":"Bottled Tornado"},{"floor":44,"key":"Smiling Mask"},{"floor":44,"key":"Art of War"}],"event_choices":[{"damage_healed":0,"gold_gain":0,"player_choice":"Take Wound","damage_taken":0,"relics_obtained":["Golden Idol"],"max_hp_gain":0,"max_hp_loss":0,"event_name":"Golden Idol","floor":3,"gold_loss":0,"cards_obtained":["Injury"]},{"damage_healed":0,"gold_gain":0,"player_choice":"Left Gold","damage_taken":0,"max_hp_gain":0,"max_hp_loss":0,"event_name":"World of Goop","floor":5,"gold_loss":22},{"damage_healed":0,"gold_gain":250,"player_choice":"Bet on Owner","damage_taken":0,"max_hp_gain":0,"max_hp_loss":0,"event_name":"The Joust","floor":22,"gold_loss":50},{"damage_healed":0,"gold_gain":0,"player_choice":"1 cards matched","damage_taken":0,"max_hp_gain":0,"max_hp_loss":0,"event_name":"Match and Keep!","floor":36,"gold_loss":0,"cards_obtained":["Discovery"]},{"damage_healed":0,"gold_gain":0,"player_choice":"Ignored","damage_taken":0,"max_hp_gain":0,"max_hp_loss":0,"event_name":"Tomb of Lord Red Mask","floor":48,"gold_loss":0}],"is_beta":false,"boss_relics":[{"not_picked":["White Beast Statue","Eternal Feather"],"picked":"Nuclear Battery"},{"not_picked":["Coffee Dripper","Fusion Hammer"],"picked":"Astrolabe"}],"items_purged_floors":[4,19,38],"is_endless":false,"potions_floor_spawned":[2,10,12,16,21,23,28,29,35,40,42,44],"ascension_level":0}