{"gold_per_floor":[110,110,9,9,23,23,58,72,72,72,0,32,61,74,74,145,145,161,161,173,173,73,73,73,100,100,100,113,13,48,58,58,132,132,147,166,166,181,8,8,34,53,53,53,78,90,123,37,37,37],"floor_reached":51,"playtime":2604,"items_purged":["Regret","Strike_B"],"score":1430,"play_id":"5d0b4004-810e-4b4c-af78-3475b5d0051b","local_time":"20190529000945","is_ascension_mode":true,"campfire_choices":[{"data":"Hologram","floor":6.0,"key":"SMITH"},{"data":"Defragment","floor":10.0,"key":"SMITH"},{"data":"Beam Cell","floor":15,"key":"SMITH"},{"data":"Defragment","floor":23,"key":"SMITH"},{"data":"Coolheaded","floor":24,"key":"SMITH"},{"floor":27,"key":"REST"},{"floor":32,"key":"REST"},{"floor":40,"key":"REST"},{"floor":44,"key":"REST"},{"floor":49,"key":"REST"}],"neow_cost":"NONE","seed_source_timestamp":25009954257782,"circlet_count":0,"master_deck":["AscendersBane","Strike_B","Strike_B","Defend_B","Defend_B","Defend_B","Defend_B","Zap","Dualcast","Gash","Gash","Hologram+1","Defragment+1","Glacier","Gash","Sunder","Cold Snap","Beam Cell+1","Electrodynamics","Chill+1","Undo","Defragment+1","Coolheaded+1","Static Discharge","Conserve Battery","Reboot","Heatsinks","Hologram","Doom and Gloom+1","Go for the Eyes+1","Stack+1","Buffer","Gash+1","Rebound+1","Blizzard+1","Double Energy","Madness","Madness","Amplify","Coolheaded","Creative AI","Reinforced Body+1","Coolheaded","FTL+1","Coolheaded","Seek","Loop+1","Coolheaded"],"special_seed":0,"relics":["Philosopher\u0027s Stone","Incense Burner","Orichalcum","WingedGreaves","Bird Faced Urn","Shuriken","Prayer Wheel","Sozu","MutagenicStrength","Molten Egg 2","Ice Cream","Mummified Hand","Fusion Hammer","Bronze Scales","Du-Vu Doll","Darkstone Periapt","Frozen Egg 2","Lantern"],"potions_floor_usage":[16],"damage_taken":[{"damage":6.0,"enemies":"Jaw Worm","floor":1.0,"turns":4.0},{"damage":2.0,"enemies":"Small Slimes","floor":5.0,"turns":3.0},{"damage":17.0,"enemies":"Lagavulin","floor":7.0,"turns":7.0},{"damage":1.0,"enemies":"Cultist","floor":8.0,"turns":4.0},{"damage":8,"enemies":"3 Sentries","floor":12,"turns":8},{"damage":0,"enemies":"Gremlin Nob","floor":13,"turns":5},{"damage":1,"enemies":"Exordium Thugs","floor":14,"turns":5},{"damage":12,"enemies":"Hexaghost","floor":16,"turns":8},{"damage":15,"enemies":"Shell Parasite","floor":18,"turns":5},{"damage":1,"enemies":"3 Byrds","floor":20,"turns":4},{"damage":42,"enemies":"Gremlin Leader","floor":25,"turns":6},{"damage":6,"enemies":"Snake Plant","floor":28,"turns":3},{"damage":25,"enemies":"Slavers","floor":30,"turns":5},{"damage":0,"enemies":"Centurion and Healer","floor":31,"turns":4},{"damage":7,"enemies":"Automaton","floor":33,"turns":11},{"damage":0,"enemies":"3 Darklings","floor":35,"turns":5},{"damage":1,"enemies":"Orb Walker","floor":36,"turns":3},{"damage":38,"enemies":"Sphere and 2 Shapes","floor":38,"turns":4},{"damage":42,"enemies":"Reptomancer","floor":41,"turns":8},{"damage":8,"enemies":"Jaw Worm Horde","floor":42,"turns":4},{"damage":16,"enemies":"Nemesis","floor":45,"turns":13},{"damage":0,"enemies":"4 Shapes","floor":46,"turns":4},{"damage":0,"enemies":"Giant Head","floor":47,"turns":8},{"damage":22,"enemies":"Donu and Deca","floor":50,"turns":10}],"seed_played":"-5933128131004639953","potions_obtained":[{"floor":13,"key":"Ancient Potion"},{"floor":14,"key":"FearPotion"},{"floor":16,"key":"FearPotion"}],"is_trial":false,"path_per_floor":["M","?","$","?","M","R","E","M","T","R","$","E","E","M","R","B",null,"M","?","M","?","$","R","R","E","T","R","M","$","E","M","R","B",null,"M","M","?","M","$","R","E","M","T","R","E","M","E","$","R","B",null],"character_chosen":"DEFECT","items_purchased":["Gash","LiquidBronze","Static Discharge","Conserve Battery","Bronze Scales","Coolheaded","Loop+1","Coolheaded"],"campfire_rested":5,"item_purchase_floors":[3,11,22,22,39,39,48,48],"current_hp_per_floor":[62,62,62,55,53,53,36,35,35,35,35,29,31,32,32,22,62,51,51,54,54,54,54,54,20,20,42,42,42,27,37,59,62,72,75,75,66,34,34,56,28,28,28,50,74,75,75,75,75,65],"gold":37,"neow_bonus":"BOSS_RELIC","is_prod":false,"is_daily":false,"chose_seed":false,"campfire_upgraded":5,"win_rate":0,"timestamp":1559081385,"path_taken":["M","?","$","?","M","R","E","M","T","R","?","E","E","?","R","BOSS","M","?","M","?","$","R","R","E","T","R","?","$","E","?","R","BOSS","M","M","?","M","$","R","E","M","T","R","E","M","E","$","R","BOSS"],"build_version":"2019-01-23","purchased_purges":2,"victory":true,"max_hp_per_floor":[75,75,75,75,75,75,75,75,75,75,75,75,75,75,75,75,75,75,75,75,75,75,75,75,75,75,75,75,75,75,75,75,75,75,75,75,75,75,75,75,75,75,75,75,75,75,75,75,75,75],"card_choices":[{"not_picked":["Stack","Beam Cell"],"picked":"Gash","floor":1.0},{"not_picked":["Leap","Go for the Eyes"],"picked":"Hologram","floor":5.0},{"not_picked":["Rebound","Double Energy"],"picked":"Defragment","floor":7.0},{"not_picked":["Streamline","Self Repair"],"picked":"Glacier","floor":8.0},{"not_picked":["Scrape","Static Discharge"],"picked":"Gash","floor":12},{"not_picked":["Darkness","Storm"],"picked":"Sunder","floor":13},{"not_picked":["Lockon","Conserve Battery"],"picked":"Cold Snap","floor":14},{"not_picked":["Rainbow","Stack"],"picked":"Beam Cell","floor":14},{"not_picked":["Amplify","Multi-Cast"],"picked":"Electrodynamics","floor":16},{"not_picked":["Streamline","Stack"],"picked":"Chill+1","floor":18},{"not_picked":["Streamline","Genetic Algorithm"],"picked":"Undo","floor":18},{"not_picked":["Double Energy","Compile Driver"],"picked":"Defragment","floor":20},{"not_picked":["Rip and Tear","Hologram"],"picked":"Coolheaded","floor":20},{"not_picked":["Beam Cell","Genetic Algorithm"],"picked":"Reboot","floor":25},{"not_picked":["Beam Cell+1","Lockon+1"],"picked":"Heatsinks","floor":28},{"not_picked":["Leap","BootSequence"],"picked":"Hologram","floor":28},{"not_picked":["Conserve Battery","Stack"],"picked":"Doom and Gloom+1","floor":30},{"not_picked":["Electrodynamics","Steam"],"picked":"Go for the Eyes+1","floor":31},{"not_picked":["Conserve Battery","Leap","Stack+1"],"picked":"SKIP","floor":31},{"not_picked":["Conserve Battery","Leap"],"picked":"Stack+1","floor":31},{"not_picked":["Hyperbeam+1","Rainbow"],"picked":"Buffer","floor":33},{"not_picked":["Steam Power+1","Conserve Battery"],"picked":"Gash+1","floor":35},{"not_picked":["Ball Lightning+1","Leap+1"],"picked":"Rebound+1","floor":35},{"not_picked":["Rip and Tear+1","Turbo+1"],"picked":"Blizzard+1","floor":36},{"not_picked":["Streamline+1","Conserve Battery"],"picked":"Double Energy","floor":36},{"not_picked":["Go for the Eyes+1","Melter+1"],"picked":"Amplify","floor":38},{"not_picked":["Melter+1","Stack","Blizzard+1"],"picked":"SKIP","floor":38},{"not_picked":["Stack","Streamline+1"],"picked":"Creative AI","floor":41},{"not_picked":["Stack","Beam Cell+1"],"picked":"Reinforced Body+1","floor":42},{"not_picked":["Auto Shields","Loop","White Noise"],"picked":"SKIP","floor":42},{"not_picked":["Leap+1","Conserve Battery"],"picked":"Coolheaded","floor":45},{"not_picked":["Thunder Strike+1","Aggregate"],"picked":"FTL+1","floor":46},{"not_picked":["Redo+1","Sunder+1"],"picked":"Coolheaded","floor":46},{"not_picked":["Streamline+1","Steam"],"picked":"Seek","floor":47}],"player_experience":694152,"relics_obtained":[{"floor":7.0,"key":"WingedGreaves"},{"floor":9.0,"key":"Bird Faced Urn"},{"floor":12,"key":"Shuriken"},{"floor":13,"key":"Prayer Wheel"},{"floor":25,"key":"Molten Egg 2"},{"floor":26,"key":"Ice Cream"},{"floor":30,"key":"Mummified Hand"},{"floor":41,"key":"Du-Vu Doll"},{"floor":43,"key":"Darkstone Periapt"},{"floor":45,"key":"Frozen Egg 2"},{"floor":47,"key":"Lantern"}],"event_choices":[{"damage_healed":0.0,"max_hp_gain":0.0,"max_hp_loss":0.0,"gold_gain":0.0,"event_name":"Big Fish","player_choice":"Box","floor":2.0,"gold_loss":0.0,"damage_taken":0.0,"relics_obtained":["Incense Burner"],"cards_obtained":["Regret"]},{"damage_healed":0.0,"max_hp_gain":0.0,"max_hp_loss":0.0,"gold_gain":0.0,"event_name":"Scrap Ooze","player_choice":"Success","floor":4.0,"gold_loss":0.0,"damage_taken":7.0,"relics_obtained":["Orichalcum"]},{"damage_healed":0,"gold_gain":0,"player_choice":"Inject Mutagens","damage_taken":0,"relics_obtained":["MutagenicStrength"],"max_hp_gain":0,"max_hp_loss":0,"event_name":"Drug Dealer","floor":19,"gold_loss":0},{"cards_removed":["Strike_B"],"damage_healed":0,"gold_gain":0,"player_choice":"Card Removal","damage_taken":0,"max_hp_gain":0,"max_hp_loss":0,"event_name":"Wheel of Change","floor":21,"gold_loss":0},{"damage_healed":0,"gold_gain":0,"player_choice":"Embrace Madness","damage_taken":9,"max_hp_gain":0,"max_hp_loss":0,"event_name":"Winding Halls","floor":37,"gold_loss":0,"cards_obtained":["Madness","Madness"]}],"is_beta":false,"boss_relics":[{"not_picked":["Velvet Choker","Orrery"],"picked":"Sozu"},{"not_picked":["Coffee Dripper","Runic Dome"],"picked":"Fusion Hammer"}],"items_purged_floors":[3,29],"is_endless":false,"potions_floor_spawned":[13,14,16,20,25,30,41,45,46],"ascension_level":13}