{"gold_per_floor":[109,123,5,180,190,223,237,269,269,285,301,301,314,332,332,429,429,441,456,476,192,292,292,319,319,371,371,371,390,390,404,404,404],"floor_reached":33,"playtime":12764,"items_purged":["Doubt"],"score":306,"play_id":"2b98af42-ce8a-4799-9dea-8a6f560904af","local_time":"20190103222819","is_ascension_mode":false,"campfire_choices":[{"data":"Flame Barrier","floor":12.0,"key":"SMITH"},{"data":"Flex","floor":15.0,"key":"SMITH"},{"floor":23,"key":"REST"},{"floor":25,"key":"REST"},{"data":"Intimidate","floor":27,"key":"SMITH"},{"data":"Fiend Fire","floor":30,"key":"SMITH"},{"data":"Reaper","floor":32,"key":"SMITH"}],"neow_cost":"NONE","seed_source_timestamp":0,"circlet_count":0,"master_deck":["Strike_R","Strike_R","Strike_R","Strike_R","Strike_R","Defend_R","Defend_R","Defend_R","Defend_R","Bash","Ghostly Armor","Anger","Metallicize","Uppercut","Pommel Strike","Headbutt","Fiend Fire+1","Feel No Pain","Flame Barrier+1","Cleave","Heavy Blade","Flex+1","Reaper+1","Clash","Body Slam","True Grit","Shrug It Off","Seeing Red","Intimidate+1","Parasite","Metallicize","Pommel Strike"],"special_seed":0,"relics":["Burning Blood","Bag of Marbles","Pear","Cursed Key","Vajra","Gambling Chip","Mummified Hand","Darkstone Periapt","Omamori","Nloth\u0027s Gift"],"potions_floor_usage":[22,22,33,33,33],"damage_taken":[{"damage":8.0,"enemies":"2 Louse","floor":1.0,"turns":3.0},{"damage":5.0,"enemies":"Small Slimes","floor":2.0,"turns":3.0},{"damage":1.0,"enemies":"Jaw Worm","floor":5.0,"turns":3.0},{"damage":30.0,"enemies":"Lagavulin","floor":6.0,"turns":9.0},{"damage":3.0,"enemies":"Red Slaver","floor":7.0,"turns":3.0},{"damage":29.0,"enemies":"3 Sentries","floor":8.0,"turns":7.0},{"damage":0.0,"enemies":"3 Louse","floor":10.0,"turns":2.0},{"damage":6.0,"enemies":"Large Slime","floor":11.0,"turns":8.0},{"damage":7.0,"enemies":"Blue Slaver","floor":13.0,"turns":2.0},{"damage":0.0,"enemies":"2 Fungi Beasts","floor":14.0,"turns":2.0},{"damage":15.0,"enemies":"Hexaghost","floor":16.0,"turns":8.0},{"damage":18.0,"enemies":"Spheric Guardian","floor":18.0,"turns":4.0},{"damage":10.0,"enemies":"Chosen","floor":19.0,"turns":5.0},{"damage":39.0,"enemies":"Centurion and Healer","floor":20.0,"turns":7.0},{"damage":0,"enemies":"Colosseum Slavers","floor":22,"turns":3},{"damage":49,"enemies":"Colosseum Nobs","floor":22,"turns":5},{"damage":19,"enemies":"Book of Stabbing","floor":24,"turns":5},{"damage":16,"enemies":"Chosen and Byrds","floor":29,"turns":8},{"damage":12,"enemies":"Cultist and Chosen","floor":31,"turns":5},{"damage":117,"enemies":"Champ","floor":33,"turns":16}],"seed_played":"-1324414138014896225","potions_obtained":[{"floor":1.0,"key":"Energy Potion"},{"floor":7.0,"key":"FearPotion"},{"floor":10.0,"key":"FearPotion"},{"floor":14.0,"key":"Poison Potion"},{"floor":16.0,"key":"AttackPotion"},{"floor":24,"key":"Poison Potion"},{"floor":29,"key":"AttackPotion"},{"floor":31,"key":"Fire Potion"}],"is_trial":false,"path_per_floor":["M","M","$","?","M","E","M","E","T","M","M","R","M","M","R","B",null,"M","M","M","$","?","R","E","R","T","R","?","M","R","M","R","B"],"character_chosen":"IRONCLAD","items_purchased":["Metallicize","Uppercut","Vajra","Shrug It Off"],"campfire_rested":2,"item_purchase_floors":[3,3,21,21],"current_hp_per_floor":[86,87,87,87,88,64,67,54,54,60,60,60,59,65,65,56,98,86,82,53,53,36,65,52,81,87,87,87,84,84,84,84,0],"gold":404,"neow_bonus":"TEN_PERCENT_HP_BONUS","is_prod":false,"is_daily":false,"chose_seed":false,"campfire_upgraded":5,"win_rate":0.0,"timestamp":1546514899,"path_taken":["M","M","$","?","M","E","M","E","T","M","M","R","M","M","R","BOSS","M","M","M","$","?","R","E","R","T","R","?","M","R","?","R","BOSS"],"build_version":"2018-12-20","purchased_purges":1,"victory":false,"max_hp_per_floor":[88,88,88,88,88,88,88,98,98,98,98,98,98,98,98,98,98,98,98,98,98,98,98,98,98,104,104,104,104,104,104,104,104],"card_choices":[{"not_picked":["Cleave","Thunderclap"],"picked":"Ghostly Armor","floor":1.0},{"not_picked":["Iron Wave","Entrench"],"picked":"Anger","floor":2.0},{"not_picked":["Burning Pact","Armaments"],"picked":"Pommel Strike","floor":5.0},{"not_picked":["Pummel","Ghostly Armor"],"picked":"Headbutt","floor":6.0},{"not_picked":["Power Through","Twin Strike"],"picked":"Fiend Fire","floor":7.0},{"not_picked":["Cleave","True Grit"],"picked":"Feel No Pain","floor":8.0},{"not_picked":["Shockwave","Cleave"],"picked":"Flame Barrier","floor":10.0},{"not_picked":["Headbutt","Thunderclap"],"picked":"Cleave","floor":11.0},{"not_picked":["Clothesline","Corruption"],"picked":"Heavy Blade","floor":13.0},{"not_picked":["True Grit","Clash"],"picked":"Flex","floor":14.0},{"not_picked":["Fiend Fire","Demon Form"],"picked":"Reaper","floor":16.0},{"not_picked":["Perfected Strike","Armaments"],"picked":"Clash","floor":18.0},{"not_picked":["Blood for Blood","Iron Wave"],"picked":"Body Slam","floor":19.0},{"not_picked":["Whirlwind+1","Armaments"],"picked":"True Grit","floor":20.0},{"not_picked":["Body Slam","Ghostly Armor"],"picked":"Seeing Red","floor":22},{"not_picked":["Body Slam+1","Pummel"],"picked":"Intimidate","floor":24},{"not_picked":["Body Slam","Spot Weakness"],"picked":"Metallicize","floor":29},{"not_picked":["Headbutt","Reaper"],"picked":"Pommel Strike","floor":31}],"player_experience":47414,"relics_obtained":[{"floor":6.0,"key":"Bag of Marbles"},{"floor":8.0,"key":"Pear"},{"floor":9.0,"key":"Gremlin Horn"},{"floor":22,"key":"Gambling Chip"},{"floor":22,"key":"Mummified Hand"},{"floor":24,"key":"Darkstone Periapt"},{"floor":26,"key":"Omamori"}],"event_choices":[{"damage_healed":0.0,"max_hp_gain":0.0,"max_hp_loss":0.0,"gold_gain":175.0,"event_name":"Liars Game","player_choice":"AGREE","floor":4.0,"gold_loss":0.0,"damage_taken":0.0,"cards_obtained":["Doubt"]},{"damage_healed":0,"gold_gain":0,"player_choice":"Fight","damage_taken":0,"max_hp_gain":0,"max_hp_loss":0,"event_name":"Colosseum","floor":22,"gold_loss":0},{"damage_healed":0,"gold_gain":0,"player_choice":"Fought Nobs","damage_taken":0,"max_hp_gain":0,"max_hp_loss":0,"event_name":"Colosseum","floor":22,"gold_loss":0},{"damage_healed":0,"gold_gain":0,"player_choice":"Traded Relic","damage_taken":0,"relics_obtained":["Nloth\u0027s Gift"],"max_hp_gain":0,"max_hp_loss":0,"event_name":"N\u0027loth","floor":28,"relics_lost":["Gremlin Horn"],"gold_loss":0}],"is_beta":false,"boss_relics":[{"not_picked":["Fusion Hammer","Tiny House"],"picked":"Cursed Key"}],"items_purged_floors":[21],"is_endless":false,"potions_floor_spawned":[1,7,10,14,16,24,29,31],"killed_by":"Champ","ascension_level":0}