{"gold_per_floor":[364,17,17,32,32,65,77,144,144,194,262,279,114,147,147,247,247,260,410,460,476,10,35,54,14,14,24,41,41,91,159,159,261,261,274,4,14,14,64,93,163,213,213,246,246,8,8,23,23,23],"floor_reached":51,"playtime":5024,"items_purged":["Strike_R","Strike_R"],"score":1106,"play_id":"d919f347-5d1f-4ff9-b775-91ab89709f75","local_time":"20190619213734","is_ascension_mode":true,"campfire_choices":[{"data":"Juggernaut","floor":15.0,"key":"SMITH"},{"floor":32.0,"key":"REST"},{"floor":45,"key":"REST"},{"floor":47,"key":"REST"},{"floor":49,"key":"REST"}],"neow_cost":"PERCENT_DAMAGE","seed_source_timestamp":1407993974187174,"circlet_count":0,"master_deck":["AscendersBane","Defend_R","Defend_R","Defend_R","Defend_R","Bash","Iron Wave","Rampage","Juggernaut+1","Flame Barrier","True Grit","Shrug It Off","Feel No Pain","Ghostly Armor","Iron Wave","Offering","Evolve","Flame Barrier+1","Twin Strike","Heavy Blade","Havoc+1","Corruption","Shrug It Off","Fiend Fire","Feed","Disarm+1","Feel No Pain","Sentinel","Metallicize","Iron Wave+1","Exhume","Flame Barrier+1","Evolve","Shrug It Off","Apotheosis","Warcry","Exhume","Shrug It Off","Body Slam+1","Chrysalis","Burning Pact+1"],"special_seed":0,"relics":["Burning Blood","Ornamental Fan","SsserpentHead","Oddly Smooth Stone","Sundial","Question Card","Fusion Hammer","Torii","Pantograph","Happy Flower","Ancient Tea Set","Paper Frog","Mark of Pain","Meat on the Bone","Pocketwatch","Self Forming Clay"],"potions_floor_usage":[40,44,50],"damage_taken":[{"damage":8.0,"enemies":"Jaw Worm","floor":1.0,"turns":6.0},{"damage":0.0,"enemies":"Cultist","floor":4.0,"turns":3.0},{"damage":26.0,"enemies":"Lagavulin","floor":6.0,"turns":6.0},{"damage":14.0,"enemies":"2 Louse","floor":7.0,"turns":3.0},{"damage":8.0,"enemies":"Lots of Slimes","floor":8.0,"turns":5.0},{"damage":6.0,"enemies":"Exordium Thugs","floor":11.0,"turns":5.0},{"damage":0.0,"enemies":"2 Fungi Beasts","floor":12.0,"turns":5.0},{"damage":14.0,"enemies":"Gremlin Nob","floor":14.0,"turns":5.0},{"damage":12.0,"enemies":"Hexaghost","floor":16.0,"turns":10.0},{"damage":4.0,"enemies":"Chosen","floor":18.0,"turns":5.0},{"damage":8.0,"enemies":"Colosseum Slavers","floor":19.0,"turns":4.0},{"damage":61.0,"enemies":"Colosseum Nobs","floor":19.0,"turns":6.0},{"damage":3.0,"enemies":"Shell Parasite","floor":21.0,"turns":10.0},{"damage":8.0,"enemies":"Gremlin Leader","floor":23.0,"turns":6.0},{"damage":7.0,"enemies":"Shelled Parasite and Fungi","floor":24.0,"turns":5.0},{"damage":6.0,"enemies":"Snake Plant","floor":27.0,"turns":3.0},{"damage":1.0,"enemies":"Centurion and Healer","floor":28.0,"turns":9.0},{"damage":8.0,"enemies":"Snecko","floor":31.0,"turns":5.0},{"damage":35.0,"enemies":"Champ","floor":33.0,"turns":18.0},{"damage":6.0,"enemies":"Orb Walker","floor":35.0,"turns":3.0},{"damage":7.0,"enemies":"3 Darklings","floor":37.0,"turns":6.0},{"damage":39,"enemies":"Reptomancer","floor":40,"turns":8},{"damage":7,"enemies":"Sphere and 2 Shapes","floor":41,"turns":6},{"damage":21,"enemies":"Giant Head","floor":44,"turns":11},{"damage":6,"enemies":"Maw","floor":48,"turns":9},{"damage":24,"enemies":"Awakened One","floor":50,"turns":14}],"seed_played":"3556637658525803650","potions_obtained":[{"floor":8.0,"key":"Dexterity Potion"},{"floor":11.0,"key":"Energy Potion"},{"floor":14.0,"key":"Swift Potion"},{"floor":16.0,"key":"Block Potion"},{"floor":19.0,"key":"Energy Potion"},{"floor":23.0,"key":"LiquidBronze"},{"floor":24.0,"key":"AttackPotion"},{"floor":33.0,"key":"Swift Potion"},{"floor":40,"key":"PowerPotion"}],"is_trial":false,"path_per_floor":["?","M","?","M","$","?","?","?","M","$","?","M","?"],"character_chosen":"IRONCLAD","items_purchased":["Ornamental Fan","Iron Wave","Feel No Pain","Ghostly Armor","Corruption","Happy Flower","Shrug It Off","Fiend Fire","FearPotion","Feel No Pain","Evolve","Shrug It Off","Apotheosis","Warcry","Chrysalis","Weak Potion"],"campfire_rested":4,"item_purchase_floors":[2,2,13,13,22,22,22,22,22,25,36,36,36,38,46,46],"current_hp_per_floor":[49,49,49,55,55,35,27,25,25,25,25,31,31,23,23,17,64,66,9,9,12,12,10,9,9,9,9,17,17,44,42,66,54,76,76,76,75,75,75,42,53,53,53,50,74,74,83,83,83,69],"gold":23,"neow_bonus":"TWO_FIFTY_GOLD","is_prod":false,"is_daily":false,"chose_seed":false,"campfire_upgraded":1,"win_rate":0,"timestamp":1560973054,"path_taken":["M","$","?","M","$","E","M","?","T","?","?","M","?","E","R","BOSS","M","?","?","M","$","E","M","$","T","M","M","$","?","?","R","BOSS","M","$","M","?","?","E","?","?","T","E","R","$","R","M","R","BOSS"],"build_version":"2019-01-23","purchased_purges":2,"victory":true,"max_hp_per_floor":[80,80,80,80,80,80,80,80,80,80,80,80,80,80,80,80,80,80,80,80,80,80,80,80,80,80,80,83,83,83,83,83,83,83,83,83,83,83,83,83,83,83,83,83,83,83,83,83,83,87],"card_choices":[{"not_picked":["Warcry","Perfected Strike"],"picked":"Anger","floor":1.0},{"not_picked":["Whirlwind","Cleave"],"picked":"Rampage","floor":4.0},{"not_picked":["Heavy Blade","Headbutt"],"picked":"Juggernaut","floor":6.0},{"not_picked":["Dual Wield","Anger"],"picked":"Flame Barrier","floor":7.0},{"not_picked":["Anger","Havoc"],"picked":"True Grit","floor":8.0},{"not_picked":["Wild Strike","Warcry"],"picked":"Shrug It Off","floor":11.0},{"not_picked":["Havoc","Warcry","Burning Pact"],"picked":"SKIP","floor":12.0},{"not_picked":["Double Tap","Clash"],"picked":"Iron Wave","floor":14.0},{"not_picked":["Reaper","Limit Break","Double Tap"],"picked":"Offering","floor":16.0},{"not_picked":["Shockwave","Twin Strike","Sever Soul"],"picked":"Evolve","floor":18.0},{"not_picked":["Clash","Anger","Spot Weakness"],"picked":"Flame Barrier+1","floor":19.0},{"not_picked":["Cleave","Spot Weakness+1","Flex"],"picked":"Havoc+1","floor":21.0},{"not_picked":["Havoc","Flame Barrier","Thunderclap+1"],"picked":"Feed","floor":23.0},{"not_picked":["Burning Pact","Sword Boomerang","Second Wind"],"picked":"Disarm+1","floor":24.0},{"not_picked":["Sever Soul","Evolve","Havoc"],"picked":"Sentinel","floor":27.0},{"not_picked":["Pommel Strike","Corruption","Anger+1"],"picked":"Metallicize","floor":28.0},{"not_picked":["Havoc","Dual Wield","Armaments"],"picked":"Iron Wave+1","floor":31.0},{"not_picked":["Bludgeon","Limit Break","Feed"],"picked":"Exhume","floor":33.0},{"not_picked":["Headbutt","Iron Wave+1","Twin Strike+1"],"picked":"Flame Barrier+1","floor":35.0},{"not_picked":["Headbutt","Searing Blow+1","Heavy Blade","Perfected Strike"],"picked":"SKIP","floor":37.0},{"not_picked":["Corruption","Heavy Blade+1","Reckless Charge"],"picked":"Exhume","floor":40},{"not_picked":["Entrench","Thunderclap+1","Pummel"],"picked":"Shrug It Off","floor":41},{"not_picked":["True Grit+1","Reaper","Warcry"],"picked":"Body Slam+1","floor":44},{"not_picked":["Bloodletting","Intimidate+1","Combust+1"],"picked":"Burning Pact+1","floor":48}],"player_experience":57080,"relics_obtained":[{"floor":6.0,"key":"Oddly Smooth Stone"},{"floor":9.0,"key":"Sundial"},{"floor":14.0,"key":"Question Card"},{"floor":19.0,"key":"Torii"},{"floor":19.0,"key":"Pantograph"},{"floor":23.0,"key":"Ancient Tea Set"},{"floor":26.0,"key":"Paper Frog"},{"floor":40,"key":"Meat on the Bone"},{"floor":43,"key":"Pocketwatch"},{"floor":44,"key":"Self Forming Clay"}],"event_choices":[{"damage_healed":0.0,"max_hp_gain":0.0,"max_hp_loss":0.0,"gold_gain":0.0,"event_name":"FaceTrader","player_choice":"Trade","floor":3.0,"gold_loss":0.0,"damage_taken":0.0,"relics_obtained":["SsserpentHead"]},{"cards_removed":["Strike_R"],"damage_healed":0.0,"max_hp_gain":0.0,"max_hp_loss":0.0,"gold_gain":0.0,"event_name":"Bonfire Elementals","player_choice":"Offered Basic","floor":10.0,"gold_loss":0.0,"damage_taken":0.0},{"damage_healed":0.0,"max_hp_gain":0.0,"max_hp_loss":0.0,"gold_gain":0.0,"event_name":"Colosseum","player_choice":"Fight","floor":19.0,"gold_loss":0.0,"damage_taken":0.0},{"damage_healed":0.0,"max_hp_gain":0.0,"max_hp_loss":0.0,"gold_gain":0.0,"event_name":"Colosseum","player_choice":"Fought Nobs","floor":19.0,"gold_loss":0.0,"damage_taken":0.0},{"damage_healed":0.0,"max_hp_gain":0.0,"max_hp_loss":0.0,"gold_gain":0.0,"cards_transformed":["Strike_R","Strike_R"],"event_name":"Drug Dealer","player_choice":"Became Test Subject","floor":20.0,"gold_loss":0.0,"damage_taken":0.0,"cards_obtained":["Twin Strike","Heavy Blade"]},{"damage_healed":27.0,"max_hp_gain":0.0,"max_hp_loss":0.0,"gold_gain":0.0,"event_name":"The Library","player_choice":"Heal","floor":30.0,"gold_loss":0.0,"damage_taken":0.0},{"cards_removed":["Anger"],"damage_healed":0.0,"max_hp_gain":0.0,"max_hp_loss":0.0,"gold_gain":0.0,"event_name":"Falling","player_choice":"Removed Attack","floor":39.0,"gold_loss":0.0,"damage_taken":0.0},{"damage_healed":0,"gold_gain":0,"player_choice":"0 cards matched","damage_taken":0,"max_hp_gain":0,"max_hp_loss":0,"event_name":"Match and Keep!","floor":42,"gold_loss":0,"cards_obtained":[]}],"is_beta":false,"boss_relics":[{"not_picked":["Velvet Choker","Calling Bell"],"picked":"Fusion Hammer"},{"not_picked":["Tiny House","Black Blood"],"picked":"Mark of Pain"}],"items_purged_floors":[2,13],"is_endless":false,"potions_floor_spawned":[8,11,14,16,19,23,24,33,40],"ascension_level":10}