{"gold_per_floor":[118,128,53,69,84,110,110,141,141,153,73,248,269,287,287,287],"floor_reached":16,"playtime":912,"items_purged":["Strike_R","Strike_R"],"score":112,"play_id":"85485f7b-f026-435a-afdd-f8bdd5b4cf43","local_time":"20190527232529","is_ascension_mode":false,"campfire_choices":[{"data":"Limit Break","floor":7.0,"key":"SMITH"},{"floor":15,"key":"REST"}],"neow_cost":"NONE","seed_source_timestamp":196850485740151,"circlet_count":0,"master_deck":["Strike_R","Strike_R","Strike_R","Defend_R","Defend_R","Defend_R","Defend_R","Bash","Burning Pact","Heavy Blade","Heavy Blade","Flex","Limit Break+1","Inflame","Inflame","Doubt","Double Tap","Sword Boomerang"],"special_seed":0,"relics":["Burning Blood","NeowsBlessing","Shovel","The Courier","Odd Mushroom"],"potions_floor_usage":[14],"damage_taken":[{"damage":0.0,"enemies":"Jaw Worm","floor":1.0,"turns":1.0},{"damage":0.0,"enemies":"2 Louse","floor":2.0,"turns":1.0},{"damage":0.0,"enemies":"Small Slimes","floor":4.0,"turns":2.0},{"damage":16.0,"enemies":"3 Louse","floor":5.0,"turns":5.0},{"damage":20.0,"enemies":"Gremlin Nob","floor":6.0,"turns":4.0},{"damage":27.0,"enemies":"Lagavulin","floor":8.0,"turns":6.0},{"damage":11,"enemies":"Red Slaver","floor":10,"turns":4},{"damage":39,"enemies":"The Mushroom Lair","floor":13,"turns":5},{"damage":16,"enemies":"Large Slime","floor":14,"turns":5},{"damage":38,"enemies":"Hexaghost","floor":16,"turns":6}],"seed_played":"5616498516580109377","potions_obtained":[{"floor":2.0,"key":"EntropicBrew"},{"floor":4.0,"key":"BloodPotion"},{"floor":6.0,"key":"Block Potion"},{"floor":10,"key":"FairyPotion"},{"floor":13,"key":"Fire Potion"}],"is_trial":false,"path_per_floor":["M","M","$","M","M","E","R","E","T","M","$","?","?","M","R","B"],"character_chosen":"IRONCLAD","items_purchased":[],"campfire_rested":1,"item_purchase_floors":[],"current_hp_per_floor":[80,80,80,80,78,69,69,48,48,43,43,43,10,14,38,0],"gold":287,"neow_bonus":"THREE_ENEMY_KILL","is_prod":false,"is_daily":false,"chose_seed":false,"campfire_upgraded":1,"win_rate":0,"timestamp":1558963529,"path_taken":["M","M","$","M","M","E","R","E","T","M","$","?","?","M","R","BOSS"],"build_version":"2019-01-23","purchased_purges":2,"victory":false,"max_hp_per_floor":[80,80,80,80,80,80,80,80,80,80,80,80,80,80,80,80],"card_choices":[{"not_picked":["Armaments","Shrug It Off"],"picked":"Burning Pact","floor":1.0},{"not_picked":["Shrug It Off","Power Through"],"picked":"Heavy Blade","floor":2.0},{"not_picked":["Second Wind","Armaments"],"picked":"Heavy Blade","floor":4.0},{"not_picked":["Burning Pact","Sword Boomerang"],"picked":"Flex","floor":5.0},{"not_picked":["Heavy Blade","Uppercut"],"picked":"Limit Break","floor":6.0},{"not_picked":["Heavy Blade","Rampage"],"picked":"Inflame","floor":8.0},{"not_picked":["Cleave","Body Slam"],"picked":"Inflame","floor":10},{"not_picked":["Power Through","Flex"],"picked":"Double Tap","floor":13},{"not_picked":["Warcry","Evolve"],"picked":"Sword Boomerang","floor":14}],"player_experience":2022395,"relics_obtained":[{"floor":6.0,"key":"Shovel"},{"floor":8.0,"key":"The Courier"},{"floor":13,"key":"Odd Mushroom"}],"event_choices":[{"damage_healed":0,"gold_gain":175,"player_choice":"AGREE","damage_taken":0,"max_hp_gain":0,"max_hp_loss":0,"event_name":"Liars Game","floor":12,"gold_loss":0,"cards_obtained":["Doubt"]},{"damage_healed":0,"gold_gain":0,"player_choice":"Fought Mushrooms","damage_taken":0,"max_hp_gain":0,"max_hp_loss":0,"event_name":"Mushrooms","floor":13,"gold_loss":0}],"is_beta":false,"boss_relics":[],"items_purged_floors":[3,11],"is_endless":false,"potions_floor_spawned":[2,4,6,10,13],"killed_by":"Hexaghost","ascension_level":0}