{"gold_per_floor":[117,117,18,18,168,168,188,20,69,69,69,69,82,95,95,174,174,194,294,21,21,21,21,40,40,65,83,93,128,128,128,128,128],"floor_reached":33,"playtime":1922,"items_purged":["Doubt","Strike_R"],"score":439,"play_id":"3f93e243-9e4a-4612-9dc8-14663e9cb66a","local_time":"20190425223330","is_ascension_mode":true,"campfire_choices":[{"data":"Inflame","floor":6.0,"key":"SMITH"},{"data":"Heavy Blade","floor":10.0,"key":"SMITH"},{"data":"Anger","floor":12.0,"key":"SMITH"},{"data":"Sword Boomerang","floor":15.0,"key":"SMITH"},{"floor":23.0,"key":"REST"},{"floor":25.0,"key":"REST"},{"floor":30.0,"key":"REST"},{"data":"Armaments","floor":32.0,"key":"SMITH"}],"neow_cost":"NONE","seed_source_timestamp":104774465934924,"circlet_count":0,"master_deck":["AscendersBane","Strike_R","Strike_R","Strike_R","Strike_R","Defend_R","Defend_R","Defend_R","Defend_R","Bash","Cleave","Anger+1","Inflame+1","Heavy Blade+1","Flex","Headbutt","Sword Boomerang+1","Power Through","Dark Embrace","Shrug It Off","Warcry","Corruption","Armaments+1","J.A.X.","Writhe","Body Slam+1","Pain","Twin Strike+1","Pommel Strike+1","Fiend Fire+1","Doubt"],"special_seed":0,"relics":["Burning Blood","Bronze Scales","Dodecahedron","Lantern","Cursed Key","Du-Vu Doll","Molten Egg 2","Oddly Smooth Stone","Anchor","Ancient Tea Set","Pantograph"],"potions_floor_usage":[33],"damage_taken":[{"damage":9.0,"enemies":"Small Slimes","floor":1.0,"turns":4.0},{"damage":2.0,"enemies":"2 Louse","floor":7.0,"turns":2.0},{"damage":12.0,"enemies":"Jaw Worm","floor":13.0,"turns":3.0},{"damage":0.0,"enemies":"Large Slime","floor":14.0,"turns":4.0},{"damage":51.0,"enemies":"The Guardian","floor":16.0,"turns":9.0},{"damage":0.0,"enemies":"Spheric Guardian","floor":18.0,"turns":2.0},{"damage":26.0,"enemies":"Colosseum Slavers","floor":19.0,"turns":3.0},{"damage":23.0,"enemies":"Colosseum Nobs","floor":19.0,"turns":4.0},{"damage":9.0,"enemies":"Chosen","floor":24.0,"turns":4.0},{"damage":10.0,"enemies":"Snake Plant","floor":27.0,"turns":2.0},{"damage":16.0,"enemies":"Snecko","floor":28.0,"turns":3.0},{"damage":26.0,"enemies":"Gremlin Leader","floor":29.0,"turns":4.0},{"damage":85,"enemies":"Automaton","floor":33,"turns":8}],"seed_played":"-5147303790134205905","potions_obtained":[{"floor":1.0,"key":"AttackPotion"},{"floor":16.0,"key":"SkillPotion"},{"floor":24.0,"key":"Explosive Potion"},{"floor":27.0,"key":"Regen Potion"}],"is_trial":false,"path_per_floor":["M","?","$","?","?","R","M","$","T","R","?","R","M","M","R","B",null,"M","?","$","?","?","R","M","R","T","M","M","E","R","T","R","B"],"character_chosen":"IRONCLAD","items_purchased":["Anger","Inflame","Flex","Headbutt","Corruption","Armaments","PowerPotion"],"campfire_rested":3,"item_purchase_floors":[3,3,8,8,20,20,20],"current_hp_per_floor":[65,65,65,65,65,65,69,69,69,69,69,69,63,69,69,24,62,68,31,31,31,31,53,50,72,72,68,68,48,70,70,70,0],"gold":128,"neow_bonus":"RANDOM_COMMON_RELIC","is_prod":false,"is_daily":false,"chose_seed":false,"campfire_upgraded":5,"win_rate":0,"timestamp":1556195610,"path_taken":["M","?","$","?","?","R","M","$","T","R","?","R","M","M","R","BOSS","M","?","$","?","?","R","M","R","T","M","M","E","R","?","R","BOSS"],"build_version":"2019-01-23","purchased_purges":2,"victory":false,"max_hp_per_floor":[75,75,75,75,75,75,75,75,75,75,75,75,75,75,75,75,75,75,75,75,75,75,75,75,75,75,75,75,75,75,75,75,75],"card_choices":[{"not_picked":["Wild Strike","Clash"],"picked":"Cleave","floor":1.0},{"not_picked":["Reckless Charge","Metallicize"],"picked":"Heavy Blade","floor":7.0},{"not_picked":["Cleave","Second Wind"],"picked":"Sword Boomerang","floor":13.0},{"not_picked":["Thunderclap","Combust"],"picked":"Power Through","floor":14.0},{"not_picked":["Exhume","Immolate"],"picked":"Dark Embrace","floor":16.0},{"not_picked":["Cleave","Havoc"],"picked":"Shrug It Off","floor":18.0},{"not_picked":["Clash","Seeing Red"],"picked":"Warcry","floor":19.0},{"not_picked":["Dual Wield","Twin Strike+1"],"picked":"Body Slam+1","floor":24.0},{"not_picked":["Clash+1","Second Wind"],"picked":"Twin Strike+1","floor":27.0},{"not_picked":["Havoc","Battle Trance"],"picked":"Pommel Strike+1","floor":28.0},{"not_picked":["Twin Strike+1","Wild Strike+1"],"picked":"Fiend Fire+1","floor":29.0}],"player_experience":1426329,"relics_obtained":[{"floor":9.0,"key":"Lantern"},{"floor":19.0,"key":"Du-Vu Doll"},{"floor":19.0,"key":"Molten Egg 2"},{"floor":26.0,"key":"Anchor"},{"floor":29.0,"key":"Ancient Tea Set"},{"floor":31.0,"key":"Pantograph"}],"event_choices":[{"damage_healed":0.0,"max_hp_gain":0.0,"max_hp_loss":0.0,"gold_gain":0.0,"event_name":"Shining Light","player_choice":"Ignored","floor":2.0,"gold_loss":0.0,"damage_taken":0.0},{"damage_healed":0.0,"max_hp_gain":0.0,"max_hp_loss":0.0,"gold_gain":0.0,"event_name":"Big Fish","player_choice":"Box","floor":4.0,"gold_loss":0.0,"damage_taken":0.0,"relics_obtained":["Dodecahedron"],"cards_obtained":["Regret"]},{"damage_healed":0.0,"max_hp_gain":0.0,"max_hp_loss":0.0,"gold_gain":150.0,"event_name":"Liars Game","player_choice":"AGREE","floor":5.0,"gold_loss":0.0,"damage_taken":0.0,"cards_obtained":["Doubt"]},{"cards_removed":["Regret"],"damage_healed":0.0,"max_hp_gain":0.0,"max_hp_loss":0.0,"gold_gain":0.0,"event_name":"Living Wall","player_choice":"Forget","floor":11.0,"gold_loss":0.0,"damage_taken":0.0},{"damage_healed":0.0,"max_hp_gain":0.0,"max_hp_loss":0.0,"gold_gain":0.0,"event_name":"Colosseum","player_choice":"Fight","floor":19.0,"gold_loss":0.0,"damage_taken":0.0},{"damage_healed":0.0,"max_hp_gain":0.0,"max_hp_loss":0.0,"gold_gain":0.0,"event_name":"Colosseum","player_choice":"Fought Nobs","floor":19.0,"gold_loss":0.0,"damage_taken":0.0},{"damage_healed":0.0,"max_hp_gain":0.0,"max_hp_loss":0.0,"gold_gain":0.0,"event_name":"Drug Dealer","player_choice":"Obtain J.A.X.","floor":21.0,"gold_loss":0.0,"damage_taken":0.0,"cards_obtained":["J.A.X."]},{"damage_healed":0.0,"max_hp_gain":0.0,"max_hp_loss":0.0,"gold_gain":0.0,"event_name":"The Mausoleum","player_choice":"Opened","floor":22.0,"gold_loss":0.0,"damage_taken":0.0,"relics_obtained":["Oddly Smooth Stone"],"cards_obtained":["Writhe"]}],"is_beta":false,"boss_relics":[{"not_picked":["Philosopher\u0027s Stone","Empty Cage"],"picked":"Cursed Key"}],"items_purged_floors":[8,20],"is_endless":false,"potions_floor_spawned":[1,16,19,24,27],"killed_by":"Automaton","ascension_level":15}