{"gold_per_floor":[119,70,83,13,88,88,114,114,138,138,169,180,195,211,211,211],"floor_reached":16,"playtime":449,"items_purged":[],"score":193,"play_id":"338e13e3-d931-4261-8cbe-98b771cffb4b","local_time":"20190613140328","is_ascension_mode":true,"campfire_choices":[{"data":"Melter","floor":6.0,"key":"SMITH"},{"floor":10,"key":"REST"},{"floor":15,"key":"REST"}],"neow_cost":"NONE","seed_source_timestamp":4316501867990,"circlet_count":0,"master_deck":["AscendersBane","Strike_B","Strike_B","Strike_B","Strike_B","Defend_B","Defend_B","Defend_B","Defend_B","Zap+1","Dualcast","Compile Driver","Melter+1","Hello World","Leap","Conserve Battery","Defragment","Go for the Eyes"],"special_seed":0,"relics":["Cracked Core","Potion Belt","Mummified Hand","Omamori","Happy Flower"],"potions_floor_usage":[7,7,11,16],"damage_taken":[{"damage":5.0,"enemies":"Cultist","floor":1.0,"turns":4.0},{"damage":10.0,"enemies":"Small Slimes","floor":3.0,"turns":3.0},{"damage":16,"enemies":"Gremlin Nob","floor":7,"turns":3},{"damage":30,"enemies":"Lagavulin","floor":11,"turns":5},{"damage":0,"enemies":"2 Louse","floor":12,"turns":1},{"damage":0,"enemies":"2 Fungi Beasts","floor":13,"turns":2},{"damage":6,"enemies":"Exordium Thugs","floor":14,"turns":4},{"damage":42,"enemies":"Hexaghost","floor":16,"turns":9}],"seed_played":"-6121045467326664788","potions_obtained":[{"floor":1.0,"key":"Strength Potion"},{"floor":7,"key":"Regen Potion"},{"floor":13,"key":"SneckoOil"}],"is_trial":false,"path_per_floor":["M","$","M","$","?","R","E","?","T","R","E","M","M","M","R","B"],"character_chosen":"DEFECT","items_purchased":["PowerPotion","Melter"],"campfire_rested":2,"item_purchase_floors":[2,4],"current_hp_per_floor":[59,59,49,49,38,38,22,22,22,43,27,27,27,21,42,0],"gold":211,"neow_bonus":"RANDOM_COMMON_RELIC","is_prod":false,"is_daily":false,"chose_seed":false,"campfire_upgraded":1,"win_rate":0,"timestamp":1560427408,"path_taken":["M","?","M","$","?","R","E","?","T","R","E","M","M","M","R","BOSS"],"build_version":"2019-01-23","purchased_purges":0,"victory":false,"max_hp_per_floor":[71,71,71,71,71,71,71,71,71,71,71,71,71,71,71,71],"card_choices":[{"not_picked":["Scrape","Skim","Self Repair"],"picked":"SKIP","floor":1.0},{"not_picked":["Redo","Turbo"],"picked":"Compile Driver","floor":3.0},{"not_picked":["Aggregate","Self Repair"],"picked":"Hello World","floor":7},{"not_picked":["Skim","Redo"],"picked":"Leap","floor":11},{"not_picked":["Redo","Lockon"],"picked":"Conserve Battery","floor":12},{"not_picked":["Go for the Eyes","Reprogram"],"picked":"Defragment","floor":13},{"not_picked":["Beam Cell","FTL"],"picked":"Go for the Eyes","floor":14}],"player_experience":762127,"relics_obtained":[{"floor":7,"key":"Mummified Hand"},{"floor":9,"key":"Omamori"},{"floor":11,"key":"Happy Flower"}],"event_choices":[{"damage_healed":0.0,"max_hp_gain":0.0,"max_hp_loss":0.0,"gold_gain":75.0,"event_name":"World of Goop","player_choice":"Gather Gold","floor":5.0,"gold_loss":0.0,"damage_taken":11.0},{"damage_healed":0,"gold_gain":0,"player_choice":"Grow","damage_taken":0,"max_hp_gain":0,"max_hp_loss":0,"event_name":"Living Wall","floor":8,"gold_loss":0,"cards_upgraded":["Zap"]}],"is_beta":false,"boss_relics":[],"items_purged_floors":[],"is_endless":false,"potions_floor_spawned":[1,7,13],"killed_by":"Hexaghost","ascension_level":15}