{"gold_per_floor":[116,116,136,13,26,26,45,45,45,45,45,45,45,75,75,170,220,231,245,0,0,0,15,15,15,61,61,74,89,89,108,108,108],"floor_reached":33,"playtime":3030,"items_purged":["Defend_B"],"score":321,"play_id":"4d853b0c-7e17-4537-8c74-18feef7a0517","local_time":"20190510235545","is_ascension_mode":true,"campfire_choices":[{"data":"Streamline","floor":6.0,"key":"SMITH"},{"data":"Zap","floor":8.0,"key":"SMITH"},{"data":"Skim","floor":10.0,"key":"SMITH"},{"data":"Conserve Battery","floor":12.0,"key":"SMITH"},{"data":"Dualcast","floor":15.0,"key":"SMITH"},{"data":"Doom and Gloom","floor":24,"key":"SMITH"},{"data":"Beam Cell","floor":27,"key":"SMITH"},{"floor":30,"key":"REST"},{"floor":32,"key":"REST"}],"neow_cost":"NONE","seed_source_timestamp":772959130492551,"circlet_count":0,"master_deck":["Strike_B","Strike_B+1","Defend_B","Defend_B","Zap+1","Dualcast+1","Self Repair+1","Conserve Battery+1","Steam","Streamline+1","Skim+1","Hologram+1","Multi-Cast+1","Redo+1","Heatsinks+1","Consume+1","Tempest+1","Beam Cell+1","Doom and Gloom+1","Amplify+1","Conserve Battery+1","Cold Snap","Coolheaded+1","Defragment"],"special_seed":0,"relics":["Cracked Core","Vajra","Toxic Egg 2","Question Card","Tiny House","Meat on the Bone","Dream Catcher"],"potions_floor_usage":[21,23,29,33,33],"damage_taken":[{"damage":4.0,"enemies":"Jaw Worm","floor":1.0,"turns":4.0},{"damage":1.0,"enemies":"Cultist","floor":3.0,"turns":3.0},{"damage":0.0,"enemies":"Small Slimes","floor":5.0,"turns":2.0},{"damage":4.0,"enemies":"Looter","floor":7.0,"turns":2.0},{"damage":16.0,"enemies":"Gremlin Nob","floor":14.0,"turns":4.0},{"damage":39.0,"enemies":"Hexaghost","floor":16.0,"turns":11.0},{"damage":2.0,"enemies":"Chosen","floor":18.0,"turns":4.0},{"damage":0.0,"enemies":"Spheric Guardian","floor":19.0,"turns":3.0},{"damage":0,"enemies":"Centurion and Healer","floor":21,"turns":1},{"damage":0,"enemies":"Snecko","floor":23,"turns":4},{"damage":55,"enemies":"Shelled Parasite and Fungi","floor":28,"turns":4},{"damage":20,"enemies":"3 Cultists","floor":29,"turns":4},{"damage":30,"enemies":"Sentry and Sphere","floor":31,"turns":5},{"damage":112,"enemies":"Collector","floor":33,"turns":7}],"seed_played":"2792049202396432614","potions_obtained":[{"floor":3.0,"key":"Block Potion"},{"floor":5.0,"key":"PowerPotion"},{"floor":7.0,"key":"FearPotion"},{"floor":17.0,"key":"SmokeBomb"},{"floor":19.0,"key":"Block Potion"},{"floor":28,"key":"Weak Potion"},{"floor":29,"key":"Ancient Potion"}],"is_trial":false,"path_per_floor":["M","?","M","$","M","R","M","R","T","R","?","R","?","E","R","B",null,"M","M","$","M","?","M","R","?","T","R","M","M","R","M","R","B"],"character_chosen":"DEFECT","items_purchased":["Steam","Meat on the Bone"],"campfire_rested":2,"item_purchase_floors":[4,20],"current_hp_per_floor":[64,64,73,73,73,73,75,75,75,75,75,75,68,62,62,33,70,78,80,80,80,80,80,80,80,80,80,47,49,73,53,77,0],"gold":108,"neow_bonus":"RANDOM_COMMON_RELIC","is_prod":false,"is_daily":false,"chose_seed":false,"campfire_upgraded":7,"win_rate":0,"timestamp":1557496545,"path_taken":["M","?","?","$","M","R","M","R","T","R","?","R","?","E","R","BOSS","M","M","$","M","?","M","R","?","T","R","M","M","R","?","R","BOSS"],"build_version":"2019-01-23","purchased_purges":1,"victory":false,"max_hp_per_floor":[75,75,75,75,75,75,75,75,75,75,75,75,75,75,75,75,80,80,80,80,80,80,80,80,80,80,80,80,80,80,80,80,80],"card_choices":[{"not_picked":["Hologram","Barrage"],"picked":"Self Repair","floor":1.0},{"not_picked":["Streamline","Chill"],"picked":"Conserve Battery","floor":3.0},{"not_picked":["Hologram","Beam Cell"],"picked":"Streamline","floor":5.0},{"not_picked":["Ball Lightning","Hyperbeam"],"picked":"Skim","floor":7.0},{"not_picked":["Cold Snap","Rebound"],"picked":"Hologram+1","floor":14.0},{"not_picked":["Meteor Strike","Thunder Strike","Buffer"],"picked":"Multi-Cast+1","floor":16.0},{"not_picked":["Beam Cell","Force Field+1","Sunder"],"picked":"Redo+1","floor":17.0},{"not_picked":["Blizzard+1","Self Repair","Doom and Gloom+1"],"picked":"Heatsinks+1","floor":18.0},{"not_picked":["Chaos+1","Storm","Streamline"],"picked":"Consume+1","floor":19.0},{"not_picked":["Ball Lightning","Sweeping Beam","Barrage"],"picked":"Doom and Gloom","floor":23},{"not_picked":["Sweeping Beam+1","Lockon+1","Storm"],"picked":"Amplify+1","floor":28},{"not_picked":["Steam+1","Blizzard","Compile Driver"],"picked":"Conserve Battery+1","floor":29},{"not_picked":["Hologram+1","Leap+1","Stack+1"],"picked":"Cold Snap","floor":30},{"not_picked":["Redo+1","Steam+1","Compile Driver"],"picked":"Coolheaded+1","floor":31},{"not_picked":["Redo+1","Beam Cell+1","Buffer"],"picked":"Defragment","floor":32}],"player_experience":1709376,"relics_obtained":[{"floor":9.0,"key":"Toxic Egg 2"},{"floor":14.0,"key":"Question Card"},{"floor":26,"key":"Dream Catcher"}],"event_choices":[{"damage_healed":0.0,"max_hp_gain":0.0,"max_hp_loss":0.0,"gold_gain":0.0,"event_name":"Accursed Blacksmith","player_choice":"Forge","floor":2.0,"gold_loss":0.0,"damage_taken":0.0,"cards_upgraded":["Self Repair"]},{"damage_healed":0.0,"max_hp_gain":0.0,"max_hp_loss":0.0,"gold_gain":0.0,"event_name":"The Cleric","player_choice":"Leave","floor":11.0,"gold_loss":0.0,"damage_taken":0.0},{"cards_removed":["Strike_B"],"damage_healed":0.0,"max_hp_gain":0.0,"max_hp_loss":0.0,"gold_gain":0.0,"event_name":"Golden Wing","player_choice":"Card Removal","floor":13.0,"gold_loss":0.0,"damage_taken":7.0},{"damage_healed":0,"gold_gain":0,"cards_transformed":["Strike_B","Defend_B"],"player_choice":"Became Test Subject","damage_taken":0,"max_hp_gain":0,"max_hp_loss":0,"event_name":"Drug Dealer","floor":22,"gold_loss":0,"cards_obtained":["Tempest","Beam Cell"]},{"damage_healed":0,"gold_gain":0,"player_choice":"Ignored","damage_taken":0,"max_hp_gain":0,"max_hp_loss":0,"event_name":"Vampires","floor":25,"gold_loss":0}],"is_beta":false,"boss_relics":[{"not_picked":["Snecko Eye","Velvet Choker"],"picked":"Tiny House"}],"items_purged_floors":[4],"is_endless":false,"potions_floor_spawned":[3,5,7,19,28,29],"killed_by":"Collector","ascension_level":6}