{"gold_per_floor":[112,131,141,141,141,141,216,236,263,288,319,319,319],"floor_reached":13,"playtime":492,"items_purged":[],"score":104,"play_id":"d314ddd4-88a1-4c81-ac94-a815b4f34ff2","local_time":"20190605211441","is_ascension_mode":true,"campfire_choices":[{"data":"Armaments","floor":6.0,"key":"SMITH"}],"neow_cost":"NONE","seed_source_timestamp":201963359243658,"circlet_count":0,"master_deck":["Strike_R+1","Strike_R+1","Strike_R","Defend_R","Defend_R","Defend_R","Defend_R","Bash","True Grit","Armaments+1","Hemokinesis","Uppercut","Disarm"],"special_seed":0,"relics":["Burning Blood","Bronze Scales","Odd Mushroom","Dream Catcher","Matryoshka"],"potions_floor_usage":[11],"damage_taken":[{"damage":0.0,"enemies":"2 Louse","floor":1.0,"turns":4.0},{"damage":0.0,"enemies":"Jaw Worm","floor":2.0,"turns":3.0},{"damage":5.0,"enemies":"Small Slimes","floor":3.0,"turns":4.0},{"damage":2.0,"enemies":"3 Louse","floor":8.0,"turns":5.0},{"damage":24.0,"enemies":"The Mushroom Lair","floor":10.0,"turns":5.0},{"damage":15,"enemies":"3 Sentries","floor":11,"turns":6},{"damage":29,"enemies":"Gremlin Nob","floor":13,"turns":3}],"seed_played":"5883585419062615442","potions_obtained":[{"floor":1.0,"key":"GamblersBrew"},{"floor":3.0,"key":"Swift Potion"},{"floor":10.0,"key":"SkillPotion"}],"is_trial":false,"path_per_floor":["?","?","?","?","T"],"character_chosen":"IRONCLAD","items_purchased":[],"campfire_rested":0,"item_purchase_floors":[],"current_hp_per_floor":[80,80,80,64,57,57,46,50,50,32,23,23,0],"gold":319,"neow_bonus":"TRANSFORM_CARD","is_prod":false,"is_daily":false,"chose_seed":false,"campfire_upgraded":1,"win_rate":0,"timestamp":1559762081,"path_taken":["M","M","M","?","?","R","?","M","T","?","E","?","E"],"build_version":"2019-01-23","purchased_purges":0,"victory":false,"max_hp_per_floor":[80,80,80,80,80,80,80,80,80,80,80,80,80],"card_choices":[{"not_picked":["Sword Boomerang","True Grit"],"picked":"Armaments","floor":1.0},{"not_picked":["Dual Wield","Body Slam"],"picked":"Hemokinesis","floor":2.0},{"not_picked":["Blood for Blood","Sentinel","Sword Boomerang"],"picked":"SKIP","floor":3.0},{"not_picked":["Warcry","Havoc","Body Slam"],"picked":"SKIP","floor":8.0},{"not_picked":["Clash","True Grit"],"picked":"Uppercut","floor":10.0},{"not_picked":["Body Slam","Twin Strike"],"picked":"Disarm","floor":11}],"player_experience":26420,"relics_obtained":[{"floor":9.0,"key":"Bronze Scales"},{"floor":10.0,"key":"Odd Mushroom"},{"floor":11,"key":"Dream Catcher"},{"floor":12,"key":"Matryoshka"}],"event_choices":[{"damage_healed":0.0,"max_hp_gain":0.0,"max_hp_loss":0.0,"gold_gain":0.0,"event_name":"Shining Light","player_choice":"Entered Light","floor":4.0,"gold_loss":0.0,"damage_taken":16.0,"cards_upgraded":["Strike_R","Strike_R"]},{"cards_removed":["Strike_R"],"damage_healed":0.0,"max_hp_gain":0.0,"max_hp_loss":0.0,"gold_gain":0.0,"event_name":"Golden Wing","player_choice":"Card Removal","floor":5.0,"gold_loss":0.0,"damage_taken":7.0},{"damage_healed":0.0,"max_hp_gain":0.0,"max_hp_loss":0.0,"gold_gain":75.0,"event_name":"World of Goop","player_choice":"Gather Gold","floor":7.0,"gold_loss":0.0,"damage_taken":11.0},{"damage_healed":0.0,"max_hp_gain":0.0,"max_hp_loss":0.0,"gold_gain":0.0,"event_name":"Mushrooms","player_choice":"Fought Mushrooms","floor":10.0,"gold_loss":0.0,"damage_taken":0.0}],"is_beta":false,"boss_relics":[],"items_purged_floors":[],"is_endless":false,"potions_floor_spawned":[1,3,10],"killed_by":"Gremlin Nob","ascension_level":5}