{"gold_per_floor":[118,136,149,149,164,190,140,140,140,140,172,184,33,33,33,134,134,153,153,170,10,20,20,54,73,73,73,73,102,102,102,102,197,197,213,213,15,15,15,15,33,80,107,107,122,122,122,142,142,142,142,142,42,42],"floor_reached":54,"playtime":3500,"items_purged":["Strike_R","Writhe","Writhe"],"score":781,"play_id":"bd3a0f3e-6bf6-45d2-a41e-3f0eb6b056b3","local_time":"20190531002553","is_ascension_mode":false,"campfire_choices":[{"floor":8.0,"key":"RECALL"},{"data":"Inflame","floor":15.0,"key":"SMITH"},{"data":"Barricade","floor":23.0,"key":"SMITH"},{"data":"Limit Break","floor":27.0,"key":"SMITH"},{"data":"Shockwave","floor":30.0,"key":"SMITH"},{"data":"Heavy Blade","floor":32.0,"key":"SMITH"},{"data":"Secret Technique","floor":40.0,"key":"SMITH"},{"data":"1","floor":44,"key":"LIFT"},{"data":"2","floor":47,"key":"LIFT"},{"data":"3","floor":49,"key":"LIFT"},{"floor":52,"key":"REST"}],"neow_cost":"PERCENT_DAMAGE","seed_source_timestamp":108853869146519,"circlet_count":0,"master_deck":["Strike_R+1","Strike_R+1","Strike_R+1","Defend_R+1","Defend_R+1","Defend_R+1","Defend_R+1","Bash+1","Ghostly Armor+1","Shockwave+1","True Grit+1","Anger+1","Dropkick+1","Shrug It Off+1","Heavy Blade+1","Metallicize+1","Inflame+1","Feel No Pain+1","Limit Break+1","Headbutt+1","Spot Weakness+1","Evolve+1","Body Slam+1","Uppercut+1","Barricade+1","Pommel Strike+1","Dual Wield+1","Shrug It Off+1","Infernal Blade+1","Heavy Blade+1","True Grit+1","Juggernaut+1","Sword Boomerang+1","Bandage Up+1","Secret Technique+1","Hemokinesis+1","Shrug It Off+1","Pommel Strike+1","Bloodletting+1"],"special_seed":0,"relics":["Burning Blood","StoneCalendar","WarpedTongs","Mummified Hand","Mercury Hourglass","The Courier","Orrery","Dodecahedron","Strawberry","Regal Pillow","Cursed Key","Anchor","Girya","Orichalcum","Mark of the Bloom"],"potions_floor_usage":[50,50],"damage_taken":[{"damage":0.0,"enemies":"2 Louse","floor":1.0,"turns":4.0},{"damage":0.0,"enemies":"Cultist","floor":2.0,"turns":4.0},{"damage":3.0,"enemies":"Jaw Worm","floor":3.0,"turns":4.0},{"damage":2.0,"enemies":"Looter","floor":5.0,"turns":2.0},{"damage":20.0,"enemies":"Lagavulin","floor":6.0,"turns":6.0},{"damage":0.0,"enemies":"3 Sentries","floor":11.0,"turns":5.0},{"damage":0.0,"enemies":"Large Slime","floor":12.0,"turns":4.0},{"damage":0.0,"enemies":"Slime Boss","floor":16.0,"turns":5.0},{"damage":0.0,"enemies":"Spheric Guardian","floor":18.0,"turns":2.0},{"damage":1.0,"enemies":"Chosen","floor":20.0,"turns":5.0},{"damage":5.0,"enemies":"Snake Plant","floor":22.0,"turns":4.0},{"damage":30.0,"enemies":"Slavers","floor":24.0,"turns":6.0},{"damage":0.0,"enemies":"Snecko","floor":25.0,"turns":4.0},{"damage":22.0,"enemies":"Gremlin Leader","floor":29.0,"turns":6.0},{"damage":58.0,"enemies":"Champ","floor":33.0,"turns":10.0},{"damage":14.0,"enemies":"3 Shapes","floor":35.0,"turns":4.0},{"damage":9,"enemies":"3 Darklings","floor":41,"turns":5},{"damage":2,"enemies":"2 Orb Walkers","floor":42,"turns":6},{"damage":5,"enemies":"4 Shapes","floor":45,"turns":5},{"damage":0,"enemies":"Jaw Worm Horde","floor":48,"turns":2},{"damage":48,"enemies":"Donu and Deca","floor":50,"turns":8},{"damage":43,"enemies":"Shield and Spear","floor":54,"turns":3}],"seed_played":"5851707577552397326","potions_obtained":[{"floor":1.0,"key":"Fire Potion"},{"floor":3.0,"key":"AttackPotion"},{"floor":5.0,"key":"Dexterity Potion"},{"floor":12.0,"key":"SteroidPotion"},{"floor":16.0,"key":"SteroidPotion"},{"floor":18.0,"key":"Weak Potion"},{"floor":33.0,"key":"Block Potion"},{"floor":45,"key":"Strength Potion"},{"floor":48,"key":"Weak Potion"}],"is_trial":false,"path_per_floor":["M","M","M","?","M","E","?","R","T","?","E","M","$","?","R","B",null,"M","?","M","$","M","R","E","M","T","R","?","E","R","?","R","B",null,"M","?","$","?","$","R","M","?","T","R","M","?","R","M","R","B",null,"R","$","E"],"character_chosen":"IRONCLAD","items_purchased":["Metallicize","Inflame","Feel No Pain","Dual Wield","Shrug It Off","Anchor"],"campfire_rested":1,"item_purchase_floors":[13,13,13,21,21,37],"current_hp_per_floor":[62,68,71,71,75,61,61,61,61,61,67,73,73,73,73,79,80,80,80,80,80,80,80,56,62,62,62,80,71,71,71,71,19,87,79,79,79,74,74,74,75,83,83,83,87,87,87,87,87,39,39,39,39,0],"gold":42,"neow_bonus":"ONE_RARE_RELIC","is_prod":false,"is_daily":false,"chose_seed":false,"campfire_upgraded":6,"win_rate":0,"timestamp":1559226353,"path_taken":["M","M","M","?","?","E","?","R","T","?","E","M","$","?","R","BOSS","M","?","M","$","M","R","E","M","T","R","?","E","R","?","R","BOSS","M","?","$","?","?","R","M","?","T","R","M","?","R","M","R","BOSS","R","$","E"],"build_version":"2019-01-23","purchased_purges":3,"victory":false,"max_hp_per_floor":[80,80,80,80,80,80,80,80,80,80,80,80,80,80,80,80,80,80,80,80,80,80,80,80,80,80,80,80,87,87,87,87,87,87,87,87,87,87,87,87,87,87,87,87,87,87,87,87,87,87,87,87,87,87],"card_choices":[{"not_picked":["Seeing Red","Spot Weakness"],"picked":"Ghostly Armor","floor":1.0},{"not_picked":["Metallicize","Clash"],"picked":"Shockwave","floor":2.0},{"not_picked":["Pommel Strike","Sentinel"],"picked":"True Grit","floor":3.0},{"not_picked":["Hemokinesis","Perfected Strike"],"picked":"Anger","floor":5.0},{"not_picked":["Seeing Red","Blood for Blood"],"picked":"Dropkick","floor":6.0},{"not_picked":["Hemokinesis","Heavy Blade"],"picked":"Shrug It Off","floor":11.0},{"not_picked":["Clash","Perfected Strike"],"picked":"Heavy Blade","floor":12.0},{"not_picked":["Impervious","Fiend Fire"],"picked":"Limit Break","floor":16.0},{"not_picked":["Hemokinesis","Clash"],"picked":"Headbutt","floor":17.0},{"not_picked":["Cleave","Armaments"],"picked":"Spot Weakness","floor":17.0},{"not_picked":["Sword Boomerang","Thunderclap"],"picked":"Evolve","floor":17.0},{"not_picked":["Ghostly Armor","Infernal Blade"],"picked":"Body Slam","floor":17.0},{"not_picked":["Clothesline","Burning Pact"],"picked":"Uppercut","floor":17.0},{"not_picked":["Heavy Blade","Sword Boomerang"],"picked":"Barricade","floor":18.0},{"not_picked":["Burning Pact","Rage+1"],"picked":"Pommel Strike","floor":20.0},{"not_picked":["Second Wind","Iron Wave"],"picked":"Anger","floor":22.0},{"not_picked":["Exhume","Havoc"],"picked":"Infernal Blade","floor":24.0},{"not_picked":["Wild Strike","Anger+1"],"picked":"Heavy Blade","floor":25.0},{"not_picked":["Berserk","Perfected Strike"],"picked":"True Grit","floor":29.0},{"not_picked":["Limit Break","Feed"],"picked":"Juggernaut","floor":33.0},{"not_picked":["Armaments","Second Wind+1"],"picked":"Sword Boomerang","floor":35.0},{"not_picked":["Panacea","Madness"],"picked":"Bandage Up","floor":38.0},{"not_picked":["Madness","Discovery"],"picked":"Secret Technique","floor":38.0},{"not_picked":["Reckless Charge","Warcry+1"],"picked":"Hemokinesis+1","floor":41},{"not_picked":["Pommel Strike","Ghostly Armor"],"picked":"Shrug It Off+1","floor":42},{"not_picked":["Flex","Headbutt+1"],"picked":"Pommel Strike+1","floor":45},{"not_picked":["Fire Breathing","Headbutt"],"picked":"Bloodletting+1","floor":48}],"player_experience":2027100,"relics_obtained":[{"floor":6.0,"key":"Mummified Hand"},{"floor":9.0,"key":"Mercury Hourglass"},{"floor":11.0,"key":"The Courier"},{"floor":24.0,"key":"Dodecahedron"},{"floor":29.0,"key":"Strawberry"},{"floor":42,"key":"Girya"},{"floor":43,"key":"Orichalcum"}],"event_choices":[{"damage_healed":0.0,"max_hp_gain":0.0,"max_hp_loss":0.0,"gold_gain":0.0,"event_name":"Accursed Blacksmith","player_choice":"Rummage","floor":4.0,"gold_loss":0.0,"damage_taken":0.0,"relics_obtained":["WarpedTongs"],"cards_obtained":["Pain"]},{"cards_removed":["Pain"],"damage_healed":0.0,"max_hp_gain":0.0,"max_hp_loss":0.0,"gold_gain":0.0,"event_name":"The Cleric","player_choice":"Card Removal","floor":7.0,"gold_loss":50.0,"damage_taken":0.0},{"damage_healed":0.0,"max_hp_gain":0.0,"max_hp_loss":0.0,"gold_gain":0.0,"event_name":"Living Wall","player_choice":"Grow","floor":10.0,"gold_loss":0.0,"damage_taken":0.0,"cards_upgraded":["True Grit"]},{"cards_removed":["Strike_R"],"damage_healed":0.0,"max_hp_gain":0.0,"max_hp_loss":0.0,"gold_gain":0.0,"event_name":"Bonfire Elementals","player_choice":"Offered Basic","floor":14.0,"gold_loss":0.0,"damage_taken":0.0},{"damage_healed":0.0,"max_hp_gain":0.0,"max_hp_loss":0.0,"gold_gain":0.0,"event_name":"Ghosts","player_choice":"Ignored","floor":19.0,"gold_loss":0.0,"damage_taken":0.0},{"damage_healed":26.0,"max_hp_gain":0.0,"max_hp_loss":0.0,"gold_gain":0.0,"event_name":"The Library","player_choice":"Heal","floor":28.0,"gold_loss":0.0,"damage_taken":0.0},{"damage_healed":0.0,"max_hp_gain":0.0,"max_hp_loss":0.0,"gold_gain":0.0,"event_name":"The Mausoleum","player_choice":"Opened","floor":31.0,"gold_loss":0.0,"damage_taken":0.0,"relics_obtained":["Regal Pillow"],"cards_obtained":["Writhe"]},{"cards_removed":["Anger"],"damage_healed":0.0,"max_hp_gain":0.0,"max_hp_loss":0.0,"gold_gain":0.0,"event_name":"Falling","player_choice":"Removed Attack","floor":36.0,"gold_loss":0.0,"damage_taken":0.0},{"damage_healed":0.0,"max_hp_gain":0.0,"max_hp_loss":0.0,"gold_gain":0.0,"event_name":"SensoryStone","player_choice":"Memory 2","floor":38.0,"gold_loss":0.0,"damage_taken":5.0},{"damage_healed":0,"gold_gain":0,"player_choice":"Fight","damage_taken":0,"max_hp_gain":0,"max_hp_loss":0,"event_name":"Mysterious Sphere","floor":42,"gold_loss":0},{"damage_healed":0,"gold_gain":0,"player_choice":"Upgrade","damage_taken":0,"relics_obtained":["Mark of the Bloom"],"max_hp_gain":0,"max_hp_loss":0,"event_name":"MindBloom","floor":46,"gold_loss":0,"cards_upgraded":["Strike_R","Strike_R","Strike_R","Defend_R","Defend_R","Defend_R","Defend_R","Bash","Ghostly Armor","Anger","Dropkick","Shrug It Off","Heavy Blade","Metallicize","Feel No Pain","Headbutt","Spot Weakness","Evolve","Body Slam","Uppercut","Pommel Strike","Dual Wield","Shrug It Off","Infernal Blade","True Grit","Juggernaut","Sword Boomerang","Bandage Up"]}],"is_beta":false,"boss_relics":[{"not_picked":["Velvet Choker","Black Star"],"picked":"Orrery"},{"not_picked":["Calling Bell","Eternal Feather"],"picked":"Cursed Key"}],"items_purged_floors":[21,37,53],"is_endless":false,"potions_floor_spawned":[1,3,5,12,16,18,20,33,45,48],"killed_by":"Shield and Spear","ascension_level":0}