{"gold_per_floor":[110,123,123,123,123,164,178,203,203,243,262,300,321,298,298,421,421,442,367,410,410,435,435,450,450,450,488,488,531,547,621,621,742,742,755,778,133,158,158,158,192,192,215,255,235,254,254,277,277,277,277,277,9,52,52],"floor_reached":56,"playtime":6491,"items_purged":["Strike_B","Defend_B"],"score":1411,"play_id":"6b79928b-3392-42ac-9724-31e77ada8364","local_time":"20190127151105","is_ascension_mode":true,"campfire_choices":[{"floor":15.0,"key":"REST"},{"data":"Electrodynamics","floor":23.0,"key":"SMITH"},{"data":"Storm","floor":25.0,"key":"SMITH"},{"floor":28.0,"key":"REST"},{"floor":32.0,"key":"REST"},{"floor":40.0,"key":"RECALL"},{"data":"Capacitor","floor":47.0,"key":"SMITH"},{"data":"Buffer","floor":49.0,"key":"SMITH"},{"data":"Metamorphosis","floor":52,"key":"SMITH"}],"neow_cost":"NONE","seed_source_timestamp":0,"circlet_count":0,"master_deck":["Strike_B","Strike_B","Defend_B","Defend_B","Defend_B","Zap","Dualcast","Ball Lightning","Storm","Coolheaded","Recycle","BootSequence","Stack","Storm+1","Electrodynamics+1","Compile Driver","Buffer+1","Leap+1","Rip and Tear","RitualDagger","Double Energy+1","Sweeping Beam+1","Turbo","Static Discharge","Ball Lightning+1","Heatsinks","All For One","Capacitor+1","Aggregate","Self Repair","Turbo","Metamorphosis+1","Panacea","Electrodynamics+1","Static Discharge+1","Doom and Gloom+1","Loop","Turbo","Heatsinks+1","Rebound","Chrysalis","Capacitor+1"],"special_seed":0,"relics":["Cracked Core","NeowsBlessing","Golden Idol","Gambling Chip","Bird Faced Urn","Mummified Hand","Letter Opener","Black Star","Red Mask","Vajra","Nunchaku","Anchor","Smiling Mask","Thread and Needle","Tiny Chest","Blood Vial","White Beast Statue","DollysMirror","Juzu Bracelet","Torii","Bag of Preparation","Strawberry","Darkstone Periapt","Lantern","Incense Burner"],"potions_floor_usage":[55],"damage_taken":[{"damage":0.0,"enemies":"Small Slimes","floor":1.0,"turns":1.0},{"damage":0.0,"enemies":"Jaw Worm","floor":2.0,"turns":1.0},{"damage":0.0,"enemies":"Lagavulin","floor":6.0,"turns":1.0},{"damage":7.0,"enemies":"2 Louse","floor":7.0,"turns":2.0},{"damage":30.0,"enemies":"Large Slime","floor":8.0,"turns":6.0},{"damage":22.0,"enemies":"Gremlin Nob","floor":10.0,"turns":5.0},{"damage":11.0,"enemies":"Red Slaver","floor":11.0,"turns":4.0},{"damage":17.0,"enemies":"Lagavulin","floor":12.0,"turns":8.0},{"damage":0.0,"enemies":"Blue Slaver","floor":13.0,"turns":3.0},{"damage":1.0,"enemies":"Slime Boss","floor":16.0,"turns":6.0},{"damage":21.0,"enemies":"3 Byrds","floor":18.0,"turns":4.0},{"damage":0.0,"enemies":"Masked Bandits","floor":20.0,"turns":2.0},{"damage":3.0,"enemies":"2 Thieves","floor":22.0,"turns":4.0},{"damage":30.0,"enemies":"Sentry and Sphere","floor":24.0,"turns":5.0},{"damage":18.0,"enemies":"Gremlin Leader","floor":27.0,"turns":5.0},{"damage":42.0,"enemies":"Book of Stabbing","floor":29.0,"turns":5.0},{"damage":0.0,"enemies":"Centurion and Healer","floor":30.0,"turns":2.0},{"damage":6.0,"enemies":"Gremlin Leader","floor":31.0,"turns":5.0},{"damage":13.0,"enemies":"Collector","floor":33.0,"turns":11.0},{"damage":12.0,"enemies":"3 Darklings","floor":35.0,"turns":3.0},{"damage":0.0,"enemies":"3 Shapes","floor":36.0,"turns":2.0},{"damage":0.0,"enemies":"Sphere and 2 Shapes","floor":38.0,"turns":3.0},{"damage":0.0,"enemies":"Nemesis","floor":41.0,"turns":6.0},{"damage":48.0,"enemies":"Giant Head","floor":44.0,"turns":7.0},{"damage":0.0,"enemies":"Jaw Worm Horde","floor":46.0,"turns":2.0},{"damage":14.0,"enemies":"Transient","floor":48.0,"turns":5.0},{"damage":53.0,"enemies":"Time Eater","floor":50.0,"turns":10.0},{"damage":9,"enemies":"Shield and Spear","floor":54,"turns":3},{"damage":77,"enemies":"The Heart","floor":55,"turns":4}],"seed_played":"8874601482128258495","potions_obtained":[{"floor":2.0,"key":"Swift Potion"},{"floor":10.0,"key":"AttackPotion"},{"floor":11.0,"key":"LiquidBronze"},{"floor":20.0,"key":"AttackPotion"},{"floor":22.0,"key":"Dexterity Potion"},{"floor":30.0,"key":"Fire Potion"},{"floor":33.0,"key":"Dexterity Potion"},{"floor":35.0,"key":"Explosive Potion"},{"floor":36.0,"key":"FearPotion"},{"floor":38.0,"key":"PowerPotion"},{"floor":41.0,"key":"Fire Potion"},{"floor":44.0,"key":"LiquidBronze"},{"floor":45.0,"key":"GamblersBrew"},{"floor":48.0,"key":"Weak Potion"},{"floor":54,"key":"AttackPotion"}],"is_trial":false,"path_per_floor":["M","M","?","T","?","E","M","M","T","E","M","E","M","?","R","B",null,"M","?","?","?","M","R","M","R","T","E","R","E","M","E","R","B",null,"M","M","$","M","?","R","E","?","T","E","?","M","R","M","R","B",null,"R","$","E","B",null],"character_chosen":"DEFECT","items_purchased":["Self Repair","Turbo","Metamorphosis","Panacea","DollysMirror","Rebound","Chrysalis"],"campfire_rested":3,"item_purchase_floors":[37,37,37,37,37,53,53],"current_hp_per_floor":[75,75,80,80,80,80,73,43,43,23,14,1,7,7,31,36,80,61,61,67,61,64,64,42,42,42,32,56,22,30,34,58,59,80,68,80,80,80,80,80,80,80,80,46,46,54,54,65,65,43,87,87,87,85,33],"gold":52,"neow_bonus":"THREE_ENEMY_KILL","is_prod":false,"is_daily":false,"chose_seed":false,"campfire_upgraded":5,"win_rate":0,"timestamp":1548562265,"path_taken":["M","M","?","?","?","E","?","M","T","E","M","E","M","?","R","BOSS","M","?","?","?","M","R","M","R","T","E","R","E","M","E","R","BOSS","M","M","$","M","?","R","E","?","T","E","?","M","R","M","R","BOSS","R","$","E","BOSS"],"build_version":"2019-01-23","purchased_purges":2,"victory":true,"max_hp_per_floor":[75,75,80,80,80,80,80,80,80,80,80,80,80,80,80,80,80,80,80,80,80,80,80,80,80,80,80,80,80,80,80,80,80,80,80,80,80,80,80,80,80,80,80,87,87,87,87,87,87,87,87,87,87,87,87],"card_choices":[{"not_picked":["Leap","Rebound"],"picked":"Ball Lightning","floor":1.0},{"not_picked":["Loop","Beam Cell"],"picked":"Storm","floor":2.0},{"not_picked":["Lockon","Gash"],"picked":"Coolheaded","floor":6.0},{"not_picked":["Reprogram","Barrage"],"picked":"Recycle","floor":7.0},{"not_picked":["Beam Cell","Recycle"],"picked":"BootSequence","floor":8.0},{"not_picked":["Seek","Cold Snap"],"picked":"Stack","floor":10.0},{"not_picked":["Chaos","Rebound"],"picked":"Storm","floor":11.0},{"not_picked":["Machine Learning","Sweeping Beam"],"picked":"Electrodynamics","floor":12.0},{"not_picked":["Skim","Beam Cell"],"picked":"Compile Driver","floor":13.0},{"not_picked":["Seek","Core Surge"],"picked":"Buffer","floor":16.0},{"not_picked":["Cold Snap","Recycle"],"picked":"Leap+1","floor":18.0},{"not_picked":["Blizzard","Go for the Eyes"],"picked":"Rip and Tear","floor":20.0},{"not_picked":["Gash","Streamline+1"],"picked":"Double Energy+1","floor":22.0},{"not_picked":["Coolheaded","Leap"],"picked":"Sweeping Beam+1","floor":24.0},{"not_picked":["Gash","Fission"],"picked":"Turbo","floor":27.0},{"not_picked":["Rebound","Barrage+1"],"picked":"Static Discharge","floor":29.0},{"not_picked":["Barrage","Go for the Eyes"],"picked":"Ball Lightning+1","floor":30.0},{"not_picked":["Streamline","Recycle"],"picked":"Heatsinks","floor":31.0},{"not_picked":["Hyperbeam","Buffer"],"picked":"All For One","floor":33.0},{"not_picked":["Darkness","Conserve Battery+1"],"picked":"Capacitor","floor":35.0},{"not_picked":["Stack","Compile Driver+1"],"picked":"Aggregate","floor":36.0},{"not_picked":["Sunder","Chaos+1"],"picked":"Static Discharge+1","floor":38.0},{"not_picked":["Double Energy","Reprogram"],"picked":"Doom and Gloom+1","floor":41.0},{"not_picked":["Hologram","Cold Snap"],"picked":"Loop","floor":44.0},{"not_picked":["Cold Snap+1","Beam Cell"],"picked":"Turbo","floor":46.0},{"not_picked":["Compile Driver+1","Leap+1"],"picked":"Heatsinks+1","floor":48.0},{"not_picked":["Stack+1","Hologram+1"],"picked":"Capacitor+1","floor":54}],"player_experience":144442,"relics_obtained":[{"floor":6.0,"key":"Gambling Chip"},{"floor":9.0,"key":"Bird Faced Urn"},{"floor":10.0,"key":"Mummified Hand"},{"floor":12.0,"key":"Letter Opener"},{"floor":20.0,"key":"Red Mask"},{"floor":26.0,"key":"Vajra"},{"floor":27.0,"key":"Nunchaku"},{"floor":27.0,"key":"Anchor"},{"floor":29.0,"key":"Smiling Mask"},{"floor":29.0,"key":"Thread and Needle"},{"floor":31.0,"key":"Tiny Chest"},{"floor":31.0,"key":"Blood Vial"},{"floor":41.0,"key":"Juzu Bracelet"},{"floor":41.0,"key":"Torii"},{"floor":43.0,"key":"Bag of Preparation"},{"floor":44.0,"key":"Strawberry"},{"floor":44.0,"key":"Darkstone Periapt"},{"floor":54,"key":"Lantern"},{"floor":54,"key":"Incense Burner"}],"event_choices":[{"damage_healed":0.0,"max_hp_gain":5.0,"max_hp_loss":0.0,"gold_gain":0.0,"event_name":"Big Fish","player_choice":"Donut","floor":3.0,"gold_loss":0.0,"damage_taken":0.0},{"damage_healed":0.0,"max_hp_gain":0.0,"max_hp_loss":0.0,"gold_gain":0.0,"event_name":"Golden Idol","player_choice":"Take Wound","floor":5.0,"gold_loss":0.0,"damage_taken":0.0,"relics_obtained":["Golden Idol"],"cards_obtained":["Injury"]},{"damage_healed":0.0,"max_hp_gain":0.0,"max_hp_loss":0.0,"gold_gain":0.0,"event_name":"World of Goop","player_choice":"Left Gold","floor":14.0,"gold_loss":23.0,"damage_taken":0.0},{"cards_removed":["Injury"],"damage_healed":0.0,"max_hp_gain":0.0,"max_hp_loss":0.0,"gold_gain":0.0,"event_name":"Beggar","player_choice":"Gave Gold","floor":19.0,"gold_loss":75.0,"damage_taken":0.0},{"damage_healed":0.0,"max_hp_gain":0.0,"max_hp_loss":0.0,"gold_gain":0.0,"event_name":"Masked Bandits","player_choice":"Fought Bandits","floor":20.0,"gold_loss":0.0,"damage_taken":0.0},{"damage_healed":0.0,"max_hp_gain":0.0,"max_hp_loss":0.0,"gold_gain":0.0,"event_name":"Nest","player_choice":"Joined the Cult","floor":21.0,"gold_loss":0.0,"damage_taken":6.0,"cards_obtained":["RitualDagger"]},{"cards_removed":["Strike_B"],"damage_healed":0.0,"max_hp_gain":0.0,"max_hp_loss":0.0,"gold_gain":0.0,"event_name":"Falling","player_choice":"Removed Attack","floor":39.0,"gold_loss":0.0,"damage_taken":0.0},{"damage_healed":0.0,"max_hp_gain":0.0,"max_hp_loss":0.0,"gold_gain":0.0,"event_name":"Tomb of Lord Red Mask","player_choice":"Ignored","floor":42.0,"gold_loss":0.0,"damage_taken":0.0},{"damage_healed":0.0,"max_hp_gain":0.0,"max_hp_loss":0.0,"gold_gain":0.0,"event_name":"The Woman in Blue","player_choice":"Bought 1 Potion","floor":45.0,"gold_loss":0.0,"damage_taken":0.0}],"is_beta":false,"boss_relics":[{"not_picked":["Calling Bell","Runic Pyramid"],"picked":"Black Star"},{"not_picked":["FrozenCore","Runic Dome"],"picked":"White Beast Statue"}],"items_purged_floors":[37,53],"is_endless":false,"potions_floor_spawned":[2,10,11,20,22,30,33,35,36,38,41,44,46,48,54],"ascension_level":1}