{"gold_per_floor":[119,133,283,6,6,6,34,46,46,59,59,79,92,57,57,57],"floor_reached":16,"playtime":766,"items_purged":[],"score":189,"play_id":"3b600c75-62e2-4baf-8ebc-245bbcd096cd","local_time":"20190610144459","is_ascension_mode":true,"campfire_choices":[{"data":"Deadly Poison","floor":6,"key":"SMITH"},{"floor":11,"key":"REST"},{"data":"Neutralize","floor":15,"key":"SMITH"}],"neow_cost":"NONE","seed_source_timestamp":87908967727401,"circlet_count":0,"master_deck":["AscendersBane","Defend_G","Defend_G","Defend_G","Defend_G","Defend_G","Strike_G","Strike_G","Strike_G","Strike_G","Strike_G","Survivor","Neutralize+1","PiercingWail","Backflip","Doubt","Deadly Poison+1","Acrobatics","Dash","PiercingWail","Cloak And Dagger"],"relics":["Ring of the Snake","Boot","ClockworkSouvenir","The Courier","Potion Belt","Matryoshka"],"potions_floor_usage":[13],"damage_taken":[{"damage":1,"enemies":"Small Slimes","floor":1,"turns":4},{"damage":6,"enemies":"Cultist","floor":2,"turns":6},{"damage":22,"enemies":"Lagavulin","floor":7,"turns":8},{"damage":5,"enemies":"Jaw Worm","floor":8,"turns":4},{"damage":8,"enemies":"Blue Slaver","floor":10,"turns":5},{"damage":5,"enemies":"3 Louse","floor":12,"turns":4},{"damage":26,"enemies":"Exordium Wildlife","floor":13,"turns":7},{"damage":27,"enemies":"The Guardian","floor":16,"turns":11}],"seed_played":"921679972838641123","potions_obtained":[{"floor":2,"key":"Fire Potion"},{"floor":8,"key":"FairyPotion"},{"floor":12,"key":"AttackPotion"},{"floor":13,"key":"SmokeBomb"}],"is_trial":false,"path_per_floor":["M","M","?","$","?","R","E","M","T","M","R","M","M","?","R","B"],"character_chosen":"THE_SILENT","items_purchased":["ClockworkSouvenir","Deadly Poison"],"campfire_rested":1,"item_purchase_floors":[4,4],"current_hp_per_floor":[58,52,52,52,52,52,30,25,25,17,36,31,5,21,21,0],"gold":57,"neow_bonus":"RANDOM_COMMON_RELIC","is_prod":false,"is_daily":false,"chose_seed":false,"campfire_upgraded":2,"win_rate":0,"timestamp":1560170699,"path_taken":["M","M","?","$","?","R","E","M","T","M","R","M","?","?","R","BOSS"],"build_version":"2019-01-23","purchased_purges":0,"victory":false,"max_hp_per_floor":[66,66,66,66,66,66,66,66,66,66,66,66,66,66,66,66],"card_choices":[{"not_picked":["Slice","Poisoned Stab"],"picked":"PiercingWail","floor":1},{"not_picked":["Masterful Stab","Quick Slash"],"picked":"Backflip","floor":2},{"not_picked":["Outmaneuver","Blade Dance","Quick Slash"],"picked":"SKIP","floor":7},{"not_picked":["Expertise","Poisoned Stab"],"picked":"Acrobatics","floor":8},{"not_picked":["Sucker Punch","Outmaneuver"],"picked":"Dash","floor":10},{"not_picked":["Accuracy","Backflip"],"picked":"PiercingWail","floor":12},{"not_picked":["Night Terror","Reflex"],"picked":"Cloak And Dagger","floor":13}],"player_experience":734577,"relics_obtained":[{"floor":7,"key":"Potion Belt"},{"floor":9,"key":"Matryoshka"}],"event_choices":[{"damage_healed":0,"gold_gain":150,"player_choice":"AGREE","damage_taken":0,"max_hp_gain":0,"max_hp_loss":0,"event_name":"Liars Game","floor":3,"gold_loss":0,"cards_obtained":["Doubt"]},{"damage_healed":0,"gold_gain":0,"player_choice":"Gave Potion","damage_taken":0,"relics_obtained":["The Courier"],"max_hp_gain":0,"max_hp_loss":0,"event_name":"WeMeetAgain","floor":5,"gold_loss":0},{"damage_healed":16,"gold_gain":0,"player_choice":"Healed","damage_taken":0,"max_hp_gain":0,"max_hp_loss":0,"event_name":"The Cleric","floor":14,"gold_loss":35}],"is_beta":false,"boss_relics":[],"items_purged_floors":[],"is_endless":false,"potions_floor_spawned":[2,8,12,13],"killed_by":"The Guardian","ascension_level":17}