{"gold_per_floor":[117,192,206,206,206,241,241,259,282,297,297],"floor_reached":11,"playtime":713,"items_purged":[],"score":80,"play_id":"14860f16-d9cf-4f0c-9479-b4519812fe87","local_time":"20190202134056","is_ascension_mode":true,"campfire_choices":[{"floor":7,"key":"REST"}],"neow_cost":"NONE","seed_source_timestamp":332732016805879,"circlet_count":0,"master_deck":["Strike_B","Strike_B","Strike_B","Defend_B","Defend_B","Defend_B","Zap","Dualcast","Defragment","Melter","Injury","Genetic Algorithm","Self Repair","Streamline"],"relics":["Cracked Core","Golden Idol","Potion Belt","Art of War"],"potions_floor_usage":[11],"damage_taken":[{"damage":6,"enemies":"Cultist","floor":1,"turns":4},{"damage":0,"enemies":"Small Slimes","floor":3,"turns":3},{"damage":34,"enemies":"3 Sentries","floor":6,"turns":9},{"damage":8,"enemies":"Jaw Worm","floor":8,"turns":3},{"damage":26,"enemies":"3 Louse","floor":10,"turns":3},{"damage":15,"enemies":"Gremlin Gang","floor":11,"turns":1}],"seed_played":"-6342344193043644221","potions_obtained":[{"floor":6,"key":"SneckoOil"},{"floor":8,"key":"PowerPotion"}],"is_trial":false,"path_per_floor":["M","?","M","?","?","E","R","M","T","M","M"],"character_chosen":"DEFECT","items_purchased":[],"campfire_rested":1,"item_purchase_floors":[],"current_hp_per_floor":[69,58,58,58,51,17,39,31,31,12,0],"gold":297,"neow_bonus":"REMOVE_CARD","is_prod":false,"is_daily":false,"chose_seed":false,"campfire_upgraded":0,"win_rate":0,"timestamp":1549075256,"path_taken":["M","?","M","?","?","E","R","?","T","M","M"],"build_version":"2019-01-23","purchased_purges":0,"victory":false,"max_hp_per_floor":[75,75,75,75,75,75,75,75,75,75,75],"card_choices":[{"not_picked":["Rebound","Consume"],"picked":"Defragment","floor":1},{"not_picked":["Rebound","Go for the Eyes"],"picked":"Melter","floor":3},{"not_picked":["Redo","Streamline"],"picked":"Genetic Algorithm","floor":6},{"not_picked":["Conserve Battery","Streamline"],"picked":"Self Repair","floor":8},{"not_picked":["Barrage","Skim"],"picked":"Streamline","floor":10}],"player_experience":218142,"relics_obtained":[{"floor":6,"key":"Potion Belt"},{"floor":9,"key":"Art of War"}],"event_choices":[{"damage_healed":0,"gold_gain":75,"player_choice":"Gather Gold","damage_taken":11,"max_hp_gain":0,"max_hp_loss":0,"event_name":"World of Goop","floor":2,"gold_loss":0},{"damage_healed":0,"gold_gain":0,"player_choice":"Take Wound","damage_taken":0,"relics_obtained":["Golden Idol"],"max_hp_gain":0,"max_hp_loss":0,"event_name":"Golden Idol","floor":4,"gold_loss":0,"cards_obtained":["Injury"]},{"cards_removed":["Defend_B"],"damage_healed":0,"gold_gain":0,"player_choice":"Card Removal","damage_taken":7,"max_hp_gain":0,"max_hp_loss":0,"event_name":"Golden Wing","floor":5,"gold_loss":0}],"is_beta":false,"boss_relics":[],"items_purged_floors":[],"is_endless":false,"potions_floor_spawned":[6,8],"killed_by":"Gremlin Gang","ascension_level":2}