{"gold_per_floor":[116,12,12,27,27,27,47,77,104,115,40,40,40,53,53,53],"floor_reached":16,"playtime":1574,"items_purged":["Defend_R"],"score":150,"play_id":"e387d69d-34f3-4c11-80ea-8accb944bdb6","local_time":"20190304231914","is_ascension_mode":true,"campfire_choices":[{"data":"Exhume","floor":6.0,"key":"SMITH"},{"data":"1","floor":13,"key":"LIFT"},{"data":"2","floor":15,"key":"LIFT"}],"neow_cost":"NONE","seed_source_timestamp":0,"circlet_count":0,"master_deck":["AscendersBane","Strike_R","Strike_R","Strike_R","Strike_R","Defend_R","Defend_R","Defend_R","Bash","Heavy Blade","Combust","Power Through","Corruption","Exhume+1","True Grit","Evolve","Heavy Blade","Body Slam"],"special_seed":0,"relics":["Burning Blood","Pen Nib","Girya","Boot"],"potions_floor_usage":[16],"damage_taken":[{"damage":8.0,"enemies":"Jaw Worm","floor":1.0,"turns":4.0},{"damage":1.0,"enemies":"Cultist","floor":4.0,"turns":4.0},{"damage":2.0,"enemies":"Small Slimes","floor":7.0,"turns":3.0},{"damage":29,"enemies":"3 Sentries","floor":8,"turns":6},{"damage":10,"enemies":"2 Fungi Beasts","floor":10,"turns":5},{"damage":13,"enemies":"Red Slaver","floor":14,"turns":3},{"damage":50,"enemies":"The Guardian","floor":16,"turns":7}],"seed_played":"-5453662793491828236","potions_obtained":[{"floor":1.0,"key":"Weak Potion"},{"floor":10,"key":"Dexterity Potion"},{"floor":14,"key":"Explosive Potion"}],"is_trial":false,"path_per_floor":["M","$","?","M","$","R","M","E","T","M","$","?","R","M","R","B"],"character_chosen":"IRONCLAD","items_purchased":["Power Through","Corruption"],"campfire_rested":0,"item_purchase_floors":[2,2],"current_hp_per_floor":[70,70,70,75,75,75,79,56,56,52,52,52,52,45,45,0],"gold":53,"neow_bonus":"THREE_CARDS","is_prod":false,"is_daily":false,"chose_seed":false,"campfire_upgraded":1,"win_rate":0,"timestamp":1551701954,"path_taken":["M","$","?","?","?","R","M","E","T","M","$","?","R","M","R","BOSS"],"build_version":"2019-01-23","purchased_purges":1,"victory":false,"max_hp_per_floor":[80,80,80,80,80,80,80,80,80,80,80,80,80,80,80,80],"card_choices":[{"not_picked":["Headbutt","Second Wind"],"picked":"Heavy Blade","floor":0.0},{"not_picked":["Body Slam","Havoc"],"picked":"Combust","floor":1.0},{"not_picked":["Sword Boomerang","Hemokinesis"],"picked":"Exhume","floor":4.0},{"not_picked":["Thunderclap","Perfected Strike"],"picked":"True Grit","floor":7},{"not_picked":["Iron Wave","Blood for Blood"],"picked":"Evolve","floor":8},{"not_picked":["Pommel Strike","Warcry"],"picked":"Heavy Blade","floor":10},{"not_picked":["Metallicize","Dropkick"],"picked":"Body Slam","floor":14}],"player_experience":834177,"relics_obtained":[{"floor":8,"key":"Girya"},{"floor":9,"key":"Boot"}],"event_choices":[{"damage_healed":0.0,"max_hp_gain":0.0,"max_hp_loss":0.0,"gold_gain":0.0,"event_name":"WeMeetAgain","player_choice":"Gave Potion","floor":3.0,"gold_loss":0.0,"damage_taken":0.0,"relics_obtained":["Pen Nib"]},{"cards_removed":["Strike_R"],"damage_healed":0,"gold_gain":0,"player_choice":"Purged","damage_taken":0,"max_hp_gain":0,"max_hp_loss":0,"event_name":"Purifier","floor":12,"gold_loss":0}],"is_beta":false,"boss_relics":[],"items_purged_floors":[11],"is_endless":false,"potions_floor_spawned":[1,10,14],"killed_by":"The Guardian","ascension_level":10}