{"gold_per_floor":[110,34,53,72,72,72,134,134,160,192,212,212,212,230,230,309,309,323,337,357,372,113,113,138,138,138,151,184,184,184,234,234,308,308,319,419,419,36,54,80,80,114,138,138,148,148,181,181,181,181],"floor_reached":51,"playtime":2403,"items_purged":["Strike_R","Strike_R"],"score":1508,"play_id":"12043bfa-3873-4fad-8938-fd0be1713571","local_time":"20190612193013","is_ascension_mode":true,"campfire_choices":[{"data":"Bash","floor":6.0,"key":"SMITH"},{"data":"Cleave","floor":8.0,"key":"SMITH"},{"data":"Flex","floor":13.0,"key":"SMITH"},{"data":"Flame Barrier","floor":15.0,"key":"SMITH"},{"data":"Shockwave","floor":23,"key":"SMITH"},{"data":"Uppercut","floor":25,"key":"SMITH"},{"floor":30,"key":"REST"},{"floor":32,"key":"REST"},{"data":"Battle Trance","floor":41,"key":"SMITH"},{"floor":44,"key":"REST"},{"floor":49,"key":"REST"}],"neow_cost":"NONE","seed_source_timestamp":26277906639406,"circlet_count":0,"master_deck":["AscendersBane","Strike_R","Strike_R","Defend_R","Defend_R","Defend_R","Defend_R","Bash+1","Flame Barrier+1","Battle Trance+1","Seeing Red","Cleave+1","Flex+1","Sword Boomerang","Feed","Clothesline","Uppercut+1","Shockwave+1","Shrug It Off","Spot Weakness","Immolate","Juggernaut","Entrench","Enlightenment","Impatience","Armaments","Feel No Pain+1","Feel No Pain+1","Impervious","Pain","Feel No Pain+1","Spot Weakness","Barricade"],"special_seed":0,"relics":["Burning Blood","NeowsBlessing","Pen Nib","Ancient Tea Set","Bag of Preparation","Bag of Marbles","Snecko Eye","Lantern","Bottled Lightning","Letter Opener","Turnip","Cursed Key","Prayer Wheel","Oddly Smooth Stone","Magic Flower","Happy Flower","Omamori","Centennial Puzzle"],"potions_floor_usage":[24,33,33,50,50],"damage_taken":[{"damage":0.0,"enemies":"Small Slimes","floor":1.0,"turns":1.0},{"damage":0.0,"enemies":"Cultist","floor":3.0,"turns":1.0},{"damage":0.0,"enemies":"Jaw Worm","floor":4.0,"turns":1.0},{"damage":18.0,"enemies":"3 Sentries","floor":7.0,"turns":9.0},{"damage":22.0,"enemies":"Gremlin Nob","floor":10.0,"turns":4.0},{"damage":19.0,"enemies":"Large Slime","floor":11.0,"turns":4.0},{"damage":0.0,"enemies":"Looter","floor":14.0,"turns":1.0},{"damage":3.0,"enemies":"The Guardian","floor":16.0,"turns":10.0},{"damage":17,"enemies":"2 Thieves","floor":18,"turns":4},{"damage":0,"enemies":"Spheric Guardian","floor":19,"turns":3},{"damage":18,"enemies":"Snake Plant","floor":20,"turns":4},{"damage":4,"enemies":"Centurion and Healer","floor":21,"turns":4},{"damage":15,"enemies":"Book of Stabbing","floor":24,"turns":5},{"damage":7,"enemies":"Sentry and Sphere","floor":27,"turns":4},{"damage":23,"enemies":"Gremlin Leader","floor":28,"turns":5},{"damage":44,"enemies":"Automaton","floor":33,"turns":7},{"damage":12,"enemies":"Orb Walker","floor":35,"turns":2},{"damage":4,"enemies":"Mind Bloom Boss Battle","floor":36,"turns":5},{"damage":0,"enemies":"3 Shapes","floor":39,"turns":1},{"damage":19,"enemies":"Reptomancer","floor":40,"turns":5},{"damage":54,"enemies":"Nemesis","floor":42,"turns":7},{"damage":8,"enemies":"3 Darklings","floor":45,"turns":2},{"damage":35,"enemies":"Reptomancer","floor":47,"turns":6},{"damage":22,"enemies":"Awakened One","floor":50,"turns":13}],"seed_played":"-1922253298580645916","potions_obtained":[{"floor":1.0,"key":"SkillPotion"},{"floor":3.0,"key":"Strength Potion"},{"floor":14.0,"key":"SkillPotion"},{"floor":16.0,"key":"Fire Potion"},{"floor":24,"key":"Explosive Potion"},{"floor":27,"key":"PowerPotion"},{"floor":39,"key":"FearPotion"}],"is_trial":false,"path_per_floor":["M","?","M","M","$","R","?","R","T","E","M","?","R","M","R","B",null,"M","M","M","M","$","R","E","R","T","M","E","?","R","?","R","B",null,"M","?","?","$","M","E","R","E","T","R","M","?","E","?","R","B",null],"character_chosen":"IRONCLAD","items_purchased":["Lantern","Shrug It Off","Oddly Smooth Stone","PowerPotion","Armaments"],"campfire_rested":4,"item_purchase_floors":[22,22,38,38,38],"current_hp_per_floor":[74,74,75,75,75,75,63,63,63,47,34,27,27,33,33,36,65,57,63,54,59,59,59,50,50,50,52,38,11,39,39,67,29,79,76,78,68,68,74,61,61,16,16,45,46,66,45,45,75,62],"gold":181,"neow_bonus":"THREE_ENEMY_KILL","is_prod":false,"is_daily":false,"chose_seed":false,"campfire_upgraded":7,"win_rate":0,"timestamp":1560360613,"path_taken":["M","?","M","?","$","R","?","R","T","E","M","?","R","M","R","BOSS","M","M","M","M","$","R","E","R","T","M","E","?","R","?","R","BOSS","M","?","?","$","M","E","R","E","T","R","M","?","E","?","R","BOSS"],"build_version":"2019-01-23","purchased_purges":2,"victory":true,"max_hp_per_floor":[75,75,75,75,75,75,75,75,75,75,75,75,75,75,75,75,75,78,78,81,84,84,84,84,84,84,87,90,95,95,95,95,95,95,98,98,98,98,98,98,98,98,98,98,98,98,101,101,101,101],"card_choices":[{"not_picked":["Flex","Burning Pact"],"picked":"Flame Barrier","floor":1.0},{"not_picked":["Havoc","Heavy Blade"],"picked":"Battle Trance","floor":3.0},{"not_picked":["Bloodletting","Clash"],"picked":"Seeing Red","floor":4.0},{"not_picked":["Clothesline","Anger"],"picked":"Cleave","floor":7.0},{"not_picked":["Warcry","Combust"],"picked":"Flex","floor":10.0},{"not_picked":["Sentinel","Clash","Body Slam"],"picked":"SKIP","floor":11.0},{"not_picked":["Warcry","Bludgeon"],"picked":"Sword Boomerang","floor":14.0},{"not_picked":["Impervious","Brutality"],"picked":"Feed","floor":16.0},{"not_picked":["Cleave","Thunderclap"],"picked":"Clothesline","floor":18},{"not_picked":["Rage","Perfected Strike","Seeing Red"],"picked":"SKIP","floor":19},{"not_picked":["Headbutt+1","Clothesline"],"picked":"Uppercut","floor":20},{"not_picked":["True Grit","Headbutt+1"],"picked":"Shockwave","floor":21},{"not_picked":["Pommel Strike+1","Intimidate"],"picked":"Spot Weakness","floor":24},{"not_picked":["Perfected Strike","Flex","Pommel Strike"],"picked":"SKIP","floor":27},{"not_picked":["Combust","Evolve"],"picked":"Immolate","floor":28},{"not_picked":["Bludgeon","Feed"],"picked":"Juggernaut","floor":33},{"not_picked":["Wild Strike","Ghostly Armor+1"],"picked":"Entrench","floor":35},{"not_picked":["Magnetism","Dramatic Entrance"],"picked":"Enlightenment","floor":37},{"not_picked":["PanicButton","Blind"],"picked":"Impatience","floor":37},{"not_picked":["Warcry","Rampage"],"picked":"Feel No Pain+1","floor":39},{"not_picked":["Armaments","Cleave"],"picked":"Feel No Pain+1","floor":39},{"not_picked":["Body Slam","Pommel Strike","Thunderclap"],"picked":"SKIP","floor":40},{"not_picked":["Anger","Pummel"],"picked":"Impervious","floor":42},{"not_picked":["Searing Blow","Thunderclap"],"picked":"Feel No Pain+1","floor":45},{"not_picked":["Headbutt","Thunderclap+1","Heavy Blade"],"picked":"SKIP","floor":45},{"not_picked":["Rage","Flex"],"picked":"Spot Weakness","floor":47}],"player_experience":755705,"relics_obtained":[{"floor":7.0,"key":"Ancient Tea Set"},{"floor":9.0,"key":"Bag of Preparation"},{"floor":10.0,"key":"Bag of Marbles"},{"floor":24,"key":"Bottled Lightning"},{"floor":26,"key":"Letter Opener"},{"floor":28,"key":"Turnip"},{"floor":36,"key":"Prayer Wheel"},{"floor":40,"key":"Magic Flower"},{"floor":42,"key":"Happy Flower"},{"floor":43,"key":"Omamori"},{"floor":47,"key":"Centennial Puzzle"}],"event_choices":[{"damage_healed":0.0,"max_hp_gain":0.0,"max_hp_loss":0.0,"gold_gain":0.0,"event_name":"WeMeetAgain","player_choice":"Paid Gold","floor":2.0,"gold_loss":76.0,"damage_taken":0.0,"relics_obtained":["Pen Nib"]},{"damage_healed":0.0,"max_hp_gain":0.0,"max_hp_loss":0.0,"gold_gain":0.0,"event_name":"Dead Adventurer","player_choice":"Searched \u00272\u0027 times","floor":7.0,"gold_loss":0.0,"damage_taken":0.0},{"cards_removed":["Strike_R"],"damage_healed":0.0,"max_hp_gain":0.0,"max_hp_loss":0.0,"gold_gain":0.0,"event_name":"Golden Wing","player_choice":"Card Removal","floor":12.0,"gold_loss":0.0,"damage_taken":7.0},{"damage_healed":0,"gold_gain":0,"player_choice":"Shed Blood","damage_taken":32,"max_hp_gain":5,"max_hp_loss":0,"event_name":"Forgotten Altar","floor":29,"gold_loss":0},{"damage_healed":0,"gold_gain":50,"player_choice":"Stole From Cult","damage_taken":0,"max_hp_gain":0,"max_hp_loss":0,"event_name":"Nest","floor":31,"gold_loss":0},{"damage_healed":0,"gold_gain":0,"player_choice":"Fight","damage_taken":0,"max_hp_gain":0,"max_hp_loss":0,"event_name":"MindBloom","floor":36,"gold_loss":0},{"damage_healed":0,"gold_gain":0,"player_choice":"Memory 3","damage_taken":10,"max_hp_gain":0,"max_hp_loss":0,"event_name":"SensoryStone","floor":37,"gold_loss":0},{"damage_healed":20,"gold_gain":0,"player_choice":"Writhe","damage_taken":0,"max_hp_gain":0,"max_hp_loss":0,"event_name":"Winding Halls","floor":46,"gold_loss":0,"cards_obtained":["Writhe"]},{"damage_healed":0,"gold_gain":0,"player_choice":"1 cards matched","damage_taken":0,"max_hp_gain":0,"max_hp_loss":0,"event_name":"Match and Keep!","floor":48,"gold_loss":0,"cards_obtained":["Barricade"]}],"is_beta":false,"boss_relics":[{"not_picked":["Black Star","Tiny House"],"picked":"Snecko Eye"},{"not_picked":["Black Blood","Runic Dome"],"picked":"Cursed Key"}],"items_purged_floors":[22,38],"is_endless":false,"potions_floor_spawned":[1,3,4,14,16,18,19,24,27,39,47],"ascension_level":16}