{"gold_per_floor":[111,111,111,36,49,75,88,88,88,88,88,99,119,147,159,273,285,309,66,83,83,83,83,102,132,132,161,161,161,161,186,186,186],"floor_reached":33,"playtime":1674,"items_purged":["Strike_R"],"score":395,"play_id":"89f1bdd4-bccb-4e5a-912c-c3bdde9b6c00","local_time":"20190605013427","is_ascension_mode":true,"campfire_choices":[{"data":"Offering","floor":8.0,"key":"SMITH"},{"data":"Inflame","floor":10.0,"key":"SMITH"},{"data":"Whirlwind","floor":15.0,"key":"SMITH"},{"data":"Flame Barrier","floor":23,"key":"SMITH"},{"data":"Disarm","floor":28,"key":"SMITH"},{"data":"Metallicize","floor":30,"key":"SMITH"},{"data":"Battle Trance","floor":32,"key":"SMITH"}],"neow_cost":"NONE","seed_source_timestamp":129918610450662,"circlet_count":0,"master_deck":["Strike_R+1","Defend_R+1","Defend_R+1","Defend_R+1","Defend_R+1","Bash","Clothesline","Inflame+1","Offering+1","Metallicize+1","Battle Trance+1","Disarm+1","Whirlwind+1","Thunderclap","Reaper","Shockwave+1","Clothesline+1","Flame Barrier+1","Flame Barrier+1","Inflame+1","Reaper"],"special_seed":0,"relics":["Burning Blood","Bottled Lightning","Pear","MawBank","Astrolabe","Dodecahedron","Kunai","Regal Pillow","Omamori","Orichalcum"],"potions_floor_usage":[16,25,27,27,33],"damage_taken":[{"damage":1.0,"enemies":"2 Louse","floor":1.0,"turns":3.0},{"damage":2.0,"enemies":"Jaw Worm","floor":5.0,"turns":3.0},{"damage":26.0,"enemies":"Gremlin Nob","floor":6.0,"turns":4.0},{"damage":6.0,"enemies":"Cultist","floor":7.0,"turns":2.0},{"damage":13.0,"enemies":"Red Slaver","floor":12.0,"turns":5.0},{"damage":6.0,"enemies":"Large Slime","floor":13.0,"turns":5.0},{"damage":6.0,"enemies":"3 Sentries","floor":14.0,"turns":1.0},{"damage":33,"enemies":"Hexaghost","floor":16,"turns":11},{"damage":13,"enemies":"Chosen","floor":18,"turns":5},{"damage":6,"enemies":"2 Thieves","floor":20,"turns":1},{"damage":21,"enemies":"Snake Plant","floor":24,"turns":3},{"damage":19,"enemies":"Book of Stabbing","floor":25,"turns":6},{"damage":52,"enemies":"Gremlin Leader","floor":27,"turns":9},{"damage":7,"enemies":"Book of Stabbing","floor":31,"turns":11},{"damage":79,"enemies":"Automaton","floor":33,"turns":12}],"seed_played":"3411937091109871746","potions_obtained":[{"floor":6.0,"key":"Dexterity Potion"},{"floor":7.0,"key":"Explosive Potion"},{"floor":13.0,"key":"Strength Potion"},{"floor":14.0,"key":"Energy Potion"},{"floor":20,"key":"LiquidBronze"},{"floor":25,"key":"Energy Potion"},{"floor":31,"key":"EssenceOfSteel"}],"is_trial":false,"path_per_floor":["?","?","M","$","?","?","M","?"],"character_chosen":"IRONCLAD","items_purchased":["Dodecahedron"],"campfire_rested":0,"item_purchase_floors":[19],"current_hp_per_floor":[88,93,93,93,93,73,73,73,83,83,83,76,76,76,76,49,103,103,103,103,103,103,103,98,85,85,60,60,60,60,69,69,0],"gold":186,"neow_bonus":"TEN_PERCENT_HP_BONUS","is_prod":false,"is_daily":false,"chose_seed":false,"campfire_upgraded":7,"win_rate":0,"timestamp":1559691267,"path_taken":["M","?","?","$","M","E","?","R","T","R","?","M","M","E","R","BOSS","M","$","M","?","?","R","?","E","T","E","R","?","R","E","R","BOSS"],"build_version":"2019-01-23","purchased_purges":1,"victory":false,"max_hp_per_floor":[88,93,93,93,93,93,93,93,103,103,103,103,103,103,103,103,103,103,103,103,103,103,103,103,103,103,103,103,103,103,103,103,103],"card_choices":[{"not_picked":["Sword Boomerang","Warcry"],"picked":"Clothesline","floor":1.0},{"not_picked":["Thunderclap","Rampage"],"picked":"Offering","floor":5.0},{"not_picked":["Clothesline","Pummel"],"picked":"Metallicize","floor":6.0},{"not_picked":["Reckless Charge","Rage"],"picked":"Battle Trance","floor":7.0},{"not_picked":["Battle Trance","Iron Wave"],"picked":"Disarm","floor":12.0},{"not_picked":["Metallicize","Pommel Strike"],"picked":"Whirlwind","floor":13.0},{"not_picked":["Rupture","Dual Wield"],"picked":"Thunderclap","floor":14.0},{"not_picked":["Brutality","Fiend Fire"],"picked":"Reaper","floor":16},{"not_picked":["Second Wind+1","Armaments","Ghostly Armor+1"],"picked":"SKIP","floor":18},{"not_picked":["Carnage","Headbutt"],"picked":"Flame Barrier","floor":20},{"not_picked":["Clothesline","Pommel Strike+1"],"picked":"Flame Barrier+1","floor":24},{"not_picked":["Warcry","Twin Strike+1"],"picked":"Inflame+1","floor":25},{"not_picked":["Rupture","Flex","Thunderclap+1"],"picked":"SKIP","floor":27},{"not_picked":["Feel No Pain","Flame Barrier+1"],"picked":"Reaper","floor":31}],"player_experience":12833,"relics_obtained":[{"floor":6.0,"key":"Bottled Lightning"},{"floor":9.0,"key":"Pear"},{"floor":14.0,"key":"MawBank"},{"floor":25,"key":"Kunai"},{"floor":26,"key":"Regal Pillow"},{"floor":27,"key":"Omamori"},{"floor":31,"key":"Orichalcum"}],"event_choices":[{"damage_healed":0.0,"max_hp_gain":5.0,"max_hp_loss":0.0,"gold_gain":0.0,"event_name":"Big Fish","player_choice":"Donut","floor":2.0,"gold_loss":0.0,"damage_taken":0.0},{"damage_healed":0.0,"max_hp_gain":0.0,"max_hp_loss":0.0,"gold_gain":0.0,"event_name":"Match and Keep!","player_choice":"1 cards matched","floor":3.0,"gold_loss":0.0,"damage_taken":0.0,"cards_obtained":["Inflame"]},{"damage_healed":0,"gold_gain":0,"player_choice":"Ignored","damage_taken":0,"max_hp_gain":0,"max_hp_loss":0,"event_name":"Vampires","floor":21,"gold_loss":0},{"cards_removed":["Brutality"],"damage_healed":0,"gold_gain":0,"player_choice":"Purged","damage_taken":0,"max_hp_gain":0,"max_hp_loss":0,"event_name":"Purifier","floor":22,"gold_loss":0},{"damage_healed":0,"gold_gain":0,"player_choice":"Simplicity","damage_taken":0,"max_hp_gain":0,"max_hp_loss":0,"event_name":"Back to Basics","floor":29,"gold_loss":0,"cards_upgraded":["Strike_R","Defend_R","Defend_R","Defend_R","Defend_R"]}],"is_beta":false,"boss_relics":[{"not_picked":["Runic Dome","Orrery"],"picked":"Astrolabe"}],"items_purged_floors":[4],"is_endless":false,"potions_floor_spawned":[6,7,13,14,20,25,31],"killed_by":"Automaton","ascension_level":2}