{"gold_per_floor":[111,111,126,145,145,145,145,188,188,206,226,257,257,277,277,277],"floor_reached":16,"playtime":518,"items_purged":[],"score":196,"play_id":"fe2b3684-b5a3-4507-80ca-1a91ceba0283","local_time":"20190529001846","is_ascension_mode":true,"campfire_choices":[{"data":"Bash","floor":6,"key":"SMITH"},{"floor":15,"key":"REST"}],"neow_cost":"NONE","seed_source_timestamp":27667452645797,"circlet_count":0,"master_deck":["AscendersBane","Strike_R","Strike_R","Strike_R+1","Strike_R","Strike_R","Defend_R","Defend_R","Defend_R","Defend_R","Bash+1","Ghostly Armor+1","Cleave","Flex","Iron Wave","Injury","Shrug It Off","Whirlwind","Spot Weakness","Disarm"],"relics":["Burning Blood","Golden Idol","Matryoshka","Dodecahedron","Shuriken","Letter Opener","Frozen Egg 2","Question Card"],"potions_floor_usage":[12,16],"damage_taken":[{"damage":0,"enemies":"2 Louse","floor":1,"turns":2},{"damage":1,"enemies":"Small Slimes","floor":3,"turns":3},{"damage":7,"enemies":"Jaw Worm","floor":4,"turns":3},{"damage":25,"enemies":"3 Sentries","floor":8,"turns":11},{"damage":10,"enemies":"Exordium Thugs","floor":10,"turns":5},{"damage":0,"enemies":"Blue Slaver","floor":11,"turns":5},{"damage":27,"enemies":"Lagavulin","floor":12,"turns":8},{"damage":0,"enemies":"2 Fungi Beasts","floor":14,"turns":3},{"damage":52,"enemies":"The Guardian","floor":16,"turns":10}],"seed_played":"-6063764580681935576","potions_obtained":[{"floor":8,"key":"BloodPotion"},{"floor":12,"key":"FearPotion"},{"floor":14,"key":"SpeedPotion"}],"is_trial":false,"path_per_floor":["M","?","M","M","?","R","?","E","T","M","M","E","T","M","R","B"],"character_chosen":"IRONCLAD","items_purchased":[],"campfire_rested":1,"item_purchase_floors":[],"current_hp_per_floor":[74,51,56,55,55,55,55,36,36,32,38,24,24,30,52,0],"gold":277,"neow_bonus":"THREE_CARDS","is_prod":false,"is_daily":false,"chose_seed":false,"campfire_upgraded":1,"win_rate":0,"timestamp":1559081926,"path_taken":["M","?","M","M","?","R","?","E","T","?","M","E","?","M","R","BOSS"],"build_version":"2019-01-23","purchased_purges":0,"victory":false,"max_hp_per_floor":[75,75,75,75,75,75,75,75,75,75,75,75,75,75,75,75],"card_choices":[{"not_picked":["Clash","Fire Breathing"],"picked":"Ghostly Armor","floor":0},{"not_picked":["Thunderclap","Clash"],"picked":"Cleave","floor":1},{"not_picked":["Headbutt","Thunderclap"],"picked":"Flex","floor":3},{"not_picked":["Infernal Blade","Havoc"],"picked":"Iron Wave","floor":4},{"not_picked":["Carnage","Pommel Strike"],"picked":"Shrug It Off","floor":8},{"not_picked":["Entrench","Ghostly Armor","Sword Boomerang"],"picked":"SKIP","floor":10},{"not_picked":["Anger","Juggernaut"],"picked":"Whirlwind","floor":11},{"not_picked":["Power Through","Pummel"],"picked":"Spot Weakness","floor":12},{"not_picked":["Perfected Strike","Rupture+1","Havoc"],"picked":"Disarm","floor":14}],"player_experience":696756,"relics_obtained":[{"floor":8,"key":"Matryoshka"},{"floor":9,"key":"Dodecahedron"},{"floor":9,"key":"Shuriken"},{"floor":12,"key":"Letter Opener"},{"floor":13,"key":"Frozen Egg 2"},{"floor":13,"key":"Question Card"}],"event_choices":[{"damage_healed":0,"gold_gain":0,"player_choice":"Entered Light","damage_taken":23,"max_hp_gain":0,"max_hp_loss":0,"event_name":"Shining Light","floor":2,"gold_loss":0,"cards_upgraded":["Ghostly Armor","Strike_R"]},{"damage_healed":0,"gold_gain":0,"player_choice":"Ignored","damage_taken":0,"max_hp_gain":0,"max_hp_loss":0,"event_name":"Liars Game","floor":5,"gold_loss":0},{"damage_healed":0,"gold_gain":0,"player_choice":"Take Wound","damage_taken":0,"relics_obtained":["Golden Idol"],"max_hp_gain":0,"max_hp_loss":0,"event_name":"Golden Idol","floor":7,"gold_loss":0,"cards_obtained":["Injury"]}],"is_beta":false,"boss_relics":[],"items_purged_floors":[],"is_endless":false,"potions_floor_spawned":[8,12,14],"killed_by":"The Guardian","ascension_level":15}