{"gold_per_floor":[119,194,194,204,216,241,241,254,254,254,254,264,280,280,280,356,356,370,384,299,55,70,70,101,26,26,26,26,26,61,77,77,148,148,161,181,196,30,30,30,55,55,55,55,55,27,27,39,39,39],"floor_reached":50,"playtime":2169,"items_purged":[],"score":940,"play_id":"43bdfda1-5799-4d0f-b315-bbb1d932b657","local_time":"20190529201701","is_ascension_mode":true,"campfire_choices":[{"floor":7.0,"key":"REST"},{"floor":11.0,"key":"REST"},{"data":"1","floor":15.0,"key":"LIFT"},{"data":"2","floor":23.0,"key":"LIFT"},{"data":"3","floor":27.0,"key":"LIFT"},{"floor":29.0,"key":"REST"},{"data":"Adrenaline","floor":32.0,"key":"SMITH"},{"data":"Neutralize","floor":40.0,"key":"SMITH"},{"data":"Cloak And Dagger","floor":42.0,"key":"SMITH"},{"data":"Leg Sweep","floor":44.0,"key":"SMITH"},{"data":"Blade Dance","floor":45.0,"key":"SMITH"},{"floor":47.0,"key":"REST"},{"floor":49,"key":"REST"}],"neow_cost":"NONE","seed_source_timestamp":1020645192568686,"circlet_count":0,"master_deck":["AscendersBane","Defend_G","Defend_G","Defend_G","Defend_G","Strike_G","Strike_G","Strike_G","Strike_G","Survivor","Neutralize+1","PiercingWail","All Out Attack","Masterful Stab","Leg Sweep+1","Dagger Spray","Dodge and Roll","All Out Attack","Tools of the Trade","Cloak And Dagger+1","Slice","Cloak And Dagger","Distraction","Blade Dance+1","Adrenaline+1","Riddle With Holes+1","Dagger Spray","Dagger Spray+1","PiercingWail","Dodge and Roll","Backflip+1"],"special_seed":0,"relics":["Ring of the Snake","Vajra","Anchor","Bottled Flame","Girya","Lizard Tail","Strawberry","Lee\u0027s Waffle","WingedGreaves","Question Card","Sundial","Runic Dome","Orichalcum","Incense Burner","Pantograph"],"potions_floor_usage":[50,50],"damage_taken":[{"damage":7.0,"enemies":"Jaw Worm","floor":1.0,"turns":6.0},{"damage":6.0,"enemies":"Small Slimes","floor":4.0,"turns":5.0},{"damage":0.0,"enemies":"2 Louse","floor":5.0,"turns":2.0},{"damage":29.0,"enemies":"Lagavulin","floor":6.0,"turns":10.0},{"damage":0.0,"enemies":"Looter","floor":8.0,"turns":3.0},{"damage":0.0,"enemies":"3 Louse","floor":12.0,"turns":3.0},{"damage":0.0,"enemies":"Blue Slaver","floor":13.0,"turns":4.0},{"damage":26.0,"enemies":"Slime Boss","floor":16.0,"turns":9.0},{"damage":8.0,"enemies":"Shell Parasite","floor":18.0,"turns":9.0},{"damage":37.0,"enemies":"Chosen","floor":19.0,"turns":8.0},{"damage":36.0,"enemies":"Centurion and Healer","floor":22.0,"turns":14.0},{"damage":22.0,"enemies":"Gremlin Leader","floor":24.0,"turns":8.0},{"damage":2.0,"enemies":"Slavers","floor":30.0,"turns":6.0},{"damage":16.0,"enemies":"Cultist and Chosen","floor":31.0,"turns":7.0},{"damage":86.0,"enemies":"Automaton","floor":33.0,"turns":11.0},{"damage":0.0,"enemies":"Orb Walker","floor":35.0,"turns":3.0},{"damage":22.0,"enemies":"3 Darklings","floor":36.0,"turns":6.0},{"damage":1.0,"enemies":"Writhing Mass","floor":37.0,"turns":6.0},{"damage":17.0,"enemies":"Reptomancer","floor":41.0,"turns":6.0},{"damage":47,"enemies":"4 Shapes","floor":48,"turns":3},{"damage":59,"enemies":"Awakened One","floor":50,"turns":14}],"seed_played":"3975758244189980250","potions_obtained":[{"floor":1.0,"key":"PowerPotion"},{"floor":4.0,"key":"FairyPotion"},{"floor":8.0,"key":"Poison Potion"},{"floor":12.0,"key":"Dexterity Potion"},{"floor":18.0,"key":"Strength Potion"},{"floor":19.0,"key":"GamblersBrew"},{"floor":31.0,"key":"AttackPotion"},{"floor":36.0,"key":"PowerPotion"},{"floor":37.0,"key":"EssenceOfSteel"},{"floor":48,"key":"Block Potion"}],"is_trial":false,"path_per_floor":["M","?","?","M","M","E","R","M","T","?","R","M","M","?","R","B",null,"M","M","?","$","M","R","E","?","T","R","$","R","E","M","R","B",null,"M","M","M","$","?","R","E","R","T","R","R","$","R","M","R","B"],"character_chosen":"THE_SILENT","items_purchased":["Lee\u0027s Waffle","Cloak And Dagger","Orichalcum","Dodge and Roll"],"campfire_rested":5,"item_purchase_floors":[21,21,38,46],"current_hp_per_floor":[52,41,34,28,28,6,25,25,25,7,26,26,26,31,31,5,55,47,10,17,85,49,49,27,27,27,27,27,52,50,34,34,18,68,68,46,45,45,45,45,28,28,28,28,28,28,52,5,29,0],"gold":39,"neow_bonus":"RANDOM_COMMON_RELIC","is_prod":false,"is_daily":false,"chose_seed":false,"campfire_upgraded":5,"win_rate":0,"timestamp":1559182621,"path_taken":["M","?","?","M","M","E","R","M","T","?","R","M","M","?","R","BOSS","M","M","?","$","M","R","E","?","T","R","$","R","E","M","R","BOSS","M","M","M","$","?","R","E","R","T","R","R","$","R","?","R","BOSS"],"build_version":"2019-01-23","purchased_purges":0,"victory":false,"max_hp_per_floor":[66,66,66,66,66,66,66,66,66,66,66,66,66,71,71,71,71,71,71,78,85,85,85,85,85,85,85,85,85,85,85,85,85,85,85,85,85,85,82,82,82,82,82,82,82,82,82,82,82,82],"card_choices":[{"not_picked":["Bane","Dodge and Roll"],"picked":"PiercingWail","floor":1.0},{"not_picked":["Acrobatics","Bullet Time"],"picked":"All Out Attack","floor":4.0},{"not_picked":["Choke","Bane"],"picked":"Masterful Stab","floor":5.0},{"not_picked":["Dodge and Roll","Dagger Throw"],"picked":"Leg Sweep","floor":6.0},{"not_picked":["Finisher","PiercingWail"],"picked":"Dagger Spray","floor":8.0},{"not_picked":["PiercingWail","Prepared"],"picked":"Dodge and Roll","floor":12.0},{"not_picked":["Prepared","Skewer"],"picked":"All Out Attack","floor":13.0},{"not_picked":["Storm of Steel","Night Terror"],"picked":"Tools of the Trade","floor":16.0},{"not_picked":["Backflip","Sucker Punch"],"picked":"Cloak And Dagger","floor":18.0},{"not_picked":["Deadly Poison","Predator"],"picked":"Slice","floor":19.0},{"not_picked":["Deadly Poison","Dagger Throw"],"picked":"Distraction","floor":22.0},{"not_picked":["Concentrate","Tactician","Setup"],"picked":"SKIP","floor":24.0},{"not_picked":["Prepared","Slice","Blur"],"picked":"Blade Dance","floor":30.0},{"not_picked":["Cloak And Dagger","Infinite Blades","PiercingWail"],"picked":"Adrenaline","floor":31.0},{"not_picked":["Tactician","Calculated Gamble+1","Cloak And Dagger"],"picked":"Riddle With Holes+1","floor":35.0},{"not_picked":["Slice","Choke+1","Outmaneuver"],"picked":"Dagger Spray","floor":36.0},{"not_picked":["Dodge and Roll","Dagger Throw","Sucker Punch"],"picked":"Dagger Spray+1","floor":37.0},{"not_picked":["Dagger Spray","Prepared+1","Calculated Gamble"],"picked":"PiercingWail","floor":41.0},{"not_picked":["Dash+1","Catalyst","Slice"],"picked":"Backflip+1","floor":48}],"player_experience":931912,"relics_obtained":[{"floor":6.0,"key":"Anchor"},{"floor":9.0,"key":"Bottled Flame"},{"floor":24.0,"key":"WingedGreaves"},{"floor":26.0,"key":"Question Card"},{"floor":30.0,"key":"Sundial"},{"floor":41.0,"key":"Incense Burner"},{"floor":43.0,"key":"Pantograph"}],"event_choices":[{"damage_healed":0.0,"max_hp_gain":0.0,"max_hp_loss":0.0,"gold_gain":75.0,"event_name":"World of Goop","player_choice":"Gather Gold","floor":2.0,"gold_loss":0.0,"damage_taken":11.0},{"cards_removed":["Strike_G"],"damage_healed":0.0,"max_hp_gain":0.0,"max_hp_loss":0.0,"gold_gain":0.0,"event_name":"Golden Wing","player_choice":"Card Removal","floor":3.0,"gold_loss":0.0,"damage_taken":7.0},{"damage_healed":0.0,"max_hp_gain":0.0,"max_hp_loss":0.0,"gold_gain":0.0,"event_name":"Scrap Ooze","player_choice":"Success","floor":10.0,"gold_loss":0.0,"damage_taken":18.0,"relics_obtained":["Girya"]},{"damage_healed":0.0,"max_hp_gain":5.0,"max_hp_loss":0.0,"gold_gain":0.0,"event_name":"Big Fish","player_choice":"Donut","floor":14.0,"gold_loss":0.0,"damage_taken":0.0},{"damage_healed":0.0,"max_hp_gain":0.0,"max_hp_loss":0.0,"gold_gain":0.0,"event_name":"Addict","player_choice":"Obtained Relic","floor":20.0,"gold_loss":85.0,"damage_taken":0.0,"relics_obtained":["Strawberry"]},{"cards_removed":["Defend_G"],"damage_healed":0.0,"max_hp_gain":0.0,"max_hp_loss":0.0,"gold_gain":0.0,"event_name":"Beggar","player_choice":"Gave Gold","floor":25.0,"gold_loss":75.0,"damage_taken":0.0},{"cards_removed":["Parasite"],"damage_healed":0.0,"max_hp_gain":0.0,"max_hp_loss":0.0,"gold_gain":0.0,"event_name":"Purifier","player_choice":"Purged","floor":39.0,"gold_loss":0.0,"damage_taken":0.0}],"is_beta":false,"boss_relics":[{"not_picked":["Eternal Feather","Tiny House"],"picked":"Lizard Tail"},{"not_picked":["Empty Cage","HoveringKite"],"picked":"Runic Dome"}],"items_purged_floors":[],"is_endless":false,"potions_floor_spawned":[1,4,8,12,18,19,31,36,37,48],"killed_by":"Awakened One","ascension_level":17}