{"gold_per_floor":[119,138,57,70,70,99,10,10,10,10,21,21,21,36,36,136,136,148,163,13,27,27,27,27,27,51,29,58,58,58,58,58,58],"floor_reached":33,"playtime":2029,"items_purged":[],"score":390,"play_id":"dae99bd5-fc03-4a37-946e-154cfa1f59f0","local_time":"20190607003356","is_ascension_mode":true,"campfire_choices":[{"floor":8,"key":"REST"},{"floor":10,"key":"REST"},{"data":"Redo","floor":12,"key":"SMITH"},{"data":"Buffer","floor":15,"key":"SMITH"},{"data":"Self Repair","floor":23,"key":"SMITH"},{"data":"Chaos","floor":25,"key":"SMITH"},{"floor":32,"key":"REST"}],"neow_cost":"NONE","seed_source_timestamp":9819528102760,"circlet_count":0,"master_deck":["Defend_B","Defend_B","Defend_B","Defend_B","Zap","Dualcast","Double Energy","Heatsinks","Fusion","Doom and Gloom","Redo+1","Sunder","Undo","Conserve Battery","Buffer+1","Thunder Strike","Hologram","Glacier","Self Repair+1","Electrodynamics","Chaos+1","Bite","Bite","Bite","Bite","Bite","Ball Lightning","Stack"],"relics":["Cracked Core","NeowsBlessing","The Courier","Juzu Bracelet","Mummified Hand","Runic Pyramid","Boot","Symbiotic Virus","Sundial"],"potions_floor_usage":[6,18,18,28,33,33],"damage_taken":[{"damage":0,"enemies":"Small Slimes","floor":1,"turns":1},{"damage":0,"enemies":"Jaw Worm","floor":2,"turns":1},{"damage":0,"enemies":"2 Louse","floor":4,"turns":1},{"damage":46,"enemies":"Lagavulin","floor":6,"turns":6},{"damage":0,"enemies":"2 Fungi Beasts","floor":11,"turns":2},{"damage":5,"enemies":"3 Louse","floor":14,"turns":2},{"damage":38,"enemies":"Hexaghost","floor":16,"turns":10},{"damage":7,"enemies":"3 Byrds","floor":18,"turns":3},{"damage":24,"enemies":"Chosen","floor":19,"turns":7},{"damage":0,"enemies":"Snecko","floor":21,"turns":4},{"damage":27,"enemies":"Book of Stabbing","floor":28,"turns":5},{"damage":62,"enemies":"Champ","floor":33,"turns":9}],"seed_played":"-7116518161005495131","potions_obtained":[{"floor":1,"key":"AttackPotion"},{"floor":4,"key":"SpeedPotion"},{"floor":6,"key":"LiquidBronze"},{"floor":16,"key":"PowerPotion"},{"floor":19,"key":"AttackPotion"},{"floor":28,"key":"Explosive Potion"}],"is_trial":false,"path_per_floor":["M","M","$","M","?","E","$","R","T","R","M","R","?","M","R","B",null,"M","M","$","M","?","R","?","R","T","$","E","?","?","$","R","B"],"character_chosen":"DEFECT","items_purchased":["Fusion","Sunder","Undo","Self Repair","Electrodynamics","Ball Lightning"],"campfire_rested":3,"item_purchase_floors":[3,7,7,20,20,27],"current_hp_per_floor":[68,68,68,68,61,15,15,37,37,59,59,59,52,47,47,9,59,52,28,28,35,35,35,35,35,35,35,28,28,28,28,43,0],"gold":58,"neow_bonus":"THREE_ENEMY_KILL","is_prod":false,"is_daily":false,"chose_seed":false,"campfire_upgraded":4,"win_rate":0,"timestamp":1559831636,"path_taken":["M","M","$","M","?","E","$","R","T","R","M","R","?","M","R","BOSS","M","M","$","M","?","R","?","R","T","$","E","?","?","?","R","BOSS"],"build_version":"2019-01-23","purchased_purges":0,"victory":false,"max_hp_per_floor":[75,75,75,75,75,75,75,75,75,75,75,75,75,75,75,75,75,75,75,75,75,75,75,52,52,52,52,52,52,52,52,52,52],"card_choices":[{"not_picked":["Turbo","Steam"],"picked":"Double Energy","floor":1},{"not_picked":["FTL","Go for the Eyes"],"picked":"Heatsinks","floor":2},{"not_picked":["Aggregate","Scrape"],"picked":"Doom and Gloom","floor":4},{"not_picked":["Cold Snap","Streamline"],"picked":"Redo","floor":6},{"not_picked":["Beam Cell","Turbo"],"picked":"Conserve Battery","floor":11},{"not_picked":["Sunder","Steam Power"],"picked":"Buffer","floor":14},{"not_picked":["Reboot","Rainbow"],"picked":"Thunder Strike","floor":16},{"not_picked":["Scrape","Go for the Eyes+1"],"picked":"Hologram","floor":18},{"not_picked":["Aggregate+1","Conserve Battery"],"picked":"Glacier","floor":19},{"not_picked":["Fusion","Consume"],"picked":"Chaos","floor":21},{"not_picked":["Sweeping Beam","Go for the Eyes"],"picked":"Stack","floor":28}],"player_experience":2102658,"relics_obtained":[{"floor":6,"key":"The Courier"},{"floor":9,"key":"Juzu Bracelet"},{"floor":26,"key":"Boot"},{"floor":28,"key":"Symbiotic Virus"}],"event_choices":[{"cards_removed":["Strike_B"],"damage_healed":0,"gold_gain":0,"player_choice":"Card Removal","damage_taken":7,"max_hp_gain":0,"max_hp_loss":0,"event_name":"Golden Wing","floor":5,"gold_loss":0},{"damage_healed":0,"gold_gain":0,"player_choice":"Success","damage_taken":7,"relics_obtained":["Mummified Hand"],"max_hp_gain":0,"max_hp_loss":0,"event_name":"Scrap Ooze","floor":13,"gold_loss":0},{"cards_removed":["Strike_B"],"damage_healed":0,"gold_gain":0,"player_choice":"Elegance","damage_taken":0,"max_hp_gain":0,"max_hp_loss":0,"event_name":"Back to Basics","floor":22,"gold_loss":0},{"damage_healed":0,"gold_gain":0,"player_choice":"Became a vampire","damage_taken":0,"max_hp_gain":0,"max_hp_loss":23,"event_name":"Vampires","floor":24,"gold_loss":0,"cards_obtained":["Bite","Bite","Bite","Bite","Bite"]},{"damage_healed":0,"gold_gain":0,"player_choice":"Ignored","damage_taken":0,"max_hp_gain":0,"max_hp_loss":0,"event_name":"Beggar","floor":29,"gold_loss":0},{"damage_healed":0,"gold_gain":0,"player_choice":"Opened","damage_taken":0,"relics_obtained":["Sundial"],"max_hp_gain":0,"max_hp_loss":0,"event_name":"The Mausoleum","floor":30,"gold_loss":0}],"is_beta":false,"boss_relics":[{"not_picked":["White Beast Statue","Orrery"],"picked":"Runic Pyramid"}],"items_purged_floors":[],"is_endless":false,"potions_floor_spawned":[1,4,6,16,19,28],"killed_by":"Champ","ascension_level":8}