{"gold_per_floor":[119,69,69,81,156,186,186,216,216,216,17,17,17,28,28,125,125,138,98,113,124,46,46,72,72,122,155,155,186,218,245,245,340,340,360,635,650,37,53,53,69,69,69,69,79,90,107,140,140,140],"floor_reached":51,"playtime":6858,"items_purged":["Strike_B"],"score":1072,"play_id":"cc66ffbf-1c6b-484a-8771-87c2f0c69192","local_time":"20190512233618","is_ascension_mode":true,"campfire_choices":[{"data":"Defragment","floor":7.0,"key":"SMITH"},{"data":"Zap","floor":10.0,"key":"SMITH"},{"data":"Melter","floor":13.0,"key":"SMITH"},{"data":"Hello World","floor":15.0,"key":"SMITH"},{"floor":23.0,"key":"REST"},{"data":"Buffer","floor":25.0,"key":"SMITH"},{"data":"White Noise","floor":28.0,"key":"SMITH"},{"floor":32.0,"key":"REST"},{"data":"Storm","floor":40.0,"key":"SMITH"},{"data":"Lockon","floor":44.0,"key":"SMITH"},{"floor":49.0,"key":"REST"}],"neow_cost":"NONE","seed_source_timestamp":0,"circlet_count":0,"master_deck":["Strike_B","Strike_B","Defend_B","Defend_B","Defend_B","Defend_B","Zap+1","Dualcast","Gash","Melter+1","Defragment+1","Genetic Algorithm","Defragment+1","Hello World+1","Biased Cognition","White Noise+1","Capacitor","Glacier","Steam","Recycle","White Noise","Self Repair+1","Cold Snap","Buffer+1","Tempest+1","Turbo+1","Scrape","Consume+1","Multi-Cast","Regret","Leap+1","Storm+1","Lockon+1","Glacier+1","Ball Lightning+1","Chill+1","Reinforced Body","Defragment+1"],"special_seed":0,"relics":["Cracked Core","NeowsBlessing","Symbiotic Virus","Nunchaku","Turnip","Pear","Orrery","Gremlin Horn","Centennial Puzzle","Gambling Chip","Ancient Tea Set","Red Mask","Anchor","Nuclear Battery","Runic Capacitor","Calipers","Molten Egg 2","Omamori"],"potions_floor_usage":[50,50],"damage_taken":[{"damage":0.0,"enemies":"2 Louse","floor":1.0,"turns":1.0},{"damage":0.0,"enemies":"Jaw Worm","floor":4.0,"turns":1.0},{"damage":0.0,"enemies":"3 Sentries","floor":6.0,"turns":1.0},{"damage":11.0,"enemies":"Lagavulin","floor":8.0,"turns":5.0},{"damage":0.0,"enemies":"Cultist","floor":14.0,"turns":2.0},{"damage":7.0,"enemies":"The Guardian","floor":16.0,"turns":8.0},{"damage":0.0,"enemies":"Spheric Guardian","floor":18.0,"turns":2.0},{"damage":30.0,"enemies":"3 Byrds","floor":20.0,"turns":4.0},{"damage":25.0,"enemies":"Snecko","floor":21.0,"turns":5.0},{"damage":16.0,"enemies":"Book of Stabbing","floor":24.0,"turns":8.0},{"damage":31.0,"enemies":"Slavers","floor":27.0,"turns":5.0},{"damage":10.0,"enemies":"Gremlin Leader","floor":29.0,"turns":4.0},{"damage":14.0,"enemies":"Masked Bandits","floor":30.0,"turns":4.0},{"damage":10.0,"enemies":"Slavers","floor":31.0,"turns":3.0},{"damage":0.0,"enemies":"Collector","floor":33.0,"turns":13.0},{"damage":0.0,"enemies":"3 Shapes","floor":35.0,"turns":7.0},{"damage":9.0,"enemies":"3 Darklings","floor":37.0,"turns":4.0},{"damage":5.0,"enemies":"Sphere and 2 Shapes","floor":39.0,"turns":4.0},{"damage":0.0,"enemies":"Transient","floor":41.0,"turns":5.0},{"damage":10.0,"enemies":"Jaw Worm Horde","floor":45.0,"turns":2.0},{"damage":0.0,"enemies":"Sphere and 2 Shapes","floor":46.0,"turns":4.0},{"damage":32.0,"enemies":"Writhing Mass","floor":47.0,"turns":4.0},{"damage":25.0,"enemies":"Reptomancer","floor":48.0,"turns":5.0},{"damage":26,"enemies":"Time Eater","floor":50,"turns":7}],"seed_played":"-4514640839869435903","potions_obtained":[{"floor":4.0,"key":"EssenceOfSteel"},{"floor":6.0,"key":"SkillPotion"},{"floor":19.0,"key":"SkillPotion"},{"floor":19.0,"key":"Poison Potion"},{"floor":19.0,"key":"Poison Potion"},{"floor":20.0,"key":"SteroidPotion"},{"floor":27.0,"key":"GamblersBrew"},{"floor":29.0,"key":"Block Potion"},{"floor":30.0,"key":"PowerPotion"},{"floor":37.0,"key":"Ancient Potion"},{"floor":45.0,"key":"Weak Potion"},{"floor":48.0,"key":"Ancient Potion"}],"is_trial":false,"path_per_floor":["M","?","T","M","?","E","R","E","T","R","$","?","R","M","R","B",null,"M","?","M","M","$","R","E","R","T","E","R","E","?","E","R","B",null,"M","?","M","$","M","R","M","?","T","R","M","M","M","E","R","B",null],"character_chosen":"DEFECT","items_purchased":["Defragment","SkillPotion","Regen Potion","Runic Capacitor","Calipers","Storm","Lockon"],"campfire_rested":3,"item_purchase_floors":[11,11,22,38,38,38,38],"current_hp_per_floor":[68,68,68,68,57,57,57,46,56,56,56,56,56,56,56,49,76,76,76,46,31,31,56,65,65,65,44,44,44,30,20,45,55,78,85,85,76,76,81,81,85,85,85,85,75,85,53,38,63,47],"gold":140,"neow_bonus":"THREE_ENEMY_KILL","is_prod":false,"is_daily":false,"chose_seed":false,"campfire_upgraded":8,"win_rate":0,"timestamp":1557668178,"path_taken":["M","?","?","M","?","E","R","E","T","R","$","?","R","M","R","BOSS","M","?","M","M","?","R","E","R","T","E","R","E","?","E","R","BOSS","M","?","M","$","M","R","?","?","T","R","M","M","M","E","R","BOSS"],"build_version":"2019-01-23","purchased_purges":1,"victory":true,"max_hp_per_floor":[75,75,75,75,75,75,75,75,85,85,85,85,85,85,85,85,85,85,85,85,85,85,85,85,85,85,85,85,85,85,85,85,85,85,85,85,85,85,85,85,85,85,85,85,85,85,85,85,85,85],"card_choices":[{"not_picked":["Ball Lightning","Barrage"],"picked":"Gash","floor":1.0},{"not_picked":["Recycle","Leap"],"picked":"Melter","floor":4.0},{"not_picked":["FTL","Steam"],"picked":"Defragment","floor":6.0},{"not_picked":["Barrage","Go for the Eyes"],"picked":"Genetic Algorithm","floor":8.0},{"not_picked":["Ball Lightning","Doom and Gloom"],"picked":"Hello World","floor":14.0},{"not_picked":["Buffer","Multi-Cast"],"picked":"Biased Cognition","floor":16.0},{"not_picked":["Redo","Rebound"],"picked":"White Noise","floor":17.0},{"not_picked":["Lockon","Streamline"],"picked":"Capacitor","floor":17.0},{"not_picked":["Compile Driver","Defragment"],"picked":"Glacier","floor":17.0},{"not_picked":["Streamline","Glacier"],"picked":"Steam","floor":17.0},{"not_picked":["Melter","Beam Cell"],"picked":"Recycle","floor":17.0},{"not_picked":["Force Field","Cold Snap+1"],"picked":"White Noise","floor":18.0},{"not_picked":["Coolheaded","Darkness"],"picked":"Self Repair+1","floor":20.0},{"not_picked":["Hologram","Streamline"],"picked":"Cold Snap","floor":21.0},{"not_picked":["Steam","Redo"],"picked":"Buffer","floor":24.0},{"not_picked":["Gash","Redo+1"],"picked":"Tempest+1","floor":27.0},{"not_picked":["Auto Shields","White Noise"],"picked":"Turbo+1","floor":29.0},{"not_picked":["Sweeping Beam","Compile Driver"],"picked":"Scrape","floor":30.0},{"not_picked":["FTL","Recycle"],"picked":"Consume+1","floor":31.0},{"not_picked":["Reboot","Core Surge"],"picked":"Multi-Cast","floor":33.0},{"not_picked":["Compile Driver","Beam Cell"],"picked":"Cold Snap+1","floor":35.0},{"not_picked":["Scrape+1","Redo"],"picked":"Leap+1","floor":37.0},{"not_picked":["Beam Cell","Hologram+1"],"picked":"Glacier+1","floor":39.0},{"not_picked":["Hologram","Leap","Beam Cell"],"picked":"SKIP","floor":41.0},{"not_picked":["Consume","Skim"],"picked":"Ball Lightning+1","floor":45.0},{"not_picked":["Streamline+1","Barrage+1"],"picked":"Chill+1","floor":46.0},{"not_picked":["Redo","Stack+1"],"picked":"Reinforced Body","floor":47.0},{"not_picked":["Gash+1","Beam Cell+1"],"picked":"Defragment+1","floor":48.0}],"player_experience":1712406,"relics_obtained":[{"floor":3.0,"key":"Symbiotic Virus"},{"floor":6.0,"key":"Nunchaku"},{"floor":8.0,"key":"Turnip"},{"floor":9.0,"key":"Pear"},{"floor":24.0,"key":"Gremlin Horn"},{"floor":26.0,"key":"Centennial Puzzle"},{"floor":27.0,"key":"Gambling Chip"},{"floor":29.0,"key":"Ancient Tea Set"},{"floor":30.0,"key":"Red Mask"},{"floor":31.0,"key":"Anchor"},{"floor":43.0,"key":"Molten Egg 2"},{"floor":48.0,"key":"Omamori"}],"event_choices":[{"cards_removed":["Strike_B"],"damage_healed":0.0,"max_hp_gain":0.0,"max_hp_loss":0.0,"gold_gain":0.0,"event_name":"The Cleric","player_choice":"Card Removal","floor":2.0,"gold_loss":50.0,"damage_taken":0.0},{"damage_healed":0.0,"max_hp_gain":0.0,"max_hp_loss":0.0,"gold_gain":75.0,"event_name":"World of Goop","player_choice":"Gather Gold","floor":5.0,"gold_loss":0.0,"damage_taken":11.0},{"damage_healed":0.0,"max_hp_gain":0.0,"max_hp_loss":0.0,"gold_gain":0.0,"event_name":"Living Wall","player_choice":"Grow","floor":12.0,"gold_loss":0.0,"damage_taken":0.0,"cards_upgraded":["Defragment"]},{"damage_healed":0.0,"max_hp_gain":0.0,"max_hp_loss":0.0,"gold_gain":0.0,"event_name":"The Woman in Blue","player_choice":"Bought 3 Potions","floor":19.0,"gold_loss":0.0,"damage_taken":0.0},{"damage_healed":0.0,"max_hp_gain":0.0,"max_hp_loss":0.0,"gold_gain":0.0,"event_name":"Masked Bandits","player_choice":"Fought Bandits","floor":30.0,"gold_loss":0.0,"damage_taken":0.0},{"damage_healed":0.0,"max_hp_gain":0.0,"max_hp_loss":0.0,"gold_gain":275.0,"event_name":"Golden Shrine","player_choice":"Desecrate","floor":36.0,"gold_loss":0.0,"damage_taken":0.0,"cards_obtained":["Regret"]},{"cards_removed":["Cold Snap"],"damage_healed":0.0,"max_hp_gain":0.0,"max_hp_loss":0.0,"gold_gain":0.0,"event_name":"Falling","player_choice":"Removed Attack","floor":42.0,"gold_loss":0.0,"damage_taken":0.0}],"is_beta":false,"boss_relics":[{"not_picked":["Empty Cage","Busted Crown"],"picked":"Orrery"},{"not_picked":["Sozu","Fusion Hammer"],"picked":"Nuclear Battery"}],"items_purged_floors":[11],"is_endless":false,"potions_floor_spawned":[4,6,20,27,29,30,37,45,48],"ascension_level":6}