{"gold_per_floor":[142,153,153,164,68,68,101,158,229,243,133,133,133,151,151,255,255,271,186,186,202,66,92,92,162,162,202,231,256,318,343,355,465,477,500,142,155,53,53,84,0,0,23,54,54,54,54,69,69,69],"floor_reached":51,"playtime":6416,"items_purged":["Strike_G","Strike_G","Strike_G"],"score":766,"play_id":"17687c86-993a-4b86-bfdf-f670ea6ce4ed","local_time":"20190108020536","is_ascension_mode":false,"campfire_choices":[{"data":"Accuracy","floor":6,"key":"SMITH"},{"floor":12,"key":"REST"},{"data":"Blade Dance","floor":15,"key":"SMITH"},{"data":"Infinite Blades","floor":24,"key":"SMITH"},{"data":"Choke","floor":32,"key":"SMITH"},{"floor":42,"key":"REST"},{"data":"Accuracy","floor":46,"key":"SMITH"},{"data":"Blade Dance","floor":49,"key":"SMITH"}],"neow_cost":"NONE","seed_source_timestamp":283573862190966,"circlet_count":0,"master_deck":["Defend_G","Defend_G","Defend_G","Defend_G","Defend_G","Strike_G","Survivor","Neutralize","Cloak And Dagger","Accuracy+1","Sucker Punch","Infinite Blades+1","Underhanded Strike","Blade Dance+1","After Image+1","Prepared","Well Laid Plans","Quick Slash","Bullet Time","Riddle With Holes+1","Infinite Blades+1","Backstab","PiercingWail","Dagger Throw+1","Caltrops","Choke+1","Blade Dance+1","Night Terror","Accuracy+1","Leg Sweep","Blur","Doubt","PiercingWail"],"relics":["Ring of the Snake","Tiny Chest","Anchor","Thread and Needle","Letter Opener","Matryoshka","WristBlade","Orichalcum","Meat on the Bone","Bronze Scales","Sundial","MawBank","Mummified Hand","Bag of Preparation","PreservedInsect","Philosopher\u0027s Stone","Dodecahedron","Kunai","Red Mask","Boot","Oddly Smooth Stone","Regal Pillow"],"potions_floor_usage":[16,33,33,33,40,50],"damage_taken":[{"damage":0,"enemies":"2 Louse","floor":1,"turns":4},{"damage":0,"enemies":"Jaw Worm","floor":2,"turns":3},{"damage":0,"enemies":"Cultist","floor":4,"turns":4},{"damage":14,"enemies":"3 Sentries","floor":7,"turns":9},{"damage":18,"enemies":"3 Sentries","floor":8,"turns":8},{"damage":0,"enemies":"Red Slaver","floor":10,"turns":3},{"damage":0,"enemies":"Exordium Wildlife","floor":14,"turns":4},{"damage":28,"enemies":"The Guardian","floor":16,"turns":14},{"damage":2,"enemies":"Shell Parasite","floor":18,"turns":5},{"damage":18,"enemies":"2 Thieves","floor":21,"turns":5},{"damage":0,"enemies":"Gremlin Leader","floor":23,"turns":5},{"damage":0,"enemies":"Book of Stabbing","floor":27,"turns":4},{"damage":0,"enemies":"Centurion and Healer","floor":28,"turns":3},{"damage":0,"enemies":"Cultist and Chosen","floor":29,"turns":3},{"damage":0,"enemies":"Snecko","floor":31,"turns":3},{"damage":33,"enemies":"Champ","floor":33,"turns":8},{"damage":0,"enemies":"Orb Walker","floor":35,"turns":3},{"damage":2,"enemies":"3 Shapes","floor":37,"turns":2},{"damage":25,"enemies":"Nemesis","floor":40,"turns":5},{"damage":1,"enemies":"Giant Head","floor":44,"turns":5},{"damage":0,"enemies":"Maw","floor":48,"turns":5},{"damage":21,"enemies":"Donu and Deca","floor":50,"turns":5}],"seed_played":"7575131706303018363","potions_obtained":[{"floor":4,"key":"Poison Potion"},{"floor":8,"key":"SpeedPotion"},{"floor":14,"key":"EssenceOfSteel"},{"floor":21,"key":"Weak Potion"},{"floor":23,"key":"Ancient Potion"},{"floor":33,"key":"Energy Potion"},{"floor":37,"key":"SteroidPotion"},{"floor":48,"key":"PowerPotion"}],"is_trial":false,"path_per_floor":["M","M","?","M","$","R","E","?","T","M","$","R","T","M","R","B",null,"M","?","?","M","$","E","R","T","T","E","M","M","T","M","R","B",null,"M","$","M","$","$","E","?","R","T","E","?","R","T","M","R","B",null],"character_chosen":"THE_SILENT","items_purchased":["Infinite Blades","Underhanded Strike","Well Laid Plans","Backstab","Dodecahedron","Accuracy","Leg Sweep"],"campfire_rested":2,"item_purchase_floors":[5,5,11,22,36,38,38],"current_hp_per_floor":[70,70,63,63,63,63,49,31,31,31,31,52,52,52,52,24,70,68,68,68,50,50,50,50,50,50,50,50,50,50,50,50,29,70,70,70,68,68,68,43,43,64,64,63,70,70,70,70,70,49],"gold":69,"neow_bonus":"RANDOM_COMMON_RELIC","is_prod":false,"is_daily":false,"chose_seed":false,"campfire_upgraded":6,"win_rate":0.0,"timestamp":1546873536,"path_taken":["M","M","?","M","$","R","E","?","T","M","$","R","?","?","R","BOSS","M","?","?","?","?","E","R","?","T","E","M","M","?","M","R","BOSS","M","$","M","?","$","E","?","R","T","E","?","R","?","M","R","BOSS"],"build_version":"2019-01-03v4","purchased_purges":3,"victory":true,"max_hp_per_floor":[70,70,70,70,70,70,70,70,70,70,70,70,70,70,70,70,70,70,70,70,70,70,70,70,70,70,70,70,70,70,70,70,70,70,70,70,70,70,70,70,70,70,70,70,70,70,70,70,70,70],"card_choices":[{"not_picked":["Quick Slash","Flying Knee"],"picked":"Cloak And Dagger","floor":1},{"not_picked":["Cloak And Dagger","Blade Dance"],"picked":"Accuracy","floor":2},{"not_picked":["Bane","Acrobatics"],"picked":"Sucker Punch","floor":4},{"not_picked":["PiercingWail","Expertise"],"picked":"Blade Dance","floor":7},{"not_picked":["Well Laid Plans","Acrobatics"],"picked":"After Image","floor":8},{"not_picked":["Underhanded Strike","Dash"],"picked":"Prepared","floor":10},{"not_picked":["Eviscerate","Backflip"],"picked":"Quick Slash","floor":14},{"not_picked":["Wraith Form v2","Venomology"],"picked":"Bullet Time","floor":16},{"not_picked":["Reflex+1","Dagger Spray"],"picked":"Riddle With Holes+1","floor":18},{"not_picked":["Acrobatics","Backflip+1"],"picked":"Infinite Blades+1","floor":21},{"not_picked":["Bane","PiercingWail","Footwork"],"picked":"SKIP","floor":23},{"not_picked":["Bane","Footwork"],"picked":"PiercingWail","floor":23},{"not_picked":["All Out Attack","Deflect"],"picked":"Dagger Throw+1","floor":27},{"not_picked":["Sucker Punch","Flechettes"],"picked":"Caltrops","floor":28},{"not_picked":["Deadly Poison","Storm of Steel"],"picked":"Choke","floor":29},{"not_picked":["Prepared","Skewer"],"picked":"Blade Dance","floor":31},{"not_picked":["After Image","Unload"],"picked":"Night Terror","floor":33},{"not_picked":["Dagger Throw","Sucker Punch","Underhanded Strike"],"picked":"SKIP","floor":35},{"not_picked":["Caltrops","Dagger Spray+1","Skewer+1"],"picked":"SKIP","floor":37},{"not_picked":["Slice+1","Choke"],"picked":"Blur","floor":40},{"not_picked":["Deflect","Blade Dance","Underhanded Strike"],"picked":"SKIP","floor":44},{"not_picked":["Deflect+1","Masterful Stab"],"picked":"PiercingWail","floor":48}],"player_experience":98791,"relics_obtained":[{"floor":7,"key":"Anchor"},{"floor":8,"key":"Thread and Needle"},{"floor":9,"key":"Letter Opener"},{"floor":13,"key":"Matryoshka"},{"floor":23,"key":"Meat on the Bone"},{"floor":25,"key":"Bronze Scales"},{"floor":25,"key":"Sundial"},{"floor":26,"key":"MawBank"},{"floor":26,"key":"Mummified Hand"},{"floor":27,"key":"Bag of Preparation"},{"floor":30,"key":"PreservedInsect"},{"floor":40,"key":"Kunai"},{"floor":43,"key":"Boot"},{"floor":44,"key":"Oddly Smooth Stone"},{"floor":47,"key":"Regal Pillow"}],"event_choices":[{"cards_removed":["Strike_G"],"damage_healed":0,"gold_gain":0,"player_choice":"Card Removal","damage_taken":7,"max_hp_gain":0,"max_hp_loss":0,"event_name":"Golden Wing","floor":3,"gold_loss":0},{"damage_healed":0,"gold_gain":30,"player_choice":"Searched \u00272\u0027 times","damage_taken":0,"max_hp_gain":0,"max_hp_loss":0,"event_name":"Dead Adventurer","floor":8,"gold_loss":0},{"damage_healed":0,"gold_gain":0,"player_choice":"Obtained Relic","damage_taken":0,"relics_obtained":["Orichalcum"],"max_hp_gain":0,"max_hp_loss":0,"event_name":"Addict","floor":19,"gold_loss":85},{"damage_healed":0,"gold_gain":0,"player_choice":"Forge","damage_taken":0,"max_hp_gain":0,"max_hp_loss":0,"event_name":"Accursed Blacksmith","floor":20,"gold_loss":0,"cards_upgraded":["After Image"]},{"damage_healed":0,"gold_gain":0,"player_choice":"Paid","damage_taken":0,"relics_obtained":["Red Mask"],"max_hp_gain":0,"max_hp_loss":0,"event_name":"Tomb of Lord Red Mask","floor":41,"gold_loss":84},{"damage_healed":7,"gold_gain":0,"player_choice":"Heal","damage_taken":0,"max_hp_gain":0,"max_hp_loss":0,"event_name":"MindBloom","floor":45,"gold_loss":0,"cards_obtained":["Doubt"]}],"is_beta":false,"boss_relics":[{"not_picked":["Lizard Tail","Astrolabe"],"picked":"WristBlade"},{"not_picked":["Runic Pyramid","Runic Dome"],"picked":"Philosopher\u0027s Stone"}],"items_purged_floors":[11,22,36],"is_endless":false,"potions_floor_spawned":[4,8,14,21,23,33,37,48],"ascension_level":0}