{"gold_per_floor":[110,130,130,146,26,53,53,88,115,131,158,173,187,187,187,291,291,308,11,11,11,286,286,304,339,419,419,419],"floor_reached":28,"playtime":8868,"items_purged":["Strike_R"],"score":323,"play_id":"da54020a-afe7-4cbc-a308-ab1e406e2236","local_time":"20190219175458","is_ascension_mode":true,"campfire_choices":[{"data":"Iron Wave","floor":7.0,"key":"SMITH"},{"floor":15.0,"key":"REST"},{"data":"Apotheosis","floor":23.0,"key":"SMITH"}],"neow_cost":"TEN_PERCENT_HP_LOSS","seed_source_timestamp":0,"circlet_count":0,"master_deck":["Strike_R","Strike_R","Strike_R","Defend_R","Defend_R","Defend_R","Bash","Rupture","Shockwave+1","Cleave","Iron Wave+1","Disarm","Inflame","Headbutt","Sword Boomerang","Limit Break","Spot Weakness","Heavy Blade","Fiend Fire","Heavy Blade","Wild Strike","Twin Strike","Twin Strike","Impervious","Flex","Apotheosis+1","Shame","Regret","Combust","Exhume"],"special_seed":0,"relics":["Burning Blood","Lantern","Dream Catcher","Happy Flower","Bird Faced Urn","Orrery","Gambling Chip","Sundial","Paper Frog"],"potions_floor_usage":[28],"damage_taken":[{"damage":13.0,"enemies":"2 Louse","floor":1.0,"turns":3.0},{"damage":1.0,"enemies":"Cultist","floor":2.0,"turns":3.0},{"damage":4.0,"enemies":"Small Slimes","floor":4.0,"turns":4.0},{"damage":15.0,"enemies":"3 Sentries","floor":6.0,"turns":6.0},{"damage":26.0,"enemies":"Lagavulin","floor":8.0,"turns":7.0},{"damage":4.0,"enemies":"Blue Slaver","floor":10.0,"turns":3.0},{"damage":35.0,"enemies":"3 Sentries","floor":11.0,"turns":5.0},{"damage":2.0,"enemies":"3 Louse","floor":12.0,"turns":2.0},{"damage":15.0,"enemies":"Exordium Thugs","floor":13.0,"turns":4.0},{"damage":30.0,"enemies":"Slime Boss","floor":16.0,"turns":9.0},{"damage":3.0,"enemies":"Chosen","floor":18.0,"turns":3.0},{"damage":28.0,"enemies":"Shell Parasite","floor":24.0,"turns":6.0},{"damage":55.0,"enemies":"Book of Stabbing","floor":25.0,"turns":4.0},{"damage":0.0,"enemies":"Sentry and Sphere","floor":27.0,"turns":1.0},{"damage":24,"enemies":"Gremlin Leader","floor":28,"turns":4}],"seed_played":"4974059266797828266","potions_obtained":[{"floor":1.0,"key":"SteroidPotion"},{"floor":4.0,"key":"PowerPotion"},{"floor":10.0,"key":"Ancient Potion"},{"floor":13.0,"key":"Dexterity Potion"},{"floor":16.0,"key":"BloodPotion"},{"floor":24.0,"key":"FearPotion"}],"is_trial":false,"path_per_floor":["M","M","?","M","$","E","R","E","T","M","E","M","M","?","R","B",null,"M","$","?","?","?","R","M","E","T","M","E"],"character_chosen":"IRONCLAD","items_purchased":["Iron Wave","Apotheosis","SmokeBomb"],"campfire_rested":1,"item_purchase_floors":[5,19,19],"current_hp_per_floor":[65,70,70,72,72,63,63,43,43,45,16,22,15,15,36,16,58,70,70,70,70,70,70,52,9,9,17,0],"gold":419,"neow_bonus":"REMOVE_TWO","is_prod":false,"is_daily":false,"chose_seed":false,"campfire_upgraded":2,"win_rate":0,"timestamp":1550559298,"path_taken":["M","M","?","M","$","E","R","E","T","M","E","M","?","?","R","BOSS","M","$","?","?","?","R","M","E","T","?","E"],"build_version":"2019-01-23","purchased_purges":1,"victory":false,"max_hp_per_floor":[72,72,72,72,72,72,72,72,72,72,72,72,72,72,72,72,72,72,72,72,72,72,72,72,72,72,72,72],"card_choices":[{"not_picked":["Metallicize","Shockwave"],"picked":"Rupture","floor":1.0},{"not_picked":["Perfected Strike","Reckless Charge"],"picked":"Shockwave","floor":2.0},{"not_picked":["True Grit","Sword Boomerang"],"picked":"Cleave","floor":4.0},{"not_picked":["Havoc","Corruption"],"picked":"Disarm","floor":6.0},{"not_picked":["Pummel","Feel No Pain"],"picked":"Inflame","floor":8.0},{"not_picked":["Sentinel","Clothesline"],"picked":"Headbutt","floor":10.0},{"not_picked":["Havoc","Body Slam"],"picked":"Sword Boomerang","floor":11.0},{"not_picked":["Blood for Blood","Perfected Strike"],"picked":"Limit Break","floor":12.0},{"not_picked":["Bloodletting","Sword Boomerang"],"picked":"Spot Weakness","floor":13.0},{"not_picked":["Rupture","Dropkick"],"picked":"Heavy Blade","floor":15.0},{"not_picked":["Demon Form","Limit Break"],"picked":"Fiend Fire","floor":16.0},{"not_picked":["Burning Pact","Blood for Blood"],"picked":"Heavy Blade","floor":17.0},{"not_picked":["Headbutt","Perfected Strike"],"picked":"Wild Strike","floor":17.0},{"not_picked":["Searing Blow","Rupture"],"picked":"Twin Strike","floor":17.0},{"not_picked":["Warcry","True Grit"],"picked":"Twin Strike","floor":17.0},{"not_picked":["Havoc","Armaments"],"picked":"Impervious","floor":17.0},{"not_picked":["Clothesline","Body Slam"],"picked":"Flex","floor":18.0},{"not_picked":["Sword Boomerang+1","True Grit"],"picked":"Combust","floor":24.0},{"not_picked":["Warcry+1","Flex"],"picked":"Exhume","floor":25.0}],"player_experience":561297,"relics_obtained":[{"floor":6.0,"key":"Lantern"},{"floor":8.0,"key":"Dream Catcher"},{"floor":9.0,"key":"Happy Flower"},{"floor":11.0,"key":"Bird Faced Urn"},{"floor":25.0,"key":"Sundial"},{"floor":26.0,"key":"Paper Frog"}],"event_choices":[{"damage_healed":0.0,"max_hp_gain":0.0,"max_hp_loss":0.0,"gold_gain":0.0,"event_name":"Upgrade Shrine","player_choice":"Upgraded","floor":3.0,"gold_loss":0.0,"damage_taken":0.0,"cards_upgraded":["Shockwave"]},{"damage_healed":0.0,"max_hp_gain":0.0,"max_hp_loss":0.0,"gold_gain":0.0,"event_name":"Shining Light","player_choice":"Ignored","floor":14.0,"gold_loss":0.0,"damage_taken":0.0},{"damage_healed":0.0,"max_hp_gain":0.0,"max_hp_loss":0.0,"gold_gain":0.0,"event_name":"Vampires","player_choice":"Ignored","floor":20.0,"gold_loss":0.0,"damage_taken":0.0},{"damage_healed":0.0,"max_hp_gain":0.0,"max_hp_loss":0.0,"gold_gain":0.0,"event_name":"Addict","player_choice":"Stole Relic","floor":21.0,"gold_loss":0.0,"damage_taken":0.0,"relics_obtained":["Gambling Chip"],"cards_obtained":["Shame"]},{"damage_healed":0.0,"max_hp_gain":0.0,"max_hp_loss":0.0,"gold_gain":275.0,"event_name":"Golden Shrine","player_choice":"Desecrate","floor":22.0,"gold_loss":0.0,"damage_taken":0.0,"cards_obtained":["Regret"]}],"is_beta":false,"boss_relics":[{"not_picked":["Black Blood","Lizard Tail"],"picked":"Orrery"}],"items_purged_floors":[5],"is_endless":false,"potions_floor_spawned":[1,4,10,13,16,24],"killed_by":"Gremlin Leader","ascension_level":5}