{"gold_per_floor":[364,35,35,46,46,73,83,83,83,83,100,100,121,137,137,215,215,215,155,155,27,27,27,27,27,27,27,27,27,27,27,27,27],"floor_reached":33,"playtime":1422,"items_purged":["Strike_R"],"score":484,"play_id":"9dc4315a-da66-48c5-a762-2692c44588ad","local_time":"20190609160735","is_ascension_mode":true,"campfire_choices":[{"data":"Bash","floor":8.0,"key":"SMITH"},{"data":"Clothesline","floor":10.0,"key":"SMITH"},{"data":"Flex","floor":12.0,"key":"SMITH"},{"data":"True Grit","floor":15.0,"key":"SMITH"},{"data":"Cleave","floor":23.0,"key":"SMITH"},{"floor":32,"key":"REST"}],"neow_cost":"TEN_PERCENT_HP_LOSS","seed_source_timestamp":5687948842194,"circlet_count":0,"master_deck":["AscendersBane","Strike_R","Strike_R","Defend_R","Defend_R","Defend_R","Defend_R","Bash+1","Clothesline+1","Flex+1","Shrug It Off","True Grit+1","Limit Break","Thunderclap","True Grit","Cleave+1","Battle Trance","Armaments"],"special_seed":0,"relics":["Burning Blood","Orichalcum","Pen Nib","Singing Bowl","Potion Belt","Odd Mushroom","Ectoplasm","MutagenicStrength","Happy Flower"],"potions_floor_usage":[29,31,31,33],"damage_taken":[{"damage":3.0,"enemies":"2 Louse","floor":1.0,"turns":3.0},{"damage":6.0,"enemies":"Jaw Worm","floor":4.0,"turns":3.0},{"damage":28.0,"enemies":"Gremlin Nob","floor":6.0,"turns":6.0},{"damage":0.0,"enemies":"Cultist","floor":7.0,"turns":3.0},{"damage":9.0,"enemies":"3 Louse","floor":11.0,"turns":3.0},{"damage":16.0,"enemies":"The Mushroom Lair","floor":13.0,"turns":5.0},{"damage":0.0,"enemies":"Large Slime","floor":14.0,"turns":3.0},{"damage":27.0,"enemies":"Slime Boss","floor":16.0,"turns":8.0},{"damage":21.0,"enemies":"3 Byrds","floor":18.0,"turns":7.0},{"damage":11.0,"enemies":"2 Thieves","floor":19.0,"turns":4.0},{"damage":13.0,"enemies":"Snecko","floor":22.0,"turns":4.0},{"damage":33.0,"enemies":"Book of Stabbing","floor":24.0,"turns":5.0},{"damage":3.0,"enemies":"Centurion and Healer","floor":25.0,"turns":5.0},{"damage":6.0,"enemies":"3 Cultists","floor":27.0,"turns":4.0},{"damage":5,"enemies":"Sentry and Sphere","floor":29,"turns":4},{"damage":4,"enemies":"Shelled Parasite and Fungi","floor":31,"turns":3},{"damage":87,"enemies":"Collector","floor":33,"turns":9}],"seed_played":"2477857114308807398","potions_obtained":[{"floor":7.0,"key":"Ancient Potion"},{"floor":11.0,"key":"Fruit Juice"},{"floor":13.0,"key":"Energy Potion"},{"floor":14.0,"key":"Fire Potion"},{"floor":16.0,"key":"PowerPotion"},{"floor":19.0,"key":"LiquidBronze"},{"floor":24.0,"key":"SpeedPotion"},{"floor":29,"key":"GamblersBrew"},{"floor":30,"key":"Poison Potion"},{"floor":30,"key":"LiquidBronze"},{"floor":31,"key":"Regen Potion"}],"is_trial":false,"path_per_floor":["M","$","?","M","?","E","M","R","T","R","M","R","?","M","R","B",null,"M","M","?","$","M","R","E","M","T","M","?","M","?","M","R","B"],"character_chosen":"IRONCLAD","items_purchased":["Orichalcum","Pen Nib","Cleave"],"campfire_rested":1,"item_purchase_floors":[2,2,21],"current_hp_per_floor":[68,68,61,61,61,41,47,47,47,47,46,46,41,49,49,28,66,51,46,46,46,41,41,14,19,19,21,21,22,22,26,52,0],"gold":27,"neow_bonus":"TWO_FIFTY_GOLD","is_prod":false,"is_daily":false,"chose_seed":false,"campfire_upgraded":5,"win_rate":0,"timestamp":1560089255,"path_taken":["M","$","?","M","?","E","M","R","T","R","?","R","?","M","R","BOSS","M","M","?","$","M","R","E","M","T","M","?","?","?","?","R","BOSS"],"build_version":"2019-01-23","purchased_purges":1,"victory":false,"max_hp_per_floor":[68,68,68,68,68,70,70,70,70,70,72,72,77,79,79,79,79,79,79,79,79,81,81,81,83,83,85,85,85,85,87,87,87],"card_choices":[{"not_picked":["Pommel Strike","Thunderclap"],"picked":"Clothesline","floor":1.0},{"not_picked":["Body Slam","Fire Breathing","Corruption"],"picked":"SKIP","floor":4.0},{"not_picked":["Clash","Uppercut","Pommel Strike"],"picked":"Singing Bowl","floor":6.0},{"not_picked":["Pommel Strike","Searing Blow"],"picked":"Shrug It Off","floor":7.0},{"not_picked":["Sword Boomerang","Body Slam","Perfected Strike"],"picked":"Singing Bowl","floor":11.0},{"not_picked":["Clash","Uppercut"],"picked":"True Grit","floor":13.0},{"not_picked":["Rupture","Burning Pact","Heavy Blade"],"picked":"Singing Bowl","floor":14.0},{"not_picked":["Fiend Fire","Juggernaut"],"picked":"Limit Break","floor":16.0},{"not_picked":["Perfected Strike","Clash"],"picked":"Thunderclap","floor":18.0},{"not_picked":["Havoc","Seeing Red"],"picked":"True Grit","floor":19.0},{"not_picked":["Twin Strike","True Grit","Headbutt"],"picked":"Singing Bowl","floor":22.0},{"not_picked":["Twin Strike","Double Tap"],"picked":"Battle Trance","floor":24.0},{"not_picked":["Thunderclap","Corruption","Hemokinesis"],"picked":"Singing Bowl","floor":25.0},{"not_picked":["Clothesline","Burning Pact","Iron Wave+1"],"picked":"Singing Bowl","floor":27.0},{"not_picked":["Dropkick","Dual Wield"],"picked":"Armaments","floor":29},{"not_picked":["Flex","Headbutt","Cleave"],"picked":"Singing Bowl","floor":31}],"player_experience":725218,"relics_obtained":[{"floor":6.0,"key":"Singing Bowl"},{"floor":9.0,"key":"Potion Belt"},{"floor":13.0,"key":"Odd Mushroom"},{"floor":24.0,"key":"Happy Flower"}],"event_choices":[{"cards_removed":["Strike_R"],"damage_healed":0.0,"max_hp_gain":0.0,"max_hp_loss":0.0,"gold_gain":0.0,"event_name":"Golden Wing","player_choice":"Card Removal","floor":3.0,"gold_loss":0.0,"damage_taken":7.0},{"damage_healed":0.0,"max_hp_gain":0.0,"max_hp_loss":0.0,"gold_gain":0.0,"event_name":"Match and Keep!","player_choice":"1 cards matched","floor":5.0,"gold_loss":0.0,"damage_taken":0.0,"cards_obtained":["Flex"]},{"damage_healed":0.0,"max_hp_gain":0.0,"max_hp_loss":0.0,"gold_gain":0.0,"event_name":"Mushrooms","player_choice":"Fought Mushrooms","floor":13.0,"gold_loss":0.0,"damage_taken":0.0},{"damage_healed":0.0,"max_hp_gain":0.0,"max_hp_loss":0.0,"gold_gain":0.0,"event_name":"Drug Dealer","player_choice":"Inject Mutagens","floor":20.0,"gold_loss":0.0,"damage_taken":0.0,"relics_obtained":["MutagenicStrength"]},{"cards_removed":["Strike_R"],"damage_healed":0.0,"max_hp_gain":0.0,"max_hp_loss":0.0,"gold_gain":0.0,"event_name":"Purifier","player_choice":"Purged","floor":28.0,"gold_loss":0.0,"damage_taken":0.0},{"damage_healed":0,"gold_gain":0,"player_choice":"Got Potions","damage_taken":0,"max_hp_gain":0,"max_hp_loss":0,"event_name":"Lab","floor":30,"gold_loss":0}],"is_beta":false,"boss_relics":[{"not_picked":["White Beast Statue","Runic Dome"],"picked":"Ectoplasm"}],"items_purged_floors":[21],"is_endless":false,"potions_floor_spawned":[7,11,13,14,16,19,24,29,31],"killed_by":"Collector","ascension_level":16}