{"gold_per_floor":[109,31,41,58,58,58,86,86,112,112,187,187,200,200,200,200],"floor_reached":16,"playtime":2245,"items_purged":[],"score":137,"play_id":"7efb1258-23d4-42ac-a1e9-91143e365c5d","local_time":"20190612223918","is_ascension_mode":true,"campfire_choices":[{"data":"Dodge and Roll","floor":6,"key":"SMITH"},{"floor":8,"key":"REST"},{"floor":10,"key":"REST"},{"floor":15,"key":"REST"}],"neow_cost":"NONE","seed_source_timestamp":521126070365446,"circlet_count":0,"master_deck":["Defend_G","Defend_G","Defend_G+1","Defend_G","Defend_G","Strike_G","Strike_G","Strike_G","Strike_G","Survivor","Neutralize+1","Finisher+1","Accuracy","Dodge and Roll+1","Skewer","Blade Dance","Dodge and Roll","Storm of Steel"],"relics":["Ring of the Snake","Orichalcum","Boot","Snake Skull"],"potions_floor_usage":[16],"damage_taken":[{"damage":0,"enemies":"Cultist","floor":1,"turns":4},{"damage":5,"enemies":"Small Slimes","floor":3,"turns":5},{"damage":2,"enemies":"2 Louse","floor":4,"turns":3},{"damage":38,"enemies":"3 Sentries","floor":7,"turns":13},{"damage":20,"enemies":"Lots of Slimes","floor":13,"turns":5},{"damage":33,"enemies":"Slime Boss","floor":16,"turns":6}],"seed_played":"-5613559084545321494","potions_obtained":[{"floor":7,"key":"EssenceOfSteel"},{"floor":13,"key":"SkillPotion"}],"is_trial":false,"path_per_floor":["M","$","M","M","?","R","E","R","T","R","?","?","M","?","R","B"],"character_chosen":"THE_SILENT","items_purchased":["Accuracy"],"campfire_rested":3,"item_purchase_floors":[2],"current_hp_per_floor":[63,63,58,56,42,42,4,25,25,46,35,28,8,8,29,0],"gold":200,"neow_bonus":"UPGRADE_CARD","is_prod":false,"is_daily":false,"chose_seed":false,"campfire_upgraded":1,"win_rate":0,"timestamp":1560343158,"path_taken":["M","$","M","?","?","R","E","R","T","R","?","?","M","?","R","BOSS"],"build_version":"2019-01-23","purchased_purges":0,"victory":false,"max_hp_per_floor":[70,70,70,70,70,70,70,70,70,70,70,70,70,70,70,70],"card_choices":[{"not_picked":["Sucker Punch","Outmaneuver"],"picked":"Finisher","floor":1},{"not_picked":["Deflect","Bouncing Flask"],"picked":"Dodge and Roll","floor":3},{"not_picked":["Riddle With Holes","Acrobatics"],"picked":"Skewer","floor":4},{"not_picked":["Sucker Punch","Quick Slash"],"picked":"Blade Dance","floor":7},{"not_picked":["Wraith Form v2","Masterful Stab"],"picked":"Dodge and Roll","floor":13}],"player_experience":2032166,"relics_obtained":[{"floor":7,"key":"Orichalcum"},{"floor":9,"key":"Boot"}],"event_choices":[{"damage_healed":0,"gold_gain":0,"player_choice":"Entered Light","damage_taken":14,"max_hp_gain":0,"max_hp_loss":0,"event_name":"Shining Light","floor":5,"gold_loss":0,"cards_upgraded":["Finisher","Defend_G"]},{"damage_healed":0,"gold_gain":75,"player_choice":"Gather Gold","damage_taken":11,"max_hp_gain":0,"max_hp_loss":0,"event_name":"World of Goop","floor":11,"gold_loss":0},{"damage_healed":0,"gold_gain":0,"player_choice":"Success","damage_taken":7,"relics_obtained":["Snake Skull"],"max_hp_gain":0,"max_hp_loss":0,"event_name":"Scrap Ooze","floor":12,"gold_loss":0},{"damage_healed":0,"gold_gain":0,"cards_transformed":["Strike_G"],"player_choice":"Transformed","damage_taken":0,"max_hp_gain":0,"max_hp_loss":0,"event_name":"Transmorgrifier","floor":14,"gold_loss":0,"cards_obtained":["Storm of Steel"]}],"is_beta":false,"boss_relics":[],"items_purged_floors":[],"is_endless":false,"potions_floor_spawned":[7,13],"killed_by":"Slime Boss","ascension_level":8}