{"gold_per_floor":[111,123,123,198,198,198,218,218,264,15,15,15,27,3,3,106,106,122,221,233,33,33,33,33,33,88,118,137,137,156,172,172,267,267,285,285,14,28,45,45,60,12,12,12],"floor_reached":44,"playtime":16941,"items_purged":["Strike_R"],"score":499,"play_id":"cc0fb40e-f914-4a6d-b6d8-cf724e208061","local_time":"20190204215812","is_ascension_mode":true,"campfire_choices":[{"floor":6,"key":"REST"},{"data":"Flex","floor":8,"key":"SMITH"},{"data":"Double Tap","floor":12,"key":"SMITH"},{"floor":15,"key":"REST"},{"data":"Heavy Blade","floor":23,"key":"SMITH"},{"data":"Pummel","floor":25,"key":"SMITH"},{"floor":29,"key":"REST"},{"floor":32,"key":"REST"},{"floor":40,"key":"REST"}],"neow_cost":"PERCENT_DAMAGE","seed_source_timestamp":115056848087090,"circlet_count":0,"master_deck":["Strike_R","Strike_R","Strike_R","Defend_R","Defend_R","Defend_R","Bash","Double Tap+1","Flex+1","Spot Weakness","Shrug It Off","Heavy Blade+1","Cleave","Brutality+1","Disarm","Fire Breathing+1","Blood for Blood","Berserk+1","Combust+1","Metallicize+1","Impatience","Pummel+1","Rage","Metallicize+1","Armaments+1","Immolate","Ghostly Armor","Apotheosis","Inflame+1","Inflame+1","Entrench","Flex+1"],"relics":["Burning Blood","Frozen Egg 2","Anchor","Mummified Hand","Orrery","Potion Belt","Magic Flower","White Beast Statue","Incense Burner"],"potions_floor_usage":[27,27,33,33,33,33,33,33,39,39,39,41,44,44],"damage_taken":[{"damage":12,"enemies":"Small Slimes","floor":1,"turns":4},{"damage":3,"enemies":"2 Louse","floor":2,"turns":4},{"damage":6,"enemies":"Cultist","floor":7,"turns":3},{"damage":22,"enemies":"Lots of Slimes","floor":13,"turns":5},{"damage":14,"enemies":"Slime Boss","floor":16,"turns":8},{"damage":10,"enemies":"Spheric Guardian","floor":18,"turns":3},{"damage":6,"enemies":"Chosen","floor":20,"turns":3},{"damage":49,"enemies":"Slavers","floor":27,"turns":3},{"damage":21,"enemies":"Snake Plant","floor":28,"turns":4},{"damage":17,"enemies":"Centurion and Healer","floor":30,"turns":4},{"damage":6,"enemies":"Cultist and Chosen","floor":31,"turns":3},{"damage":30,"enemies":"Collector","floor":33,"turns":7},{"damage":46,"enemies":"3 Darklings","floor":35,"turns":4},{"damage":18,"enemies":"3 Shapes","floor":38,"turns":3},{"damage":29,"enemies":"Maw","floor":39,"turns":7},{"damage":30,"enemies":"Sphere and 2 Shapes","floor":41,"turns":4},{"damage":26,"enemies":"Transient","floor":44,"turns":4}],"seed_played":"-4699360168791700776","potions_obtained":[{"floor":18,"key":"Weak Potion"},{"floor":31,"key":"EntropicBrew"},{"floor":33,"key":"EssenceOfSteel"},{"floor":35,"key":"EssenceOfSteel"},{"floor":38,"key":"SteroidPotion"},{"floor":39,"key":"Block Potion"},{"floor":41,"key":"GamblersBrew"}],"is_trial":false,"path_per_floor":["M","M","?","?","?","R","M","R","T","$","?","R","M","$","R","B",null,"M","?","M","$","?","R","?","R","T","E","M","R","M","M","R","B",null,"M","?","$","M","M","R","M","$","T","M"],"character_chosen":"IRONCLAD","items_purchased":["Mummified Hand","Cleave","Metallicize+1","PowerPotion","Apotheosis","Inflame+1","Weak Potion"],"campfire_rested":5,"item_purchase_floors":[10,14,21,21,37,37,42],"current_hp_per_floor":[50,53,46,35,32,56,56,56,56,56,56,56,40,40,64,56,80,76,76,76,76,76,76,76,76,76,33,21,45,37,40,64,43,80,43,43,43,34,14,38,17,17,17,0],"gold":12,"neow_bonus":"THREE_RARE_CARDS","is_prod":false,"is_daily":false,"chose_seed":false,"campfire_upgraded":4,"win_rate":0,"timestamp":1549277892,"path_taken":["M","M","?","?","?","R","M","R","T","$","?","R","?","?","R","BOSS","M","?","M","$","?","R","?","R","T","E","?","R","M","M","R","BOSS","M","?","$","M","M","R","M","$","T","M"],"build_version":"2019-01-23","purchased_purges":1,"victory":false,"max_hp_per_floor":[80,80,80,80,80,80,80,80,80,80,80,80,80,80,80,80,80,80,80,80,80,80,80,80,80,80,80,80,80,80,80,80,80,80,80,80,80,80,80,80,80,80,80,80],"card_choices":[{"not_picked":["Offering","Dark Embrace"],"picked":"Double Tap","floor":0},{"not_picked":["Headbutt","Uppercut"],"picked":"Flex","floor":1},{"not_picked":["Wild Strike","Body Slam"],"picked":"Spot Weakness","floor":2},{"not_picked":["Spot Weakness","Sentinel"],"picked":"Shrug It Off","floor":7},{"not_picked":["Infernal Blade","True Grit"],"picked":"Heavy Blade","floor":13},{"not_picked":["Limit Break","Demon Form+1"],"picked":"Brutality+1","floor":16},{"not_picked":["Body Slam","Cleave"],"picked":"Disarm","floor":17},{"not_picked":["Wild Strike","Headbutt"],"picked":"Fire Breathing+1","floor":17},{"not_picked":["Headbutt","Carnage"],"picked":"Wild Strike","floor":17},{"not_picked":["Perfected Strike","Havoc"],"picked":"Blood for Blood","floor":17},{"not_picked":["Uppercut","Sword Boomerang"],"picked":"Berserk+1","floor":17},{"not_picked":["Iron Wave+1","Headbutt"],"picked":"Combust+1","floor":18},{"not_picked":["Iron Wave","Entrench","Headbutt"],"picked":"SKIP","floor":20},{"not_picked":["Thunderclap","Fiend Fire","Clash"],"picked":"SKIP","floor":27},{"not_picked":["Flex","True Grit"],"picked":"Rage","floor":28},{"not_picked":["Thunderclap","Dual Wield+1"],"picked":"Metallicize+1","floor":30},{"not_picked":["Sword Boomerang","Iron Wave"],"picked":"Armaments+1","floor":31},{"not_picked":["Dark Embrace+1","Offering"],"picked":"Immolate","floor":33},{"not_picked":["Burning Pact+1","Havoc+1"],"picked":"Ghostly Armor","floor":35},{"not_picked":["Pommel Strike+1","Iron Wave+1"],"picked":"Inflame+1","floor":38},{"not_picked":["True Grit+1","Sword Boomerang+1"],"picked":"Entrench","floor":39},{"not_picked":["Rage+1","Dark Embrace+1"],"picked":"Flex+1","floor":41}],"player_experience":257079,"relics_obtained":[{"floor":9,"key":"Anchor"},{"floor":26,"key":"Potion Belt"},{"floor":27,"key":"Magic Flower"},{"floor":43,"key":"Incense Burner"}],"event_choices":[{"cards_removed":["Strike_R"],"damage_healed":0,"gold_gain":0,"player_choice":"Card Removal","damage_taken":7,"max_hp_gain":0,"max_hp_loss":0,"event_name":"Golden Wing","floor":3,"gold_loss":0},{"damage_healed":0,"gold_gain":75,"player_choice":"Gather Gold","damage_taken":11,"max_hp_gain":0,"max_hp_loss":0,"event_name":"World of Goop","floor":4,"gold_loss":0},{"damage_healed":0,"gold_gain":0,"player_choice":"Success","damage_taken":3,"relics_obtained":["Frozen Egg 2"],"max_hp_gain":0,"max_hp_loss":0,"event_name":"Scrap Ooze","floor":5,"gold_loss":0},{"cards_removed":["Defend_R"],"damage_healed":0,"gold_gain":0,"player_choice":"Purged","damage_taken":0,"max_hp_gain":0,"max_hp_loss":0,"event_name":"Purifier","floor":11,"gold_loss":0},{"damage_healed":0,"gold_gain":99,"player_choice":"Stole From Cult","damage_taken":0,"max_hp_gain":0,"max_hp_loss":0,"event_name":"Nest","floor":19,"gold_loss":0},{"damage_healed":0,"gold_gain":0,"player_choice":"Ignored","damage_taken":0,"max_hp_gain":0,"max_hp_loss":0,"event_name":"Vampires","floor":22,"gold_loss":0},{"damage_healed":0,"gold_gain":0,"player_choice":"2 cards matched","damage_taken":0,"max_hp_gain":0,"max_hp_loss":0,"event_name":"Match and Keep!","floor":24,"gold_loss":0,"cards_obtained":["Impatience","Pummel"]},{"cards_removed":["Wild Strike"],"damage_healed":0,"gold_gain":0,"player_choice":"Removed Attack","damage_taken":0,"max_hp_gain":0,"max_hp_loss":0,"event_name":"Falling","floor":36,"gold_loss":0}],"is_beta":false,"boss_relics":[{"not_picked":["Runic Pyramid","Runic Dome"],"picked":"Orrery"},{"not_picked":["Eternal Feather","Coffee Dripper"],"picked":"White Beast Statue"}],"items_purged_floors":[21],"is_endless":false,"potions_floor_spawned":[18,31,33,35,38,39,41],"killed_by":"Transient","ascension_level":4}