{"gold_per_floor":[111,123,198,209,229,229,229,260,287,299,324,353,393,422,434,446],"floor_reached":16,"playtime":739,"items_purged":[],"score":217,"play_id":"9e1da092-f6be-4f75-8b94-af470d35a7da","local_time":"20190618154239","is_ascension_mode":true,"campfire_choices":[{"data":"Cleave","floor":6,"key":"SMITH"},{"floor":10,"key":"REST"},{"floor":15,"key":"REST"}],"neow_cost":"NONE","seed_source_timestamp":604523404496,"circlet_count":0,"master_deck":["AscendersBane","Strike_R","Strike_R","Strike_R","Strike_R","Defend_R","Defend_R","Defend_R","Defend_R","Bash","Feel No Pain","Battle Trance","Cleave+1","Sword Boomerang","Iron Wave","Armaments","Iron Wave","Feed"],"relics":["Burning Blood","Art of War","MawBank","Bag of Marbles"],"potions_floor_usage":[8,12,13,16,16],"damage_taken":[{"damage":1,"enemies":"Cultist","floor":1,"turns":3},{"damage":21,"enemies":"Jaw Worm","floor":2,"turns":7},{"damage":9,"enemies":"Small Slimes","floor":4,"turns":5},{"damage":3,"enemies":"2 Fungi Beasts","floor":5,"turns":4},{"damage":25,"enemies":"Lagavulin","floor":8,"turns":5},{"damage":9,"enemies":"Red Slaver","floor":11,"turns":4},{"damage":25,"enemies":"Exordium Thugs","floor":12,"turns":5},{"damage":25,"enemies":"Gremlin Nob","floor":13,"turns":4},{"damage":4,"enemies":"Large Slime","floor":14,"turns":5},{"damage":33,"enemies":"Hexaghost","floor":16,"turns":10}],"seed_played":"9106238936099088001","potions_obtained":[{"floor":0,"key":"EssenceOfSteel"},{"floor":0,"key":"SkillPotion"},{"floor":0,"key":"SteroidPotion"},{"floor":2,"key":"Strength Potion"},{"floor":5,"key":"PowerPotion"},{"floor":11,"key":"Energy Potion"},{"floor":12,"key":"PowerPotion"},{"floor":14,"key":"PowerPotion"}],"is_trial":false,"path_per_floor":["M","M","?","M","M","R","?","E","T","R","M","M","E","M","R","B"],"character_chosen":"IRONCLAD","items_purchased":[],"campfire_rested":2,"item_purchase_floors":[],"current_hp_per_floor":[73,58,47,44,47,47,47,28,28,50,47,28,9,11,33,0],"gold":446,"neow_bonus":"THREE_SMALL_POTIONS","is_prod":false,"is_daily":false,"chose_seed":false,"campfire_upgraded":1,"win_rate":0,"timestamp":1560865359,"path_taken":["M","?","?","M","M","R","?","E","T","R","M","?","E","M","R","BOSS"],"build_version":"2019-01-23","purchased_purges":0,"victory":false,"max_hp_per_floor":[75,75,75,75,75,75,75,75,75,75,75,75,75,75,75,75],"card_choices":[{"not_picked":["Ghostly Armor","Twin Strike"],"picked":"Feel No Pain","floor":1},{"not_picked":["Warcry","Intimidate"],"picked":"Battle Trance","floor":2},{"not_picked":["Combust","Rampage"],"picked":"Cleave","floor":4},{"not_picked":["Iron Wave","Sentinel"],"picked":"Sword Boomerang","floor":5},{"not_picked":["Body Slam","Double Tap","Reckless Charge"],"picked":"SKIP","floor":8},{"not_picked":["Thunderclap","Body Slam"],"picked":"Iron Wave","floor":11},{"not_picked":["Pommel Strike","Flex"],"picked":"Armaments","floor":12},{"not_picked":["Ghostly Armor","Pummel"],"picked":"Iron Wave","floor":13},{"not_picked":["Havoc","Thunderclap"],"picked":"Feed","floor":14}],"player_experience":782954,"relics_obtained":[{"floor":8,"key":"Art of War"},{"floor":9,"key":"MawBank"},{"floor":13,"key":"Bag of Marbles"}],"event_choices":[{"damage_healed":0,"gold_gain":75,"player_choice":"Gather Gold","damage_taken":11,"max_hp_gain":0,"max_hp_loss":0,"event_name":"World of Goop","floor":3,"gold_loss":0},{"cards_removed":["Strike_R"],"damage_healed":0,"gold_gain":0,"player_choice":"Offered Basic","damage_taken":0,"max_hp_gain":0,"max_hp_loss":0,"event_name":"Bonfire Elementals","floor":7,"gold_loss":0}],"is_beta":false,"boss_relics":[],"items_purged_floors":[],"is_endless":false,"potions_floor_spawned":[2,5,11,12,14],"killed_by":"Hexaghost","ascension_level":18}