{"gold_per_floor":[99,99,99,99,69,69,69,69,69,69,69,49,49,49,49,49,49,19,19,19,19,19,19,19,19,19,19,19,19,19,19,19,19,19,19,19,19,19],"floor_reached":38,"playtime":1747,"items_purged":[],"score":471,"play_id":"07cca2d0-e620-471f-a343-5c2471ac0118","local_time":"20190530165217","is_ascension_mode":true,"campfire_choices":[{"data":"Noxious Fumes","floor":10.0,"key":"SMITH"},{"floor":15.0,"key":"REST"},{"data":"Neutralize","floor":24.0,"key":"SMITH"},{"floor":27.0,"key":"REST"},{"floor":30.0,"key":"REST"},{"floor":32.0,"key":"REST"}],"neow_cost":"NONE","seed_source_timestamp":11410359864811,"circlet_count":0,"master_deck":["Defend_G","Defend_G","Defend_G","Defend_G","Defend_G","Strike_G","Strike_G","Strike_G","Strike_G","Survivor","Neutralize+1","Crippling Poison","Deadly Poison","Well Laid Plans","Noxious Fumes+1","Dodge and Roll","Backstab","Heel Hook","Acrobatics","Terror","Corpse Explosion","Deflect+1","RitualDagger","PiercingWail","Footwork+1","Dodge and Roll","Leg Sweep","Noxious Fumes","After Image","Catalyst+1","Madness","Madness"],"special_seed":0,"relics":["Ectoplasm","Omamori","Vajra","Pen Nib","NlothsMask","Runic Pyramid","Ornamental Fan","Anchor","Cursed Key","Juzu Bracelet"],"potions_floor_usage":[38],"damage_taken":[{"damage":0.0,"enemies":"Small Slimes","floor":1.0,"turns":4.0},{"damage":0.0,"enemies":"Cultist","floor":3.0,"turns":4.0},{"damage":0.0,"enemies":"Jaw Worm","floor":4.0,"turns":4.0},{"damage":2.0,"enemies":"Looter","floor":5.0,"turns":4.0},{"damage":4.0,"enemies":"Lagavulin","floor":6.0,"turns":7.0},{"damage":3.0,"enemies":"Exordium Thugs","floor":7.0,"turns":4.0},{"damage":2.0,"enemies":"3 Louse","floor":8.0,"turns":3.0},{"damage":14.0,"enemies":"3 Sentries","floor":11.0,"turns":7.0},{"damage":11.0,"enemies":"Exordium Wildlife","floor":14.0,"turns":4.0},{"damage":9.0,"enemies":"Hexaghost","floor":16.0,"turns":8.0},{"damage":0.0,"enemies":"2 Thieves","floor":18.0,"turns":2.0},{"damage":7.0,"enemies":"3 Byrds","floor":22.0,"turns":2.0},{"damage":22.0,"enemies":"Book of Stabbing","floor":23.0,"turns":7.0},{"damage":0.0,"enemies":"3 Cultists","floor":25.0,"turns":4.0},{"damage":41.0,"enemies":"Gremlin Leader","floor":28.0,"turns":8.0},{"damage":0.0,"enemies":"Shelled Parasite and Fungi","floor":29.0,"turns":4.0},{"damage":18.0,"enemies":"Colosseum Slavers","floor":31.0,"turns":4.0},{"damage":23.0,"enemies":"Automaton","floor":33.0,"turns":11.0},{"damage":0,"enemies":"3 Shapes","floor":35,"turns":4},{"damage":64,"enemies":"2 Orb Walkers","floor":38,"turns":5}],"seed_played":"-3385503274306179310","potions_obtained":[{"floor":4.0,"key":"EssenceOfSteel"},{"floor":5.0,"key":"GamblersBrew"},{"floor":11.0,"key":"Block Potion"},{"floor":14.0,"key":"LiquidBronze"},{"floor":16.0,"key":"SkillPotion"},{"floor":18.0,"key":"FearPotion"},{"floor":22.0,"key":"FearPotion"},{"floor":28.0,"key":"SkillPotion"},{"floor":33.0,"key":"Fire Potion"},{"floor":35,"key":"Explosive Potion"}],"is_trial":false,"path_per_floor":["M","?","M","M","M","E","M","M","T","R","E","?","?","M","R","B",null,"M","$","T","?","M","E","R","M","T","R","E","M","R","?","R","B",null,"M","?","T","?"],"character_chosen":"THE_SILENT","items_purchased":[],"campfire_rested":4,"item_purchase_floors":[],"current_hp_per_floor":[70,63,63,63,61,57,54,52,52,52,38,38,38,27,48,39,70,70,70,70,64,57,35,35,35,35,56,15,15,36,18,39,16,70,70,61,61,0],"gold":19,"neow_bonus":"BOSS_RELIC","is_prod":false,"is_daily":false,"chose_seed":false,"campfire_upgraded":2,"win_rate":0,"timestamp":1559227937,"path_taken":["M","?","M","M","M","E","M","M","T","R","E","?","?","M","R","BOSS","M","$","?","?","M","E","R","M","T","R","E","M","R","?","R","BOSS","M","?","?","?"],"build_version":"2019-01-23","purchased_purges":0,"victory":false,"max_hp_per_floor":[70,70,70,70,70,70,70,70,70,70,70,70,70,70,70,70,70,70,70,70,70,70,70,70,70,70,70,70,70,70,70,70,70,70,70,70,70,70],"card_choices":[{"not_picked":["Underhanded Strike","Deadly Poison"],"picked":"Crippling Poison","floor":1.0},{"not_picked":["Acrobatics","Quick Slash"],"picked":"Deadly Poison","floor":3.0},{"not_picked":["Masterful Stab","Deflect"],"picked":"Well Laid Plans","floor":4.0},{"not_picked":["Backstab","Quick Slash"],"picked":"Noxious Fumes","floor":5.0},{"not_picked":["Bane","Dagger Throw"],"picked":"Dodge and Roll","floor":6.0},{"not_picked":["Calculated Gamble","Masterful Stab"],"picked":"Backstab","floor":7.0},{"not_picked":["Bane","Grand Finale"],"picked":"Heel Hook","floor":8.0},{"not_picked":["Dagger Throw","Poisoned Stab"],"picked":"Acrobatics","floor":11.0},{"not_picked":["Underhanded Strike","Prepared"],"picked":"Terror","floor":14.0},{"not_picked":["Bullet Time","Phantasmal Killer"],"picked":"Corpse Explosion","floor":16.0},{"not_picked":["Poisoned Stab","Acrobatics"],"picked":"Deflect+1","floor":18.0},{"not_picked":["Flying Knee","Sucker Punch"],"picked":"PiercingWail","floor":22.0},{"not_picked":["Tactician","Riddle With Holes"],"picked":"Footwork+1","floor":23.0},{"not_picked":["Underhanded Strike","Predator"],"picked":"Dodge and Roll","floor":25.0},{"not_picked":["Reflex+1","Poisoned Stab+1"],"picked":"Leg Sweep","floor":28.0},{"not_picked":["Crippling Poison","Dodge and Roll"],"picked":"Noxious Fumes","floor":29.0},{"not_picked":["Phantasmal Killer","Grand Finale"],"picked":"After Image","floor":33.0},{"not_picked":["Cloak And Dagger+1","Quick Slash"],"picked":"Catalyst+1","floor":35}],"player_experience":719042,"relics_obtained":[{"floor":6.0,"key":"Omamori"},{"floor":9.0,"key":"Vajra"},{"floor":11.0,"key":"Pen Nib"},{"floor":23.0,"key":"Ornamental Fan"},{"floor":28.0,"key":"Anchor"},{"floor":37,"key":"Juzu Bracelet"}],"event_choices":[{"cards_removed":["Strike_G"],"damage_healed":0.0,"max_hp_gain":0.0,"max_hp_loss":0.0,"gold_gain":0.0,"event_name":"Golden Wing","player_choice":"Card Removal","floor":2.0,"gold_loss":0.0,"damage_taken":7.0},{"damage_healed":0.0,"max_hp_gain":0.0,"max_hp_loss":0.0,"gold_gain":0.0,"event_name":"World of Goop","player_choice":"Left Gold","floor":12.0,"gold_loss":20.0,"damage_taken":0.0},{"damage_healed":0.0,"max_hp_gain":0.0,"max_hp_loss":0.0,"gold_gain":0.0,"event_name":"FaceTrader","player_choice":"Trade","floor":13.0,"gold_loss":0.0,"damage_taken":0.0,"relics_obtained":["NlothsMask"]},{"damage_healed":0.0,"max_hp_gain":0.0,"max_hp_loss":0.0,"gold_gain":0.0,"event_name":"Nest","player_choice":"Joined the Cult","floor":21.0,"gold_loss":0.0,"damage_taken":6.0,"cards_obtained":["RitualDagger"]},{"damage_healed":0.0,"max_hp_gain":0.0,"max_hp_loss":0.0,"gold_gain":0.0,"event_name":"Colosseum","player_choice":"Fight","floor":31.0,"gold_loss":0.0,"damage_taken":0.0},{"damage_healed":0.0,"max_hp_gain":0.0,"max_hp_loss":0.0,"gold_gain":0.0,"event_name":"Colosseum","player_choice":"Fled From Nobs","floor":31.0,"gold_loss":0.0,"damage_taken":0.0},{"damage_healed":0,"gold_gain":0,"player_choice":"Embrace Madness","damage_taken":9,"max_hp_gain":0,"max_hp_loss":0,"event_name":"Winding Halls","floor":36,"gold_loss":0,"cards_obtained":["Madness","Madness"]},{"damage_healed":0,"gold_gain":0,"player_choice":"Fight","damage_taken":0,"max_hp_gain":0,"max_hp_loss":0,"event_name":"Mysterious Sphere","floor":38,"gold_loss":0}],"is_beta":false,"boss_relics":[{"not_picked":["Astrolabe","Coffee Dripper"],"picked":"Runic Pyramid"},{"not_picked":["Empty Cage","Orrery"],"picked":"Cursed Key"}],"items_purged_floors":[],"is_endless":false,"potions_floor_spawned":[4,5,11,14,16,18,22,28,33,35],"killed_by":"2 Orb Walkers","ascension_level":1}