{"gold_per_floor":[118,134,134,99,1,1,1,1,27,27,44,44,56,81,81,179,179,193,193,118,118,78,78,91,91,118,118,145,145],"floor_reached":29,"playtime":1720,"items_purged":[],"score":379,"play_id":"7e010ba9-1222-4e99-8a8d-57585b0cdc80","local_time":"20190323161136","is_ascension_mode":true,"campfire_choices":[{"data":"Bloodletting","floor":6,"key":"SMITH"},{"data":"Rupture","floor":8,"key":"SMITH"},{"data":"Blood for Blood","floor":10,"key":"SMITH"},{"data":"Double Tap","floor":15,"key":"SMITH"},{"floor":23,"key":"REST"},{"floor":25,"key":"REST"},{"data":"Limit Break","floor":27,"key":"SMITH"}],"neow_cost":"NONE","seed_source_timestamp":8952605534110,"circlet_count":0,"master_deck":["AscendersBane","Strike_R+1","Strike_R","Defend_R","Defend_R","Defend_R+1","Bash","Blood for Blood+1","Ghostly Armor","Rupture+1","Bloodletting+1","Pommel Strike","Pommel Strike","Double Tap+1","Hemokinesis","Limit Break+1","Whirlwind","Iron Wave","Headbutt","Heavy Blade+1","Pommel Strike","Hemokinesis+1","Body Slam","Infernal Blade","Headbutt","Fiend Fire"],"relics":["Burning Blood","PreservedInsect","Juzu Bracelet","Charon\u0027s Ashes","Orrery","Ancient Tea Set","Blue Candle"],"potions_floor_usage":[14,14],"damage_taken":[{"damage":13,"enemies":"Small Slimes","floor":1,"turns":4},{"damage":3,"enemies":"2 Louse","floor":2,"turns":4},{"damage":8,"enemies":"Jaw Worm","floor":11,"turns":4},{"damage":13,"enemies":"Blue Slaver","floor":13,"turns":4},{"damage":5,"enemies":"3 Sentries","floor":14,"turns":4},{"damage":62,"enemies":"The Guardian","floor":16,"turns":8},{"damage":40,"enemies":"2 Thieves","floor":18,"turns":4},{"damage":16,"enemies":"3 Byrds","floor":24,"turns":5},{"damage":49,"enemies":"Book of Stabbing","floor":28,"turns":4},{"damage":23,"enemies":"Snecko","floor":29,"turns":3}],"seed_played":"-4437855652948236345","potions_obtained":[{"floor":2,"key":"Fire Potion"},{"floor":11,"key":"FearPotion"},{"floor":28,"key":"Dexterity Potion"}],"is_trial":false,"path_per_floor":["M","M","?","?","$","R","$","R","T","R","M","?","M","E","R","B",null,"M","?","?","?","?","R","M","R","T","R","E","M"],"character_chosen":"IRONCLAD","items_purchased":["Bloodletting","Pommel Strike"],"campfire_rested":2,"item_purchase_floors":[5,5],"current_hp_per_floor":[65,68,52,72,72,72,72,72,72,72,70,70,63,64,64,8,62,28,28,28,28,28,52,42,66,66,66,23,0],"gold":145,"neow_bonus":"TRANSFORM_CARD","is_prod":false,"is_daily":false,"chose_seed":false,"campfire_upgraded":5,"win_rate":0,"timestamp":1553317896,"path_taken":["M","M","?","?","?","R","?","R","T","R","M","?","M","E","R","BOSS","M","?","?","?","?","R","M","R","T","R","E","M"],"build_version":"2019-01-23","purchased_purges":0,"victory":false,"max_hp_per_floor":[80,80,80,80,80,80,80,80,80,80,80,80,80,80,80,80,80,80,80,80,80,80,80,80,80,80,80,80,80],"card_choices":[{"not_picked":["Heavy Blade","Twin Strike"],"picked":"Ghostly Armor","floor":1},{"not_picked":["Whirlwind","Anger"],"picked":"Rupture","floor":2},{"not_picked":["True Grit","Cleave"],"picked":"Pommel Strike","floor":11},{"not_picked":["Pummel","Searing Blow"],"picked":"Double Tap","floor":13},{"not_picked":["Armaments","Uppercut"],"picked":"Hemokinesis","floor":14},{"not_picked":["Feed","Dark Embrace"],"picked":"Limit Break","floor":16},{"not_picked":["Entrench","Cleave"],"picked":"Whirlwind","floor":17},{"not_picked":["Clothesline","Twin Strike"],"picked":"Iron Wave","floor":17},{"not_picked":["Reckless Charge","Rupture"],"picked":"Headbutt","floor":17},{"not_picked":["Sword Boomerang","Twin Strike"],"picked":"Heavy Blade","floor":17},{"not_picked":["True Grit","Feel No Pain"],"picked":"Pommel Strike","floor":17},{"not_picked":["Iron Wave","Disarm"],"picked":"Hemokinesis","floor":18},{"not_picked":["Wild Strike","True Grit+1"],"picked":"Headbutt","floor":24},{"not_picked":["Juggernaut","Iron Wave"],"picked":"Fiend Fire","floor":28}],"player_experience":1057724,"relics_obtained":[{"floor":9,"key":"PreservedInsect"},{"floor":14,"key":"Charon\u0027s Ashes"},{"floor":26,"key":"Ancient Tea Set"},{"floor":28,"key":"Blue Candle"}],"event_choices":[{"damage_healed":0,"gold_gain":0,"player_choice":"Entered Light","damage_taken":16,"max_hp_gain":0,"max_hp_loss":0,"event_name":"Shining Light","floor":3,"gold_loss":0,"cards_upgraded":["Defend_R","Strike_R"]},{"damage_healed":20,"gold_gain":0,"player_choice":"Healed","damage_taken":0,"max_hp_gain":0,"max_hp_loss":0,"event_name":"The Cleric","floor":4,"gold_loss":35},{"damage_healed":0,"gold_gain":0,"player_choice":"Box","damage_taken":0,"relics_obtained":["Juzu Bracelet"],"max_hp_gain":0,"max_hp_loss":0,"event_name":"Big Fish","floor":12,"gold_loss":0,"cards_obtained":["Regret"]},{"cards_removed":["Regret"],"damage_healed":0,"gold_gain":0,"player_choice":"Elegance","damage_taken":0,"max_hp_gain":0,"max_hp_loss":0,"event_name":"Back to Basics","floor":19,"gold_loss":0},{"cards_removed":["Strike_R"],"damage_healed":0,"gold_gain":0,"player_choice":"Gave Gold","damage_taken":0,"max_hp_gain":0,"max_hp_loss":0,"event_name":"Beggar","floor":20,"gold_loss":75},{"damage_healed":0,"gold_gain":0,"cards_transformed":["Defend_R","Strike_R"],"player_choice":"Became Test Subject","damage_taken":0,"max_hp_gain":0,"max_hp_loss":0,"event_name":"Drug Dealer","floor":21,"gold_loss":0,"cards_obtained":["Body Slam","Infernal Blade"]},{"damage_healed":0,"gold_gain":0,"player_choice":"Upgraded Two","damage_taken":0,"max_hp_gain":0,"max_hp_loss":0,"event_name":"Designer","floor":22,"gold_loss":40,"cards_upgraded":["Heavy Blade","Hemokinesis"]}],"is_beta":false,"boss_relics":[{"not_picked":["White Beast Statue","Astrolabe"],"picked":"Orrery"}],"items_purged_floors":[],"is_endless":false,"potions_floor_spawned":[2,11,28],"killed_by":"Snecko","ascension_level":12}