{"gold_per_floor":[114,127,127,127,19,19,35,53,53,64,64,74,74,5,5,108,108,124,124,124,124],"floor_reached":21,"playtime":1570,"items_purged":[],"score":220,"play_id":"8e27fda0-9d71-4226-ba57-445f4c9647aa","local_time":"20190409224843","is_ascension_mode":true,"campfire_choices":[{"data":"Infinite Blades","floor":6.0,"key":"SMITH"},{"floor":13.0,"key":"REST"},{"floor":15.0,"key":"REST"}],"neow_cost":"NONE","seed_source_timestamp":168186109363849,"circlet_count":0,"master_deck":["Defend_G","Defend_G+1","Defend_G","Defend_G","Defend_G","Strike_G","Strike_G","Strike_G","Strike_G","Survivor","Neutralize","Infinite Blades+1","Choke","Predator","Accuracy","Distraction","Envenom","Cloak And Dagger+1","Blur","Heel Hook","Backstab","A Thousand Cuts","Decay","Clumsy","Decay","Deadly Poison","Neutralize"],"special_seed":0,"relics":["Ring of the Snake","Blue Candle","Ornamental Fan","Gremlin Horn","Calling Bell","War Paint","Kunai","Nunchaku","Nilry\u0027s Codex"],"potions_floor_usage":[],"damage_taken":[{"damage":0.0,"enemies":"Jaw Worm","floor":1.0,"turns":4.0},{"damage":1.0,"enemies":"Cultist","floor":2.0,"turns":3.0},{"damage":6.0,"enemies":"2 Louse","floor":7.0,"turns":3.0},{"damage":27.0,"enemies":"Red Slaver","floor":8.0,"turns":6.0},{"damage":13.0,"enemies":"Exordium Wildlife","floor":10.0,"turns":4.0},{"damage":7.0,"enemies":"Looter","floor":12.0,"turns":5.0},{"damage":13.0,"enemies":"Slime Boss","floor":16.0,"turns":12.0},{"damage":29.0,"enemies":"Shell Parasite","floor":18.0,"turns":8.0},{"damage":21,"enemies":"Spheric Guardian","floor":21,"turns":3}],"seed_played":"-8312380337229666019","potions_obtained":[{"floor":1.0,"key":"Swift Potion"},{"floor":12.0,"key":"Explosive Potion"}],"is_trial":false,"path_per_floor":["M","M","?","?","$","R","M","M","T","M","?","M","R","$","R","B",null,"M","?","?","M"],"character_chosen":"THE_SILENT","items_purchased":["Accuracy","Distraction","Backstab"],"campfire_rested":2,"item_purchase_floors":[5,5,14],"current_hp_per_floor":[63,62,59,59,59,59,53,26,26,13,13,6,27,27,48,35,61,32,16,16,0],"gold":124,"neow_bonus":"THREE_CARDS","is_prod":false,"is_daily":false,"chose_seed":false,"campfire_upgraded":1,"win_rate":0,"timestamp":1554814123,"path_taken":["M","M","?","?","$","R","?","M","T","M","?","M","R","$","R","BOSS","M","?","?","?"],"build_version":"2019-01-23","purchased_purges":0,"victory":false,"max_hp_per_floor":[70,70,70,70,70,70,70,70,70,70,70,70,70,70,70,70,70,70,70,70,70],"card_choices":[{"not_picked":["Poisoned Stab","Caltrops"],"picked":"Infinite Blades","floor":0.0},{"not_picked":["Finisher","Backflip"],"picked":"Choke","floor":1.0},{"not_picked":["Dagger Throw","Deflect"],"picked":"Predator","floor":2.0},{"not_picked":["Flying Knee","Outmaneuver"],"picked":"Envenom","floor":7.0},{"not_picked":["Dagger Throw","Predator"],"picked":"Cloak And Dagger","floor":8.0},{"not_picked":["Reflex","Slice"],"picked":"Blur","floor":10.0},{"not_picked":["Dodge and Roll","Outmaneuver"],"picked":"Heel Hook","floor":12.0},{"not_picked":["Wraith Form v2","Tools of the Trade"],"picked":"A Thousand Cuts","floor":16.0},{"not_picked":["Underhanded Strike","Blur"],"picked":"Deadly Poison","floor":18.0}],"player_experience":1240906,"relics_obtained":[{"floor":9.0,"key":"Ornamental Fan"},{"floor":17.0,"key":"War Paint"},{"floor":17.0,"key":"Kunai"},{"floor":17.0,"key":"Nunchaku"},{"floor":19.0,"key":"Nilry\u0027s Codex"}],"event_choices":[{"damage_healed":0.0,"max_hp_gain":0.0,"max_hp_loss":0.0,"gold_gain":0.0,"event_name":"Scrap Ooze","player_choice":"Success","floor":3.0,"gold_loss":0.0,"damage_taken":3.0,"relics_obtained":["Blue Candle"]},{"cards_removed":["Strike_G"],"damage_healed":0.0,"max_hp_gain":0.0,"max_hp_loss":0.0,"gold_gain":0.0,"event_name":"Purifier","player_choice":"Purged","floor":4.0,"gold_loss":0.0,"damage_taken":0.0},{"damage_healed":0.0,"max_hp_gain":0.0,"max_hp_loss":0.0,"gold_gain":0.0,"event_name":"Dead Adventurer","player_choice":"Searched \u00271\u0027 times","floor":11.0,"gold_loss":0.0,"damage_taken":0.0,"relics_obtained":["Gremlin Horn"]},{"damage_healed":0.0,"max_hp_gain":0.0,"max_hp_loss":0.0,"gold_gain":0.0,"event_name":"Cursed Tome","player_choice":"Obtained Book","floor":19.0,"gold_loss":0.0,"damage_taken":16.0},{"damage_healed":0.0,"max_hp_gain":0.0,"max_hp_loss":0.0,"gold_gain":0.0,"event_name":"Match and Keep!","player_choice":"1 cards matched","floor":20.0,"gold_loss":0.0,"damage_taken":0.0,"cards_obtained":["Neutralize"]}],"is_beta":false,"boss_relics":[{"not_picked":["Astrolabe","Runic Dome"],"picked":"Calling Bell"}],"items_purged_floors":[],"is_endless":false,"potions_floor_spawned":[1,12],"killed_by":"Spheric Guardian","ascension_level":6}