{"gold_per_floor":[114,132,142,142,142,142,159,159,159,22,55,71,71,83,83,156,156,167,167,177,92,17,17,35,35,81,91,109,125,125,125,125,125],"floor_reached":33,"playtime":2569,"items_purged":["Regret"],"score":448,"play_id":"94d81b78-50a4-4a4c-9eb6-904ca9bb740a","local_time":"20190403232816","is_ascension_mode":true,"campfire_choices":[{"data":"True Grit","floor":6.0,"key":"SMITH"},{"data":"Power Through","floor":8.0,"key":"SMITH"},{"floor":13.0,"key":"REST"},{"data":"Rupture","floor":15.0,"key":"SMITH"},{"data":"Entrench","floor":23.0,"key":"SMITH"},{"data":"Demon Form","floor":25.0,"key":"SMITH"},{"floor":30.0,"key":"REST"},{"data":"Shockwave","floor":32.0,"key":"SMITH"}],"neow_cost":"NONE","seed_source_timestamp":699799843208318,"circlet_count":0,"master_deck":["AscendersBane","Strike_R","Strike_R","Strike_R+1","Defend_R","Defend_R","Defend_R","Bash","True Grit+1","Carnage+1","Power Through+1","Body Slam+1","Pummel+1","Flex","Headbutt+1","Feed+1","Hemokinesis+1","Wild Strike+1","Rupture+1","Demon Form+1","Body Slam+1","Body Slam+1","Demon Form","Entrench+1","Flex","Spot Weakness","Sword Boomerang+1","Shockwave+1","Carnage+1"],"special_seed":0,"relics":["Burning Blood","Art of War","Molten Egg 2","Whetstone","Dream Catcher","Mark of Pain","Singing Bowl","Oddly Smooth Stone"],"potions_floor_usage":[],"damage_taken":[{"damage":9.0,"enemies":"Small Slimes","floor":1.0,"turns":5.0},{"damage":0.0,"enemies":"2 Louse","floor":2.0,"turns":4.0},{"damage":0.0,"enemies":"Cultist","floor":3.0,"turns":2.0},{"damage":4.0,"enemies":"3 Louse","floor":7.0,"turns":4.0},{"damage":29.0,"enemies":"Lagavulin","floor":11.0,"turns":5.0},{"damage":29.0,"enemies":"Large Slime","floor":12.0,"turns":7.0},{"damage":20.0,"enemies":"Exordium Wildlife","floor":14.0,"turns":5.0},{"damage":23.0,"enemies":"Slime Boss","floor":16.0,"turns":11.0},{"damage":2.0,"enemies":"Spheric Guardian","floor":18.0,"turns":3.0},{"damage":16.0,"enemies":"Chosen","floor":20.0,"turns":3.0},{"damage":16.0,"enemies":"Snecko","floor":24.0,"turns":4.0},{"damage":25.0,"enemies":"Sentry and Sphere","floor":27.0,"turns":5.0},{"damage":29.0,"enemies":"Centurion and Healer","floor":28.0,"turns":5.0},{"damage":5.0,"enemies":"Snake Plant","floor":29.0,"turns":2.0},{"damage":60,"enemies":"Automaton","floor":33,"turns":6}],"seed_played":"6418470878010772177","potions_obtained":[{"floor":2.0,"key":"EntropicBrew"},{"floor":3.0,"key":"Poison Potion"},{"floor":12.0,"key":"BloodPotion"},{"floor":16.0,"key":"SpeedPotion"},{"floor":20.0,"key":"Block Potion"},{"floor":28.0,"key":"FearPotion"},{"floor":29.0,"key":"Energy Potion"}],"is_trial":false,"path_per_floor":["M","M","M","?","?","R","M","R","T","$","E","M","R","M","R","B",null,"M","?","M","?","$","R","M","R","T","M","M","M","R","?","R","B"],"character_chosen":"IRONCLAD","items_purchased":["Pummel+1","Flex","Headbutt+1"],"campfire_rested":2,"item_purchase_floors":[10,10,10],"current_hp_per_floor":[65,71,75,75,75,75,75,75,75,75,61,42,65,62,62,49,78,86,86,76,76,76,76,70,70,70,51,28,29,57,57,57,0],"gold":125,"neow_bonus":"RANDOM_COMMON_RELIC","is_prod":false,"is_daily":false,"chose_seed":false,"campfire_upgraded":6,"win_rate":0,"timestamp":1554294496,"path_taken":["M","M","M","?","?","R","?","R","T","$","E","M","R","M","R","BOSS","M","?","M","?","?","R","M","R","T","M","M","?","R","?","R","BOSS"],"build_version":"2019-01-23","purchased_purges":1,"victory":false,"max_hp_per_floor":[75,75,75,75,75,75,75,75,75,75,75,79,79,83,83,87,87,91,91,91,91,91,91,95,95,95,95,95,95,95,95,95,95],"card_choices":[{"not_picked":["Thunderclap","Evolve"],"picked":"True Grit","floor":1.0},{"not_picked":["Power Through","Rage"],"picked":"Carnage","floor":2.0},{"not_picked":["True Grit","Cleave"],"picked":"Power Through","floor":3.0},{"not_picked":["Blood for Blood+1","Shrug It Off"],"picked":"Body Slam+1","floor":7.0},{"not_picked":["Havoc","Iron Wave+1"],"picked":"Feed+1","floor":11.0},{"not_picked":["Clash+1","Pommel Strike+1"],"picked":"Hemokinesis+1","floor":12.0},{"not_picked":["Perfected Strike+1","Armaments"],"picked":"Wild Strike+1","floor":13.0},{"not_picked":["Wild Strike+1","Second Wind"],"picked":"Rupture","floor":14.0},{"not_picked":["Limit Break","Barricade"],"picked":"Demon Form","floor":16.0},{"not_picked":["Warcry","Blood for Blood+1"],"picked":"Body Slam+1","floor":18.0},{"not_picked":["Thunderclap+1","Clothesline+1"],"picked":"Entrench","floor":20.0},{"not_picked":["Clash+1","Clothesline+1"],"picked":"Flex","floor":24.0},{"not_picked":["Clothesline+1","Headbutt+1"],"picked":"Spot Weakness","floor":27.0},{"not_picked":["Fire Breathing+1","Offering"],"picked":"Sword Boomerang+1","floor":28.0},{"not_picked":["True Grit","Metallicize"],"picked":"Shockwave","floor":29.0},{"not_picked":["Flex","True Grit"],"picked":"Carnage+1","floor":30.0}],"player_experience":1141776,"relics_obtained":[{"floor":9.0,"key":"Whetstone"},{"floor":11.0,"key":"Dream Catcher"},{"floor":26.0,"key":"Oddly Smooth Stone"}],"event_choices":[{"damage_healed":0.0,"max_hp_gain":0.0,"max_hp_loss":0.0,"gold_gain":0.0,"event_name":"Big Fish","player_choice":"Box","floor":4.0,"gold_loss":0.0,"damage_taken":0.0,"relics_obtained":["Molten Egg 2"],"cards_obtained":["Regret"]},{"damage_healed":0.0,"max_hp_gain":0.0,"max_hp_loss":0.0,"gold_gain":0.0,"event_name":"The Woman in Blue","player_choice":"Bought 0 Potions","floor":5.0,"gold_loss":0.0,"damage_taken":0.0},{"damage_healed":0.0,"max_hp_gain":0.0,"max_hp_loss":0.0,"gold_gain":0.0,"cards_transformed":["Defend_R","Strike_R"],"event_name":"Drug Dealer","player_choice":"Became Test Subject","floor":19.0,"gold_loss":0.0,"damage_taken":0.0,"cards_obtained":["Body Slam","Demon Form"]},{"damage_healed":0.0,"max_hp_gain":0.0,"max_hp_loss":0.0,"gold_gain":0.0,"event_name":"Addict","player_choice":"Obtained Relic","floor":21.0,"gold_loss":85.0,"damage_taken":0.0,"relics_obtained":["Singing Bowl"]},{"cards_removed":["Strike_R"],"damage_healed":0.0,"max_hp_gain":0.0,"max_hp_loss":0.0,"gold_gain":0.0,"event_name":"Purifier","player_choice":"Purged","floor":31.0,"gold_loss":0.0,"damage_taken":0.0}],"is_beta":false,"boss_relics":[{"not_picked":["Black Star","Runic Dome"],"picked":"Mark of Pain"}],"items_purged_floors":[22],"is_endless":false,"potions_floor_spawned":[2,3,12,16,20,28,29],"killed_by":"Automaton","ascension_level":14}