{"gold_per_floor":[118,137,150,41,52,52,69,69,69,69,69,69,88,127,127,252,252,268,293,316,332,23,23,23,23,47,66,66,66,85,109,109,228,228,248,16,29,52,66,66,84,104,104,148,148,173,173,173,173,173,173,173,1,41,41],"floor_reached":55,"playtime":6154,"items_purged":["Decay","Pain"],"score":730,"play_id":"7dca939a-3942-4242-a134-923902ff119c","local_time":"20190525012424","is_ascension_mode":false,"campfire_choices":[{"floor":6.0,"key":"RECALL"},{"data":"Heavy Blade","floor":8.0,"key":"SMITH"},{"data":"Corruption","floor":15.0,"key":"SMITH"},{"floor":23.0,"key":"REST"},{"floor":25.0,"key":"REST"},{"data":"Spot Weakness","floor":29.0,"key":"SMITH"},{"data":"Limit Break","floor":32.0,"key":"SMITH"},{"data":"Barricade","floor":40.0,"key":"SMITH"},{"data":"Demon Form","floor":45.0,"key":"SMITH"},{"data":"Offering","floor":47.0,"key":"SMITH"},{"floor":49.0,"key":"REST"},{"data":"Heavy Blade","floor":52.0,"key":"SMITH"}],"neow_cost":"NONE","seed_source_timestamp":599683154747425,"circlet_count":0,"master_deck":["Strike_R","Strike_R","Strike_R","Strike_R","Defend_R","Defend_R","Defend_R+1","Defend_R","Bash","Anger","Power Through","Dropkick","Shockwave","Spot Weakness+1","Heavy Blade+1","Heavy Blade+1","Corruption+1","Pummel+1","Limit Break+1","Iron Wave+1","Feel No Pain","Clash+1","Power Through+1","Pommel Strike+1","Battle Trance","Flex","Whirlwind+1","Barricade+1","Iron Wave+1","Flex","Seeing Red","Demon Form+1","Flex+1","Dual Wield+1","Heavy Blade+1","Power Through","Exhume","Thunderclap+1","Offering+1","Doubt","Seeing Red","Body Slam+1","Anger+1"],"special_seed":0,"relics":["Burning Blood","NeowsBlessing","Molten Egg 2","Golden Idol","Dodecahedron","Paper Frog","Cursed Key","Bottled Tornado","Centennial Puzzle","Orrery","War Paint","Unceasing Top","Potion Belt","Mercury Hourglass"],"potions_floor_usage":[55,55,55,55],"damage_taken":[{"damage":0.0,"enemies":"Small Slimes","floor":1.0,"turns":1.0},{"damage":0.0,"enemies":"2 Louse","floor":2.0,"turns":1.0},{"damage":0.0,"enemies":"Cultist","floor":3.0,"turns":1.0},{"damage":9.0,"enemies":"Blue Slaver","floor":5.0,"turns":3.0},{"damage":0.0,"enemies":"Lots of Slimes","floor":7.0,"turns":1.0},{"damage":15.0,"enemies":"Gremlin Gang","floor":13.0,"turns":4.0},{"damage":35.0,"enemies":"3 Sentries","floor":14.0,"turns":7.0},{"damage":17.0,"enemies":"Hexaghost","floor":16.0,"turns":6.0},{"damage":19.0,"enemies":"Spheric Guardian","floor":18.0,"turns":4.0},{"damage":27.0,"enemies":"2 Thieves","floor":19.0,"turns":4.0},{"damage":21.0,"enemies":"Centurion and Healer","floor":20.0,"turns":5.0},{"damage":18.0,"enemies":"Shelled Parasite and Fungi","floor":21.0,"turns":3.0},{"damage":14.0,"enemies":"Snake Plant","floor":27.0,"turns":3.0},{"damage":5.0,"enemies":"Chosen and Byrds","floor":30.0,"turns":4.0},{"damage":9.0,"enemies":"Centurion and Healer","floor":31.0,"turns":3.0},{"damage":21.0,"enemies":"Champ","floor":33.0,"turns":7.0},{"damage":6.0,"enemies":"3 Shapes","floor":35.0,"turns":2.0},{"damage":5.0,"enemies":"3 Darklings","floor":37.0,"turns":4.0},{"damage":9.0,"enemies":"Spire Growth","floor":38.0,"turns":4.0},{"damage":9.0,"enemies":"Sphere and 2 Shapes","floor":39.0,"turns":5.0},{"damage":7.0,"enemies":"Transient","floor":41.0,"turns":5.0},{"damage":0.0,"enemies":"Maw","floor":42.0,"turns":6.0},{"damage":9.0,"enemies":"Giant Head","floor":44.0,"turns":3.0},{"damage":14.0,"enemies":"Spire Growth","floor":46.0,"turns":4.0},{"damage":41.0,"enemies":"Donu and Deca","floor":50.0,"turns":8.0},{"damage":6.0,"enemies":"Shield and Spear","floor":54.0,"turns":3.0},{"damage":112,"enemies":"The Heart","floor":55,"turns":5}],"seed_played":"-8411778881206268268","potions_obtained":[{"floor":3.0,"key":"AttackPotion"},{"floor":7.0,"key":"Regen Potion"},{"floor":14.0,"key":"LiquidBronze"},{"floor":16.0,"key":"SpeedPotion"},{"floor":20.0,"key":"PowerPotion"},{"floor":21.0,"key":"Strength Potion"},{"floor":31.0,"key":"Weak Potion"},{"floor":33.0,"key":"AttackPotion"},{"floor":38.0,"key":"Poison Potion"},{"floor":42.0,"key":"Block Potion"},{"floor":44.0,"key":"Strength Potion"},{"floor":46.0,"key":"SteroidPotion"}],"is_trial":false,"path_per_floor":["M","M","M","$","M","R","M","R","T","?","?","?","M","E","R","B",null,"M","M","M","M","$","R","?","R","T","M","$","R","M","M","R","B",null,"M","$","M","M","M","R","M","M","T","E","R","M","R","T","R","B",null,"R","$","E","B"],"character_chosen":"IRONCLAD","items_purchased":["Shockwave","Spot Weakness","Bottled Tornado","Pommel Strike+1","War Paint","Regen Potion"],"campfire_rested":3,"item_purchase_floors":[4,4,22,22,36,53],"current_hp_per_floor":[80,80,80,80,77,77,80,80,80,80,80,80,71,57,57,46,80,67,46,31,19,19,43,43,67,67,59,59,59,60,57,57,42,80,80,80,80,77,74,74,73,79,79,76,76,68,68,68,80,45,80,80,80,80,0],"gold":41,"neow_bonus":"THREE_ENEMY_KILL","is_prod":false,"is_daily":false,"chose_seed":false,"campfire_upgraded":8,"win_rate":0,"timestamp":1558711464,"path_taken":["M","M","M","$","M","R","M","R","T","?","?","?","M","E","R","BOSS","M","M","?","M","$","R","?","R","T","M","$","R","?","M","R","BOSS","M","$","M","M","M","R","M","M","T","E","R","?","R","?","R","BOSS","R","$","E","BOSS"],"build_version":"2019-01-23","purchased_purges":2,"victory":false,"max_hp_per_floor":[80,80,80,80,80,80,80,80,80,80,80,80,80,80,80,80,80,80,80,80,80,80,80,80,80,80,80,80,80,80,80,80,80,80,80,80,80,80,80,80,80,80,80,80,80,80,80,80,80,80,80,80,80,80,80],"card_choices":[{"not_picked":["Armaments","Perfected Strike"],"picked":"Anger","floor":1.0},{"not_picked":["Armaments","Fire Breathing"],"picked":"Power Through","floor":2.0},{"not_picked":["True Grit","Headbutt"],"picked":"Dropkick","floor":3.0},{"not_picked":["Hemokinesis","Clash"],"picked":"Heavy Blade","floor":5.0},{"not_picked":["Pommel Strike","Clash"],"picked":"Heavy Blade","floor":7.0},{"not_picked":["Evolve","Disarm"],"picked":"Corruption","floor":13.0},{"not_picked":["Feel No Pain","Combust"],"picked":"Pummel+1","floor":14.0},{"not_picked":["Fiend Fire+1","Offering"],"picked":"Limit Break","floor":16.0},{"not_picked":["Sword Boomerang+1","Pommel Strike+1"],"picked":"Iron Wave+1","floor":18.0},{"not_picked":["True Grit+1","Perfected Strike+1"],"picked":"Feel No Pain","floor":19.0},{"not_picked":["Havoc+1","Wild Strike+1"],"picked":"Clash+1","floor":20.0},{"not_picked":["Intimidate","Clash+1"],"picked":"Power Through","floor":21.0},{"not_picked":["Flex","Corruption"],"picked":"Battle Trance","floor":27.0},{"not_picked":["Reckless Charge+1","Seeing Red+1"],"picked":"Flex","floor":30.0},{"not_picked":["Anger+1","Clash+1"],"picked":"Whirlwind+1","floor":31.0},{"not_picked":["Demon Form","Fiend Fire+1"],"picked":"Barricade","floor":33.0},{"not_picked":["Warcry","Rupture"],"picked":"Iron Wave+1","floor":34.0},{"not_picked":["Headbutt+1","Hemokinesis+1"],"picked":"Flex","floor":34.0},{"not_picked":["Thunderclap+1","Rage"],"picked":"Seeing Red","floor":34.0},{"not_picked":["Warcry","Perfected Strike+1"],"picked":"Demon Form","floor":34.0},{"not_picked":["Sword Boomerang+1","Rupture"],"picked":"Flex+1","floor":34.0},{"not_picked":["Disarm","Twin Strike+1"],"picked":"Dual Wield+1","floor":35.0},{"not_picked":["Evolve+1","Pommel Strike+1"],"picked":"Heavy Blade+1","floor":37.0},{"not_picked":["Sever Soul+1","Clothesline+1"],"picked":"Power Through","floor":38.0},{"not_picked":["True Grit","Pommel Strike+1"],"picked":"Exhume","floor":39.0},{"not_picked":["Warcry","Searing Blow+1"],"picked":"Thunderclap+1","floor":41.0},{"not_picked":["Rage+1","Cleave+1"],"picked":"Offering","floor":42.0},{"not_picked":["Carnage+1","Burning Pact+1"],"picked":"Seeing Red","floor":44.0},{"not_picked":["Shockwave","Sever Soul+1"],"picked":"Body Slam+1","floor":46.0},{"not_picked":["Whirlwind+1","Perfected Strike+1"],"picked":"Anger+1","floor":54.0}],"player_experience":1978655,"relics_obtained":[{"floor":9.0,"key":"Molten Egg 2"},{"floor":14.0,"key":"Paper Frog"},{"floor":26.0,"key":"Centennial Puzzle"},{"floor":44.0,"key":"Unceasing Top"},{"floor":48.0,"key":"Potion Belt"},{"floor":54.0,"key":"Mercury Hourglass"}],"event_choices":[{"damage_healed":0.0,"max_hp_gain":0.0,"max_hp_loss":0.0,"gold_gain":0.0,"event_name":"Golden Idol","player_choice":"Take Wound","floor":10.0,"gold_loss":0.0,"damage_taken":0.0,"relics_obtained":["Golden Idol"],"cards_obtained":["Injury"]},{"damage_healed":0.0,"max_hp_gain":0.0,"max_hp_loss":0.0,"gold_gain":0.0,"event_name":"Big Fish","player_choice":"Box","floor":11.0,"gold_loss":0.0,"damage_taken":0.0,"relics_obtained":["Dodecahedron"],"cards_obtained":["Regret"]},{"cards_removed":["Regret","Injury"],"damage_healed":0.0,"max_hp_gain":0.0,"max_hp_loss":0.0,"gold_gain":0.0,"event_name":"Fountain of Cleansing","player_choice":"Removed Curses","floor":12.0,"gold_loss":0.0,"damage_taken":0.0},{"cards_removed":["Strike_R"],"damage_healed":0.0,"max_hp_gain":0.0,"max_hp_loss":0.0,"gold_gain":0.0,"event_name":"Purifier","player_choice":"Purged","floor":24.0,"gold_loss":0.0,"damage_taken":0.0}],"is_beta":false,"boss_relics":[{"not_picked":["Tiny House","Velvet Choker"],"picked":"Cursed Key"},{"not_picked":["Pandora\u0027s Box","White Beast Statue"],"picked":"Orrery"}],"items_purged_floors":[36,53],"is_endless":false,"potions_floor_spawned":[3,7,14,16,20,21,31,33,38,42,44,46],"killed_by":"The Heart","ascension_level":0}