{"gold_per_floor":[112,76,76,76,76,110,110,141,141,172,172,197,237,252,252,383,383,406,406,64,84,84,84,209,245,245,245,20,35,60,60],"floor_reached":31,"playtime":2639,"items_purged":[],"score":428,"play_id":"615e04ba-cd5f-4c43-b04a-daa7c071bb9a","local_time":"20190506132251","is_ascension_mode":true,"campfire_choices":[{"data":"Zap","floor":7.0,"key":"SMITH"},{"data":"Chaos","floor":11.0,"key":"SMITH"},{"floor":15.0,"key":"REST"},{"floor":23.0,"key":"REST"},{"data":"Rainbow","floor":27,"key":"SMITH"}],"neow_cost":"NONE","seed_source_timestamp":390132544709161,"circlet_count":0,"master_deck":["Strike_B","Strike_B","Strike_B","Strike_B+1","Defend_B","Defend_B","Defend_B","Defend_B","Zap+1","Dualcast","Ball Lightning+1","Sunder","Chaos+1","Seek","BootSequence","Steam","Consume","Rainbow+1","Loop","White Noise","Steam","Double Energy+1","Shame","Loop+1","Turbo","Coolheaded"],"special_seed":0,"relics":["Cracked Core","NeowsBlessing","Golden Idol","Blue Candle","Whetstone","Bag of Preparation","Symbiotic Virus","Singing Bowl","Ancient Tea Set","Busted Crown","Art of War","Mummified Hand","Torii","Matryoshka","Kunai","The Courier","Frozen Egg 2","PreservedInsect"],"potions_floor_usage":[],"damage_taken":[{"damage":0.0,"enemies":"Cultist","floor":1.0,"turns":1.0},{"damage":0.0,"enemies":"3 Sentries","floor":6.0,"turns":1.0},{"damage":0.0,"enemies":"Lagavulin","floor":8.0,"turns":1.0},{"damage":18.0,"enemies":"Gremlin Nob","floor":10.0,"turns":3.0},{"damage":7.0,"enemies":"Jaw Worm","floor":12.0,"turns":3.0},{"damage":20.0,"enemies":"Lagavulin","floor":13.0,"turns":3.0},{"damage":0.0,"enemies":"2 Louse","floor":14.0,"turns":1.0},{"damage":23.0,"enemies":"The Guardian","floor":16.0,"turns":10.0},{"damage":15.0,"enemies":"2 Thieves","floor":18.0,"turns":4.0},{"damage":0.0,"enemies":"3 Byrds","floor":21.0,"turns":5.0},{"damage":2.0,"enemies":"Colosseum Slavers","floor":24.0,"turns":3.0},{"damage":32.0,"enemies":"Colosseum Nobs","floor":24.0,"turns":4.0},{"damage":20,"enemies":"Gremlin Leader","floor":25,"turns":6},{"damage":1,"enemies":"Snecko","floor":29,"turns":3},{"damage":6,"enemies":"Centurion and Healer","floor":30,"turns":6},{"damage":16,"enemies":"Shelled Parasite and Fungi","floor":31,"turns":3}],"seed_played":"8432652985118214001","potions_obtained":[{"floor":6.0,"key":"Poison Potion"},{"floor":12.0,"key":"AttackPotion"},{"floor":16.0,"key":"LiquidBronze"},{"floor":18.0,"key":"FearPotion"}],"is_trial":false,"path_per_floor":["M","?","?","?","?","E","R","E","T","E","R","M","E","M","R","B",null,"M","?","$","M","?","R","?","E","T","R","$","M","M","M"],"character_chosen":"DEFECT","items_purchased":["Art of War","Loop","White Noise","Steam","Loop+1","PreservedInsect","Turbo"],"campfire_rested":2,"item_purchase_floors":[20,20,20,20,28,28,28],"current_hp_per_floor":[68,68,68,61,61,61,61,61,61,43,43,36,16,16,38,15,60,47,47,47,47,47,70,38,20,20,20,20,19,15,0],"gold":60,"neow_bonus":"THREE_ENEMY_KILL","is_prod":false,"is_daily":false,"chose_seed":false,"campfire_upgraded":3,"win_rate":0,"timestamp":1557112971,"path_taken":["M","?","?","?","?","E","R","E","T","E","R","M","E","M","R","BOSS","M","?","$","M","?","R","?","E","T","R","?","M","?","M"],"build_version":"2019-01-23","purchased_purges":0,"victory":false,"max_hp_per_floor":[75,75,75,75,75,75,75,75,75,75,75,75,75,75,75,75,75,77,77,77,77,77,77,79,81,81,81,81,81,83,83],"card_choices":[{"not_picked":["Streamline","Leap"],"picked":"Ball Lightning","floor":1.0},{"not_picked":["Steam","Stack"],"picked":"Sunder","floor":6.0},{"not_picked":["Ball Lightning","Redo"],"picked":"Chaos","floor":8.0},{"not_picked":["Heatsinks","Ball Lightning"],"picked":"Seek","floor":10.0},{"not_picked":["Ball Lightning","Leap"],"picked":"BootSequence","floor":12.0},{"not_picked":["Barrage","Sunder"],"picked":"Steam","floor":13.0},{"not_picked":["Recycle","Sunder"],"picked":"Consume","floor":14.0},{"not_picked":["Reboot","Multi-Cast"],"picked":"Rainbow","floor":16.0},{"not_picked":["Rebound"],"picked":"Singing Bowl","floor":18.0},{"not_picked":[],"picked":"Double Energy+1","floor":21.0},{"not_picked":["Hologram"],"picked":"Singing Bowl","floor":24.0},{"not_picked":["Barrage"],"picked":"Singing Bowl","floor":25},{"not_picked":[],"picked":"Coolheaded","floor":29},{"not_picked":["Hyperbeam"],"picked":"Singing Bowl","floor":30}],"player_experience":1578851,"relics_obtained":[{"floor":6.0,"key":"Whetstone"},{"floor":8.0,"key":"Bag of Preparation"},{"floor":9.0,"key":"Symbiotic Virus"},{"floor":10.0,"key":"Singing Bowl"},{"floor":13.0,"key":"Ancient Tea Set"},{"floor":24.0,"key":"Torii"},{"floor":24.0,"key":"Matryoshka"},{"floor":25,"key":"Kunai"},{"floor":26,"key":"The Courier"},{"floor":26,"key":"Frozen Egg 2"}],"event_choices":[{"damage_healed":0.0,"max_hp_gain":0.0,"max_hp_loss":0.0,"gold_gain":0.0,"event_name":"World of Goop","player_choice":"Left Gold","floor":2.0,"gold_loss":36.0,"damage_taken":0.0},{"damage_healed":0.0,"max_hp_gain":0.0,"max_hp_loss":0.0,"gold_gain":0.0,"event_name":"Golden Idol","player_choice":"Take Wound","floor":3.0,"gold_loss":0.0,"damage_taken":0.0,"relics_obtained":["Golden Idol"],"cards_obtained":["Injury"]},{"damage_healed":0.0,"max_hp_gain":0.0,"max_hp_loss":0.0,"gold_gain":0.0,"event_name":"Scrap Ooze","player_choice":"Success","floor":4.0,"gold_loss":0.0,"damage_taken":7.0,"relics_obtained":["Blue Candle"]},{"cards_removed":["Injury"],"damage_healed":0.0,"max_hp_gain":0.0,"max_hp_loss":0.0,"gold_gain":0.0,"event_name":"Fountain of Cleansing","player_choice":"Removed Curses","floor":5.0,"gold_loss":0.0,"damage_taken":0.0},{"damage_healed":0.0,"max_hp_gain":0.0,"max_hp_loss":0.0,"gold_gain":0.0,"event_name":"Ghosts","player_choice":"Ignored","floor":19.0,"gold_loss":0.0,"damage_taken":0.0},{"damage_healed":0.0,"max_hp_gain":0.0,"max_hp_loss":0.0,"gold_gain":0.0,"event_name":"Addict","player_choice":"Stole Relic","floor":22.0,"gold_loss":0.0,"damage_taken":0.0,"relics_obtained":["Mummified Hand"],"cards_obtained":["Shame"]},{"damage_healed":0.0,"max_hp_gain":0.0,"max_hp_loss":0.0,"gold_gain":0.0,"event_name":"Colosseum","player_choice":"Fight","floor":24.0,"gold_loss":0.0,"damage_taken":0.0},{"damage_healed":0.0,"max_hp_gain":0.0,"max_hp_loss":0.0,"gold_gain":0.0,"event_name":"Colosseum","player_choice":"Fought Nobs","floor":24.0,"gold_loss":0.0,"damage_taken":0.0}],"is_beta":false,"boss_relics":[{"not_picked":["FrozenCore","Fusion Hammer"],"picked":"Busted Crown"}],"items_purged_floors":[],"is_endless":false,"potions_floor_spawned":[6,12,16,18,24],"killed_by":"Shelled Parasite and Fungi","ascension_level":6}