{"gold_per_floor":[117,132,48,61,71,71,84,104,179,179,179,179,223,223,223,344,344,329,20,34,59,73,73,73,33,58,58,104,135,24,24,24,120,120,139,152,152,165,265,265,285,285,285,285,0,29,41,67,79,91],"floor_reached":51,"playtime":3904,"items_purged":["Writhe"],"score":1082,"play_id":"b9770a38-2441-4e60-9d57-277315b025d5","local_time":"20190330154928","is_ascension_mode":true,"campfire_choices":[{"data":"Corruption","floor":6.0,"key":"SMITH"},{"data":"Shockwave","floor":10.0,"key":"SMITH"},{"data":"Anger","floor":12.0,"key":"SMITH"},{"data":"Carnage","floor":15.0,"key":"SMITH"},{"data":"Rupture","floor":23.0,"key":"SMITH"},{"floor":32.0,"key":"REST"},{"floor":40.0,"key":"DIG"},{"floor":42.0,"key":"DIG"},{"floor":47,"key":"REST"},{"floor":49,"key":"DIG"}],"neow_cost":"NONE","seed_source_timestamp":325450674878602,"circlet_count":0,"master_deck":["AscendersBane","Bash+1","Body Slam","Twin Strike+1","Flame Barrier","Corruption+1","Shrug It Off","Carnage+1","Anger+1","Shockwave+1","Body Slam","Injury","Headbutt+1","Impervious","Havoc","Blood for Blood+1","Impervious","Shockwave","Rage","Brutality","Power Through","Spot Weakness","Sentinel","Rupture+1","Carnage+1","Hemokinesis+1","Reaper+1","Sword Boomerang+1","Disarm","Spot Weakness","Burning Pact","Immolate+1","Madness","Madness","Parasite"],"special_seed":0,"relics":["Burning Blood","Molten Egg 2","Bloody Idol","Matryoshka","Champion Belt","Pandora\u0027s Box","Happy Flower","Strawberry","Red Skull","Juzu Bracelet","Boot","Ancient Tea Set","Singing Bowl","Busted Crown","Shovel","Whetstone","Bag of Marbles","The Courier","Red Mask","MawBank","Bag of Preparation"],"potions_floor_usage":[46,48],"damage_taken":[{"damage":3.0,"enemies":"2 Louse","floor":1.0,"turns":3.0},{"damage":4.0,"enemies":"Jaw Worm","floor":2.0,"turns":4.0},{"damage":7.0,"enemies":"Small Slimes","floor":4.0,"turns":3.0},{"damage":6.0,"enemies":"Blue Slaver","floor":5.0,"turns":3.0},{"damage":6.0,"enemies":"Looter","floor":7.0,"turns":3.0},{"damage":24.0,"enemies":"Exordium Wildlife","floor":8.0,"turns":3.0},{"damage":13.0,"enemies":"Lagavulin","floor":13.0,"turns":5.0},{"damage":27.0,"enemies":"Slime Boss","floor":16.0,"turns":8.0},{"damage":11.0,"enemies":"2 Thieves","floor":18.0,"turns":4.0},{"damage":27.0,"enemies":"3 Byrds","floor":20.0,"turns":4.0},{"damage":4.0,"enemies":"Snecko","floor":21.0,"turns":4.0},{"damage":5.0,"enemies":"Centurion and Healer","floor":22.0,"turns":4.0},{"damage":18.0,"enemies":"Slavers","floor":29.0,"turns":6.0},{"damage":50.0,"enemies":"Champ","floor":33.0,"turns":8.0},{"damage":31.0,"enemies":"3 Shapes","floor":35.0,"turns":5.0},{"damage":25.0,"enemies":"Orb Walker","floor":36.0,"turns":5.0},{"damage":24.0,"enemies":"Jaw Worm Horde","floor":38.0,"turns":3.0},{"damage":4.0,"enemies":"Mind Bloom Boss Battle","floor":39.0,"turns":6.0},{"damage":33.0,"enemies":"Sphere and 2 Shapes","floor":41.0,"turns":5.0},{"damage":24,"enemies":"Giant Head","floor":46,"turns":7},{"damage":15,"enemies":"Writhing Mass","floor":48,"turns":4},{"damage":94,"enemies":"Awakened One","floor":50,"turns":9}],"seed_played":"-8430300155941388561","potions_obtained":[{"floor":1.0,"key":"AttackPotion"},{"floor":4.0,"key":"Energy Potion"},{"floor":8.0,"key":"Energy Potion"},{"floor":20.0,"key":"FearPotion"},{"floor":22.0,"key":"GamblersBrew"},{"floor":29.0,"key":"LiquidBronze"},{"floor":33.0,"key":"Energy Potion"},{"floor":38.0,"key":"Block Potion"},{"floor":46,"key":"SkillPotion"}],"is_trial":false,"path_per_floor":["M","M","$","M","M","R","M","M","T","R","?","R","E","?","R","B",null,"M","$","M","M","M","R","?","$","T","?","T","E","$","?","R","B",null,"M","M","?","M","?","R","M","R","T","?","?","E","R","M","R","B",null],"character_chosen":"IRONCLAD","items_purchased":["Corruption","Shrug It Off","Rupture","Happy Flower","Carnage+1","Disarm","Burning Pact"],"campfire_rested":2,"item_purchase_floors":[3,3,19,19,19,25,30],"current_hp_per_floor":[75,77,77,76,76,76,76,58,58,58,58,58,51,44,44,23,66,61,61,40,42,43,43,50,50,50,50,50,38,38,38,64,47,77,73,68,57,46,77,77,59,59,59,59,59,48,82,85,90,28],"gold":103,"neow_bonus":"THREE_CARDS","is_prod":false,"is_daily":false,"chose_seed":false,"campfire_upgraded":5,"win_rate":0,"timestamp":1553921368,"path_taken":["M","M","$","M","M","R","M","M","T","R","?","R","E","?","R","BOSS","M","$","M","M","M","R","?","$","T","?","?","E","$","?","R","BOSS","M","M","?","M","?","R","M","R","T","?","?","E","R","M","R","BOSS"],"build_version":"2019-01-23","purchased_purges":1,"victory":true,"max_hp_per_floor":[80,80,80,80,80,80,80,80,80,80,80,80,80,80,80,80,80,80,80,80,80,80,80,87,87,87,87,87,87,87,87,87,87,87,89,91,91,93,95,95,97,97,97,97,97,99,99,101,101,101],"card_choices":[{"not_picked":["Twin Strike","Wild Strike"],"picked":"Body Slam","floor":0.0},{"not_picked":["Rampage","Clash"],"picked":"Twin Strike","floor":1.0},{"not_picked":["Wild Strike","Second Wind"],"picked":"Flame Barrier","floor":2.0},{"not_picked":["Cleave","Dropkick"],"picked":"Carnage","floor":4.0},{"not_picked":["Clash","Warcry"],"picked":"Anger","floor":5.0},{"not_picked":["Sword Boomerang","Wild Strike"],"picked":"Shockwave","floor":7.0},{"not_picked":["Warcry","True Grit"],"picked":"Body Slam","floor":8.0},{"not_picked":["Corruption","Sever Soul+1"],"picked":"Headbutt+1","floor":13.0},{"not_picked":["Brutality","Bludgeon+1"],"picked":"Impervious","floor":16.0},{"not_picked":["Thunderclap+1","Flex"],"picked":"Sentinel","floor":18.0},{"not_picked":["Wild Strike+1","Twin Strike+1"],"picked":"Hemokinesis+1","floor":20.0},{"not_picked":["Cleave+1","Havoc"],"picked":"Reaper+1","floor":21.0},{"not_picked":["Carnage+1","Clash+1"],"picked":"Sword Boomerang+1","floor":22.0},{"not_picked":["Carnage+1","Ghostly Armor"],"picked":"Spot Weakness","floor":29.0},{"not_picked":["Bludgeon+1","Double Tap"],"picked":"Immolate+1","floor":33.0},{"not_picked":["Headbutt+1"],"picked":"Singing Bowl","floor":35.0},{"not_picked":["Sword Boomerang+1"],"picked":"Singing Bowl","floor":36.0},{"not_picked":["Fire Breathing"],"picked":"Singing Bowl","floor":38.0},{"not_picked":["Thunderclap+1"],"picked":"Singing Bowl","floor":39.0},{"not_picked":["Shrug It Off"],"picked":"Singing Bowl","floor":41.0},{"not_picked":["Berserk"],"picked":"Singing Bowl","floor":46},{"not_picked":["Intimidate"],"picked":"Singing Bowl","floor":48}],"player_experience":1109228,"relics_obtained":[{"floor":9.0,"key":"Molten Egg 2"},{"floor":13.0,"key":"Matryoshka"},{"floor":26.0,"key":"Red Skull"},{"floor":26.0,"key":"Juzu Bracelet"},{"floor":28.0,"key":"Boot"},{"floor":28.0,"key":"Ancient Tea Set"},{"floor":29.0,"key":"Singing Bowl"},{"floor":39.0,"key":"Shovel"},{"floor":40.0,"key":"Whetstone"},{"floor":42.0,"key":"Bag of Marbles"},{"floor":43.0,"key":"The Courier"},{"floor":46,"key":"MawBank"},{"floor":49,"key":"Bag of Preparation"}],"event_choices":[{"damage_healed":0.0,"max_hp_gain":0.0,"max_hp_loss":0.0,"gold_gain":0.0,"event_name":"Golden Idol","player_choice":"Take Wound","floor":11.0,"gold_loss":0.0,"damage_taken":0.0,"relics_obtained":["Golden Idol"],"cards_obtained":["Injury"]},{"damage_healed":0.0,"max_hp_gain":0.0,"max_hp_loss":0.0,"gold_gain":0.0,"event_name":"Scrap Ooze","player_choice":"Success","floor":14.0,"gold_loss":0.0,"damage_taken":7.0,"relics_obtained":["Champion Belt"]},{"damage_healed":0.0,"max_hp_gain":0.0,"max_hp_loss":0.0,"gold_gain":0.0,"event_name":"The Mausoleum","player_choice":"Opened","floor":24.0,"gold_loss":0.0,"damage_taken":0.0,"relics_obtained":["Strawberry"],"cards_obtained":["Writhe"]},{"damage_healed":0.0,"max_hp_gain":0.0,"max_hp_loss":0.0,"gold_gain":0.0,"event_name":"Vampires","player_choice":"Ignored","floor":27.0,"gold_loss":0.0,"damage_taken":0.0},{"damage_healed":0.0,"max_hp_gain":0.0,"max_hp_loss":0.0,"gold_gain":0.0,"event_name":"Forgotten Altar","player_choice":"Gave Idol","floor":31.0,"relics_lost":["Golden Idol"],"gold_loss":0.0,"damage_taken":0.0,"relics_obtained":["Bloody Idol"]},{"damage_healed":0.0,"max_hp_gain":0.0,"max_hp_loss":0.0,"gold_gain":0.0,"event_name":"Winding Halls","player_choice":"Embrace Madness","floor":37.0,"gold_loss":0.0,"damage_taken":11.0,"cards_obtained":["Madness","Madness"]},{"damage_healed":0.0,"max_hp_gain":0.0,"max_hp_loss":0.0,"gold_gain":0.0,"event_name":"MindBloom","player_choice":"Fight","floor":39.0,"gold_loss":0.0,"damage_taken":0.0},{"cards_removed":["Dual Wield"],"damage_healed":0.0,"max_hp_gain":0.0,"max_hp_loss":0.0,"gold_gain":0.0,"event_name":"Falling","player_choice":"Removed Skill","floor":44.0,"gold_loss":0.0,"damage_taken":0.0},{"damage_healed":0.0,"max_hp_gain":0.0,"max_hp_loss":0.0,"gold_gain":0.0,"event_name":"Tomb of Lord Red Mask","player_choice":"Paid","floor":45.0,"gold_loss":285.0,"damage_taken":0.0,"relics_obtained":["Red Mask"]}],"is_beta":false,"boss_relics":[{"not_picked":["Runic Pyramid","Coffee Dripper"],"picked":"Pandora\u0027s Box"},{"not_picked":["Eternal Feather","Snecko Eye"],"picked":"Busted Crown"}],"items_purged_floors":[30],"is_endless":false,"potions_floor_spawned":[1,4,8,20,22,29,33,38,39,46],"ascension_level":12}