{"gold_per_floor":[219,52,52,64,44,44,71,71,116,116,136,136,146,179,179,253,253,265,251,37,56,69,69,98,98,125,156,156,168,168,179,179,253,253,271,285,299,299,299,327,54,71,71,171,171,191,191,225,225,225],"floor_reached":51,"playtime":4226,"items_purged":["Strike_G","Strike_G"],"score":1339,"play_id":"89cad6fc-d923-4e63-af09-dd4ed128961e","local_time":"20190530145417","is_ascension_mode":true,"campfire_choices":[{"data":"Neutralize","floor":6.0,"key":"SMITH"},{"data":"Cloak And Dagger","floor":8.0,"key":"SMITH"},{"data":"Crippling Poison","floor":10.0,"key":"SMITH"},{"floor":12.0,"key":"REST"},{"data":"Deadly Poison","floor":15.0,"key":"SMITH"},{"floor":23,"key":"REST"},{"data":"After Image","floor":25,"key":"SMITH"},{"floor":30,"key":"REST"},{"floor":32,"key":"REST"},{"floor":45,"key":"REST"},{"floor":47,"key":"REST"},{"floor":49,"key":"REST"}],"neow_cost":"NONE","seed_source_timestamp":1866848061430,"circlet_count":0,"master_deck":["AscendersBane","Defend_G","Defend_G","Defend_G","Defend_G","Strike_G","Strike_G","Strike_G","Survivor","Neutralize+1","Crippling Poison+1","Flechettes","Cloak And Dagger+1","Distraction","Deadly Poison+1","Deflect+1","After Image+1","Dodge and Roll+1","Well Laid Plans","Blade Dance+1","Envenom","Blur+1","Backflip+1","Backstab","Backflip+1","PiercingWail+1","Backflip+1","Footwork","Backstab","Cloak And Dagger+1","Doppelganger+1","PiercingWail+1","Deflect+1","Blade Dance+1","Deadly Poison+1","Bouncing Flask+1","Calculated Gamble+1","Acrobatics+1","Blade Dance+1","Bouncing Flask+1","PiercingWail+1"],"special_seed":0,"relics":["Ring of the Snake","Orichalcum","Letter Opener","Strawberry","Toxic Egg 2","Orrery","Blood Vial","Bag of Preparation","Boot","Fusion Hammer","Art of War","Mercury Hourglass","Ice Cream","Centennial Puzzle"],"potions_floor_usage":[33,50,50,50],"damage_taken":[{"damage":0.0,"enemies":"2 Louse","floor":1.0,"turns":3.0},{"damage":1.0,"enemies":"Cultist","floor":4.0,"turns":4.0},{"damage":33.0,"enemies":"Lagavulin","floor":7.0,"turns":12.0},{"damage":0.0,"enemies":"Small Slimes","floor":11.0,"turns":3.0},{"damage":0.0,"enemies":"Gremlin Gang","floor":13.0,"turns":5.0},{"damage":23.0,"enemies":"3 Sentries","floor":14.0,"turns":9.0},{"damage":8.0,"enemies":"The Guardian","floor":16.0,"turns":10.0},{"damage":0,"enemies":"3 Byrds","floor":18,"turns":6},{"damage":16,"enemies":"2 Thieves","floor":19,"turns":4},{"damage":21,"enemies":"Snake Plant","floor":21,"turns":5},{"damage":0,"enemies":"Centurion and Healer","floor":22,"turns":9},{"damage":14,"enemies":"Slavers","floor":24,"turns":6},{"damage":23,"enemies":"Book of Stabbing","floor":27,"turns":7},{"damage":6,"enemies":"3 Cultists","floor":29,"turns":7},{"damage":4,"enemies":"Chosen and Byrds","floor":31,"turns":8},{"damage":35,"enemies":"Champ","floor":33,"turns":17},{"damage":11,"enemies":"3 Darklings","floor":35,"turns":9},{"damage":6,"enemies":"3 Shapes","floor":36,"turns":4},{"damage":0,"enemies":"Jaw Worm Horde","floor":37,"turns":6},{"damage":0,"enemies":"Reptomancer","floor":40,"turns":8},{"damage":1,"enemies":"4 Shapes","floor":42,"turns":3},{"damage":0,"enemies":"Mind Bloom Boss Battle","floor":44,"turns":6},{"damage":0,"enemies":"Sphere and 2 Shapes","floor":46,"turns":4},{"damage":20,"enemies":"Nemesis","floor":48,"turns":7},{"damage":19,"enemies":"Donu and Deca","floor":50,"turns":10}],"seed_played":"-5594225318143942257","potions_obtained":[{"floor":4.0,"key":"Dexterity Potion"},{"floor":5.0,"key":"SmokeBomb"},{"floor":7.0,"key":"Weak Potion"},{"floor":14.0,"key":"SteroidPotion"},{"floor":16.0,"key":"GhostInAJar"},{"floor":18,"key":"Ancient Potion"},{"floor":28,"key":"Energy Potion"},{"floor":35,"key":"EntropicBrew"}],"is_trial":false,"path_per_floor":["M","$","?","M","?","R","E","R","T","R","M","R","M","E","R","B",null,"M","M","$","M","M","R","E","R","T","E","?","M","R","M","R","B",null,"M","M","M","?","?","E","$","M","T","?","R","M","R","E","R","B",null],"character_chosen":"THE_SILENT","items_purchased":["Orichalcum","Backflip+1","Backstab","Bouncing Flask+1","Calculated Gamble+1"],"campfire_rested":7,"item_purchase_floors":[2,20,20,41,41],"current_hp_per_floor":[59,59,64,63,63,63,30,30,37,37,37,60,60,37,37,29,66,66,50,50,29,29,52,38,38,38,17,17,13,36,34,57,24,65,56,52,54,54,43,45,45,46,46,48,71,73,78,58,78,59],"gold":225,"neow_bonus":"HUNDRED_GOLD","is_prod":false,"is_daily":false,"chose_seed":false,"campfire_upgraded":5,"win_rate":0,"timestamp":1559220857,"path_taken":["M","$","?","M","?","R","E","R","T","R","?","R","M","E","R","BOSS","M","?","$","M","M","R","E","R","T","E","?","M","R","M","R","BOSS","M","M","?","?","?","E","$","?","T","?","R","M","R","E","R","BOSS"],"build_version":"2019-01-23","purchased_purges":2,"victory":true,"max_hp_per_floor":[66,66,71,71,71,71,71,71,78,78,78,78,78,78,78,78,78,78,78,78,78,78,78,78,78,78,78,78,78,78,78,78,78,78,78,78,78,78,78,78,78,78,78,78,78,78,78,78,78,78],"card_choices":[{"not_picked":["Slice","Heel Hook"],"picked":"Crippling Poison","floor":1.0},{"not_picked":["Cloak And Dagger","Deflect"],"picked":"Flechettes","floor":4.0},{"not_picked":["Infinite Blades","Masterful Stab"],"picked":"Cloak And Dagger","floor":7.0},{"not_picked":["Flying Knee","Dagger Throw"],"picked":"Distraction","floor":11.0},{"not_picked":["Acrobatics","Eviscerate"],"picked":"Deadly Poison","floor":13.0},{"not_picked":["Slice","Poisoned Stab"],"picked":"Deflect","floor":14.0},{"not_picked":["Wraith Form v2","Die Die Die"],"picked":"After Image","floor":16.0},{"not_picked":["All Out Attack","Deflect+1"],"picked":"Dodge and Roll+1","floor":17},{"not_picked":["Deadly Poison+1","Bane"],"picked":"Well Laid Plans","floor":17},{"not_picked":["Distraction+1","Endless Agony"],"picked":"Blade Dance+1","floor":17},{"not_picked":["Dagger Throw","Sucker Punch+1"],"picked":"Envenom","floor":18},{"not_picked":["Acrobatics+1","Flying Knee"],"picked":"Blur+1","floor":19},{"not_picked":["Slice","Crippling Poison+1"],"picked":"Backflip+1","floor":21},{"not_picked":["Cloak And Dagger+1","Quick Slash"],"picked":"PiercingWail+1","floor":22},{"not_picked":["Phantasmal Killer+1","Choke"],"picked":"Backflip+1","floor":24},{"not_picked":["Reflex+1","Tools of the Trade"],"picked":"Footwork","floor":27},{"not_picked":["Acrobatics+1","Dagger Throw"],"picked":"Backstab","floor":29},{"not_picked":["Slice","Die Die Die"],"picked":"Cloak And Dagger+1","floor":31},{"not_picked":["Tools of the Trade","Die Die Die"],"picked":"Doppelganger+1","floor":33},{"not_picked":["Deadly Poison+1","Poisoned Stab+1"],"picked":"PiercingWail+1","floor":35},{"not_picked":["Storm of Steel+1","Slice"],"picked":"Deflect+1","floor":36},{"not_picked":["Riddle With Holes+1","Slice"],"picked":"Blade Dance+1","floor":37},{"not_picked":["Well Laid Plans","Tactician+1"],"picked":"Deadly Poison+1","floor":40},{"not_picked":["Flechettes+1","Sucker Punch"],"picked":"Acrobatics+1","floor":42},{"not_picked":["Eviscerate+1","Flying Knee"],"picked":"Blade Dance+1","floor":44},{"not_picked":["Poisoned Stab","Flying Knee"],"picked":"Bouncing Flask+1","floor":46},{"not_picked":["Malaise+1","Deflect+1"],"picked":"PiercingWail+1","floor":48}],"player_experience":712993,"relics_obtained":[{"floor":7.0,"key":"Letter Opener"},{"floor":9.0,"key":"Strawberry"},{"floor":14.0,"key":"Toxic Egg 2"},{"floor":24,"key":"Blood Vial"},{"floor":26,"key":"Bag of Preparation"},{"floor":27,"key":"Boot"},{"floor":40,"key":"Art of War"},{"floor":43,"key":"Mercury Hourglass"},{"floor":44,"key":"Ice Cream"},{"floor":48,"key":"Centennial Puzzle"}],"event_choices":[{"damage_healed":0.0,"max_hp_gain":5.0,"max_hp_loss":0.0,"gold_gain":0.0,"event_name":"Big Fish","player_choice":"Donut","floor":3.0,"gold_loss":0.0,"damage_taken":0.0},{"damage_healed":0.0,"max_hp_gain":0.0,"max_hp_loss":0.0,"gold_gain":0.0,"event_name":"The Woman in Blue","player_choice":"Bought 1 Potion","floor":5.0,"gold_loss":0.0,"damage_taken":0.0},{"damage_healed":0,"gold_gain":0,"player_choice":"Got Potions","damage_taken":0,"max_hp_gain":0,"max_hp_loss":0,"event_name":"Lab","floor":28,"gold_loss":0},{"cards_removed":["Defend_G"],"damage_healed":0,"gold_gain":0,"player_choice":"Removed Skill","damage_taken":0,"max_hp_gain":0,"max_hp_loss":0,"event_name":"Falling","floor":38,"gold_loss":0},{"damage_healed":0,"gold_gain":0,"player_choice":"Damaged","damage_taken":11,"max_hp_gain":0,"max_hp_loss":0,"event_name":"Wheel of Change","floor":39,"gold_loss":0},{"damage_healed":0,"gold_gain":0,"player_choice":"Fight","damage_taken":0,"max_hp_gain":0,"max_hp_loss":0,"event_name":"MindBloom","floor":44,"gold_loss":0}],"is_beta":false,"boss_relics":[{"not_picked":["White Beast Statue","Calling Bell"],"picked":"Orrery"},{"not_picked":["Coffee Dripper","Lizard Tail"],"picked":"Fusion Hammer"}],"items_purged_floors":[20,41],"is_endless":false,"potions_floor_spawned":[4,7,14,16,18,24,31,35,37,44,48],"ascension_level":16}