{"gold_per_floor":[111,127,143,158,176,211,211,211],"floor_reached":8,"playtime":665,"items_purged":[],"score":84,"play_id":"a6bf1007-fb29-4bb5-b456-1fc5a7fb232f","local_time":"20190302160018","is_ascension_mode":true,"campfire_choices":[{"data":"Corruption","floor":7,"key":"SMITH"}],"neow_cost":"NONE","seed_source_timestamp":53294402371066,"circlet_count":0,"master_deck":["Strike_R","Strike_R","Strike_R","Strike_R","Strike_R","Defend_R","Defend_R","Defend_R","Defend_R","Bash","Pummel","Anger","Corruption+1","Heavy Blade","Intimidate","Body Slam","Whirlwind"],"relics":["Burning Blood","Bag of Preparation"],"potions_floor_usage":[4,6,6],"damage_taken":[{"damage":11,"enemies":"Jaw Worm","floor":1,"turns":4},{"damage":5,"enemies":"Small Slimes","floor":2,"turns":4},{"damage":1,"enemies":"2 Louse","floor":3,"turns":3},{"damage":7,"enemies":"Looter","floor":4,"turns":4},{"damage":17,"enemies":"Lots of Slimes","floor":5,"turns":6},{"damage":8,"enemies":"Gremlin Nob","floor":6,"turns":3},{"damage":61,"enemies":"Lagavulin","floor":8,"turns":6}],"seed_played":"1168084784105477987","potions_obtained":[{"floor":2,"key":"Explosive Potion"},{"floor":4,"key":"Swift Potion"},{"floor":5,"key":"Poison Potion"}],"is_trial":false,"path_per_floor":["M","M","M","M","M","E","R","E"],"character_chosen":"IRONCLAD","items_purchased":[],"campfire_rested":0,"item_purchase_floors":[],"current_hp_per_floor":[67,68,73,72,61,59,59,0],"gold":211,"neow_bonus":"THREE_CARDS","is_prod":false,"is_daily":false,"chose_seed":false,"campfire_upgraded":1,"win_rate":0,"timestamp":1551502818,"path_taken":["M","M","M","M","M","E","R","E"],"build_version":"2019-01-23","purchased_purges":0,"victory":false,"max_hp_per_floor":[80,80,80,80,80,80,80,80],"card_choices":[{"not_picked":["True Grit","Burning Pact"],"picked":"Pummel","floor":0},{"not_picked":["Warcry","Clothesline"],"picked":"Anger","floor":1},{"not_picked":["Burning Pact","Pommel Strike"],"picked":"Corruption","floor":2},{"not_picked":["Metallicize","Iron Wave"],"picked":"Heavy Blade","floor":3},{"not_picked":["Infernal Blade","Clothesline"],"picked":"Intimidate","floor":4},{"not_picked":["Pommel Strike","Berserk"],"picked":"Body Slam","floor":5},{"not_picked":["Uppercut","Havoc"],"picked":"Whirlwind","floor":6}],"player_experience":814192,"relics_obtained":[{"floor":6,"key":"Bag of Preparation"}],"event_choices":[],"is_beta":false,"boss_relics":[],"items_purged_floors":[],"is_endless":false,"potions_floor_spawned":[2,4,5],"killed_by":"Lagavulin","ascension_level":8}