{"gold_per_floor":[112,126,126,143,161,161,192,192,192,52,227,260,260,271,271,369,369,381,394,25,25,36,36,68,68,94,113,113,113,124,124,124,124],"floor_reached":33,"playtime":3057,"items_purged":["Strike_R","Strike_R"],"score":426,"play_id":"056fffd7-a714-4752-83ec-1354ec450da7","local_time":"20190316155252","is_ascension_mode":true,"campfire_choices":[{"data":"Iron Wave","floor":6.0,"key":"SMITH"},{"data":"Offering","floor":8.0,"key":"SMITH"},{"floor":13.0,"key":"REST"},{"floor":15.0,"key":"REST"},{"data":"Heavy Blade","floor":23.0,"key":"SMITH"},{"data":"Spot Weakness","floor":25.0,"key":"SMITH"},{"data":"Immolate","floor":28.0,"key":"SMITH"},{"data":"Limit Break","floor":32.0,"key":"SMITH"}],"neow_cost":"NONE","seed_source_timestamp":222167570594981,"circlet_count":0,"master_deck":["AscendersBane","Strike_R","Strike_R+1","Strike_R","Defend_R","Defend_R","Defend_R","Defend_R","Bash","Cleave","Rupture+1","Heavy Blade","Iron Wave+1","Offering+1","Combust","Flex","Doubt","Carnage","Heavy Blade+1","Immolate+1","Sword Boomerang","Pommel Strike+1","Anger+1","Power Through","Spot Weakness+1","Twin Strike","Limit Break+1"],"special_seed":0,"relics":["Black Blood","Red Skull","Smiling Mask","Ancient Tea Set","Paper Frog","Mango","MutagenicStrength","Juzu Bracelet","Whetstone","Bottled Tornado"],"potions_floor_usage":[33],"damage_taken":[{"damage":7.0,"enemies":"Jaw Worm","floor":1.0,"turns":3.0},{"damage":1.0,"enemies":"Cultist","floor":2.0,"turns":4.0},{"damage":8.0,"enemies":"Small Slimes","floor":4.0,"turns":5.0},{"damage":20.0,"enemies":"3 Louse","floor":5.0,"turns":3.0},{"damage":25.0,"enemies":"Gremlin Nob","floor":7.0,"turns":4.0},{"damage":28.0,"enemies":"Lagavulin","floor":12.0,"turns":3.0},{"damage":6.0,"enemies":"Large Slime","floor":14.0,"turns":2.0},{"damage":60.0,"enemies":"Hexaghost","floor":16.0,"turns":7.0},{"damage":24.0,"enemies":"2 Thieves","floor":18.0,"turns":3.0},{"damage":15.0,"enemies":"Shell Parasite","floor":19.0,"turns":3.0},{"damage":8.0,"enemies":"3 Cultists","floor":22.0,"turns":3.0},{"damage":47.0,"enemies":"Slavers","floor":24.0,"turns":5.0},{"damage":1.0,"enemies":"Snake Plant","floor":27.0,"turns":2.0},{"damage":26.0,"enemies":"Cultist and Chosen","floor":30.0,"turns":4.0},{"damage":63,"enemies":"Collector","floor":33,"turns":3}],"seed_played":"-1924557479657495759","potions_obtained":[{"floor":4.0,"key":"Fire Potion"},{"floor":5.0,"key":"SneckoOil"},{"floor":14.0,"key":"Weak Potion"},{"floor":16.0,"key":"SteroidPotion"},{"floor":18.0,"key":"BloodPotion"},{"floor":19.0,"key":"Swift Potion"},{"floor":24.0,"key":"Strength Potion"}],"is_trial":false,"path_per_floor":["M","M","?","M","M","R","E","R","T","$","?","E","R","M","R","B",null,"M","M","$","?","M","R","E","R","T","M","R","?","M","T","R","B"],"character_chosen":"IRONCLAD","items_purchased":["Combust","Flex","Anger","Mango"],"campfire_rested":2,"item_purchase_floors":[10,10,20,20],"current_hp_per_floor":[71,76,76,74,60,60,41,41,41,41,41,19,43,43,67,13,63,49,52,66,66,68,68,31,31,31,40,40,71,55,55,55,0],"gold":124,"neow_bonus":"RANDOM_COMMON_RELIC","is_prod":false,"is_daily":false,"chose_seed":false,"campfire_upgraded":6,"win_rate":0,"timestamp":1552711972,"path_taken":["M","M","?","M","M","R","E","R","T","?","?","E","R","M","R","BOSS","M","M","$","?","M","R","E","R","T","M","R","?","M","?","R","BOSS"],"build_version":"2019-01-23","purchased_purges":2,"victory":false,"max_hp_per_floor":[80,80,80,80,80,80,80,80,80,80,80,80,80,80,80,80,80,80,80,94,94,94,94,94,94,94,94,94,94,94,94,94,94],"card_choices":[{"not_picked":["Thunderclap","Searing Blow"],"picked":"Cleave","floor":1.0},{"not_picked":["Anger","Evolve"],"picked":"Rupture","floor":2.0},{"not_picked":["Sword Boomerang","Iron Wave"],"picked":"Heavy Blade","floor":4.0},{"not_picked":["Shrug It Off","Headbutt"],"picked":"Iron Wave","floor":5.0},{"not_picked":["Pummel","Shockwave"],"picked":"Offering","floor":7.0},{"not_picked":["Havoc","Second Wind"],"picked":"Carnage","floor":12.0},{"not_picked":["Body Slam","Clothesline"],"picked":"Heavy Blade","floor":14.0},{"not_picked":["Feed","Demon Form"],"picked":"Immolate","floor":16.0},{"not_picked":["Searing Blow","Twin Strike"],"picked":"Sword Boomerang","floor":18.0},{"not_picked":["Warcry","Headbutt"],"picked":"Pommel Strike+1","floor":19.0},{"not_picked":["Metallicize+1","Heavy Blade"],"picked":"Power Through","floor":22.0},{"not_picked":["Perfected Strike+1","Wild Strike+1"],"picked":"Spot Weakness","floor":24.0},{"not_picked":["Thunderclap+1","Dropkick"],"picked":"Twin Strike","floor":27.0},{"not_picked":["Armaments","Cleave"],"picked":"Limit Break","floor":30.0}],"player_experience":946553,"relics_obtained":[{"floor":7.0,"key":"Smiling Mask"},{"floor":9.0,"key":"Ancient Tea Set"},{"floor":12.0,"key":"Paper Frog"},{"floor":24.0,"key":"Juzu Bracelet"},{"floor":26.0,"key":"Whetstone"},{"floor":31.0,"key":"Bottled Tornado"}],"event_choices":[{"damage_healed":0.0,"max_hp_gain":0.0,"max_hp_loss":0.0,"gold_gain":0.0,"event_name":"Upgrade Shrine","player_choice":"Upgraded","floor":3.0,"gold_loss":0.0,"damage_taken":0.0,"cards_upgraded":["Rupture"]},{"damage_healed":0.0,"max_hp_gain":0.0,"max_hp_loss":0.0,"gold_gain":175.0,"event_name":"Liars Game","player_choice":"AGREE","floor":11.0,"gold_loss":0.0,"damage_taken":0.0,"cards_obtained":["Doubt"]},{"damage_healed":0.0,"max_hp_gain":0.0,"max_hp_loss":0.0,"gold_gain":0.0,"event_name":"Drug Dealer","player_choice":"Inject Mutagens","floor":21.0,"gold_loss":0.0,"damage_taken":0.0,"relics_obtained":["MutagenicStrength"]},{"damage_healed":31.0,"max_hp_gain":0.0,"max_hp_loss":0.0,"gold_gain":0.0,"event_name":"The Library","player_choice":"Heal","floor":29.0,"gold_loss":0.0,"damage_taken":0.0}],"is_beta":false,"boss_relics":[{"not_picked":["Runic Pyramid","Orrery"],"picked":"Black Blood"}],"items_purged_floors":[10,20],"is_endless":false,"potions_floor_spawned":[4,5,14,16,18,19,24],"killed_by":"Collector","ascension_level":11}