{"gold_per_floor":[111,126,145,125,137,137,168,178,178,178,197,22,22,22,22,96,96,108,128,128,128,128,128,145,177,177,177,177,177,177],"floor_reached":30,"playtime":950,"items_purged":["Strike_R"],"score":459,"play_id":"b3da4443-acdf-43ac-ad1d-5fe34df825ac","local_time":"20190528110501","is_ascension_mode":true,"campfire_choices":[{"data":"Armaments","floor":6.0,"key":"SMITH"},{"floor":10.0,"key":"REST"},{"data":"Armaments","floor":13.0,"key":"SMITH"},{"data":"Pommel Strike","floor":15.0,"key":"SMITH"},{"data":"Pommel Strike","floor":23.0,"key":"SMITH"},{"data":"Body Slam","floor":27,"key":"SMITH"},{"data":"Demon Form","floor":29,"key":"SMITH"}],"neow_cost":"NONE","seed_source_timestamp":902509495834442,"circlet_count":0,"master_deck":["AscendersBane","Strike_R","Strike_R","Strike_R","Strike_R","Defend_R","Defend_R","Defend_R","Defend_R","Bash","Anger","Metallicize","Armaments+1","Inflame","Intimidate","Clothesline","Pommel Strike+1","Armaments+1","Demon Form+1","Pommel Strike+1","Shrug It Off","Necronomicurse","Body Slam+1","Metallicize"],"special_seed":0,"relics":["Philosopher\u0027s Stone","Ornamental Fan","Kunai","Sozu","Necronomicon","Potion Belt","Dream Catcher","Toxic Egg 2"],"potions_floor_usage":[25,25],"damage_taken":[{"damage":2.0,"enemies":"Cultist","floor":1.0,"turns":3.0},{"damage":4.0,"enemies":"2 Louse","floor":2.0,"turns":3.0},{"damage":13.0,"enemies":"Jaw Worm","floor":3.0,"turns":2.0},{"damage":10.0,"enemies":"2 Fungi Beasts","floor":5.0,"turns":4.0},{"damage":24.0,"enemies":"3 Sentries","floor":7.0,"turns":9.0},{"damage":5.0,"enemies":"Blue Slaver","floor":8.0,"turns":4.0},{"damage":4.0,"enemies":"Looter","floor":11.0,"turns":3.0},{"damage":13.0,"enemies":"Hexaghost","floor":16.0,"turns":9.0},{"damage":24.0,"enemies":"Shell Parasite","floor":18.0,"turns":6.0},{"damage":0.0,"enemies":"Chosen","floor":19.0,"turns":5.0},{"damage":3.0,"enemies":"Snake Plant","floor":24.0,"turns":5.0},{"damage":16,"enemies":"Book of Stabbing","floor":25,"turns":5},{"damage":35,"enemies":"Slavers","floor":30,"turns":2}],"seed_played":"2322775993869647419","potions_obtained":[{"floor":3.0,"key":"EssenceOfSteel"},{"floor":4.0,"key":"EssenceOfSteel"},{"floor":5.0,"key":"Regen Potion"}],"is_trial":false,"path_per_floor":["M","M","M","?","M","R","E","M","T","R","M","$","R","?","R","B",null,"M","M","?","?","?","R","M","E","T","R","T","R","E"],"character_chosen":"IRONCLAD","items_purchased":["Pommel Strike","Armaments"],"campfire_rested":1,"item_purchase_floors":[12,12],"current_hp_per_floor":[66,62,49,49,39,39,15,10,10,32,28,28,28,33,33,20,65,41,41,20,20,36,36,33,31,31,31,31,31,0],"gold":177,"neow_bonus":"BOSS_RELIC","is_prod":false,"is_daily":false,"chose_seed":false,"campfire_upgraded":6,"win_rate":0,"timestamp":1559063101,"path_taken":["M","?","M","?","M","R","E","?","T","R","M","$","R","?","R","BOSS","M","M","?","?","?","R","M","E","T","R","?","R","E"],"build_version":"2019-01-23","purchased_purges":1,"victory":false,"max_hp_per_floor":[75,75,75,75,75,75,75,75,75,75,75,75,75,80,80,80,80,80,80,80,80,80,80,80,80,80,80,80,80,80],"card_choices":[{"not_picked":["Pommel Strike","Evolve"],"picked":"Anger","floor":1.0},{"not_picked":["Thunderclap","Heavy Blade"],"picked":"Metallicize","floor":2.0},{"not_picked":["Warcry","True Grit"],"picked":"Armaments","floor":3.0},{"not_picked":["Reckless Charge","Armaments"],"picked":"Inflame","floor":5.0},{"not_picked":["Berserk","Anger"],"picked":"Intimidate","floor":7.0},{"not_picked":["Pummel","Combust"],"picked":"Clothesline","floor":8.0},{"not_picked":["Havoc","Sever Soul","Heavy Blade"],"picked":"SKIP","floor":11.0},{"not_picked":["Brutality","Dark Embrace"],"picked":"Demon Form","floor":16.0},{"not_picked":["Anger","Iron Wave"],"picked":"Pommel Strike","floor":18.0},{"not_picked":["Blood for Blood","Searing Blow"],"picked":"Shrug It Off","floor":19.0},{"not_picked":["Seeing Red","Body Slam","Infernal Blade"],"picked":"SKIP","floor":24.0},{"not_picked":["Seeing Red","Infernal Blade"],"picked":"Body Slam","floor":24.0},{"not_picked":["True Grit","Rampage"],"picked":"Metallicize","floor":25}],"player_experience":919345,"relics_obtained":[{"floor":7.0,"key":"Ornamental Fan"},{"floor":9.0,"key":"Kunai"},{"floor":20.0,"key":"Necronomicon"},{"floor":25,"key":"Potion Belt"},{"floor":26,"key":"Dream Catcher"},{"floor":28,"key":"Toxic Egg 2"}],"event_choices":[{"damage_healed":0.0,"max_hp_gain":0.0,"max_hp_loss":0.0,"gold_gain":0.0,"event_name":"The Woman in Blue","player_choice":"Bought 1 Potion","floor":4.0,"gold_loss":0.0,"damage_taken":0.0},{"damage_healed":0.0,"max_hp_gain":5.0,"max_hp_loss":0.0,"gold_gain":0.0,"event_name":"Big Fish","player_choice":"Donut","floor":14.0,"gold_loss":0.0,"damage_taken":0.0},{"damage_healed":0.0,"max_hp_gain":0.0,"max_hp_loss":0.0,"gold_gain":0.0,"event_name":"Cursed Tome","player_choice":"Obtained Book","floor":20.0,"gold_loss":0.0,"damage_taken":21.0},{"damage_healed":0.0,"max_hp_gain":0.0,"max_hp_loss":0.0,"gold_gain":0.0,"event_name":"Vampires","player_choice":"Ignored","floor":21.0,"gold_loss":0.0,"damage_taken":0.0},{"damage_healed":16.0,"max_hp_gain":0.0,"max_hp_loss":0.0,"gold_gain":0.0,"event_name":"The Library","player_choice":"Heal","floor":22.0,"gold_loss":0.0,"damage_taken":0.0}],"is_beta":false,"boss_relics":[{"not_picked":["Runic Pyramid","Astrolabe"],"picked":"Sozu"}],"items_purged_floors":[12],"is_endless":false,"potions_floor_spawned":[3,5,8,25],"killed_by":"Slavers","ascension_level":17}