{"gold_per_floor":[116,40,40,54,54,93,93,132,212,243,243,243,50,120,120,120],"floor_reached":16,"playtime":576,"items_purged":["Strike_G"],"score":232,"play_id":"b17d9e4f-2381-440b-ad57-6ef212f96236","local_time":"20190529224541","is_ascension_mode":true,"campfire_choices":[{"floor":7,"key":"REST"},{"floor":12,"key":"REST"},{"floor":15,"key":"REST"}],"neow_cost":"NONE","seed_source_timestamp":12466211591808,"circlet_count":0,"master_deck":["AscendersBane","Defend_G","Defend_G","Defend_G","Defend_G","Defend_G","Strike_G","Strike_G","Strike_G","Survivor","Neutralize","Cloak And Dagger","Noxious Fumes","Cloak And Dagger","Backflip","Well Laid Plans","Catalyst","Bane"],"relics":["Ring of the Snake","NeowsBlessing","Golden Idol","Pen Nib","Juzu Bracelet","Bottled Lightning","Odd Mushroom","Sundial","Matryoshka"],"potions_floor_usage":[8,8,8,8,16],"damage_taken":[{"damage":0,"enemies":"Cultist","floor":1,"turns":1},{"damage":0,"enemies":"2 Louse","floor":4,"turns":1},{"damage":0,"enemies":"Gremlin Nob","floor":6,"turns":1},{"damage":15,"enemies":"Lagavulin","floor":8,"turns":8},{"damage":23,"enemies":"The Mushroom Lair","floor":10,"turns":5},{"damage":27,"enemies":"Lagavulin Event","floor":14,"turns":9},{"damage":24,"enemies":"Hexaghost","floor":16,"turns":11}],"seed_played":"-5157321828843345056","potions_obtained":[{"floor":1,"key":"Swift Potion"},{"floor":6,"key":"EntropicBrew"},{"floor":14,"key":"LiquidBronze"}],"is_trial":false,"path_per_floor":["M","$","?","M","?","E","R","E","T","?","?","R","$","?","R","B"],"character_chosen":"THE_SILENT","items_purchased":["Noxious Fumes","Well Laid Plans","Catalyst"],"campfire_rested":3,"item_purchase_floors":[2,13,13],"current_hp_per_floor":[59,59,52,52,29,29,48,33,33,10,10,29,29,2,21,0],"gold":120,"neow_bonus":"THREE_ENEMY_KILL","is_prod":false,"is_daily":false,"chose_seed":false,"campfire_upgraded":0,"win_rate":0,"timestamp":1559162741,"path_taken":["M","$","?","M","?","E","R","E","T","?","?","R","?","?","R","BOSS"],"build_version":"2019-01-23","purchased_purges":1,"victory":false,"max_hp_per_floor":[66,66,66,66,66,66,66,66,66,66,66,66,66,66,66,66],"card_choices":[{"not_picked":["Expertise","Underhanded Strike"],"picked":"Cloak And Dagger","floor":1},{"not_picked":["Riddle With Holes","Sucker Punch","Slice"],"picked":"SKIP","floor":4},{"not_picked":["Distraction","Terror","Tactician"],"picked":"SKIP","floor":6},{"not_picked":["Acrobatics","Slice"],"picked":"Cloak And Dagger","floor":8},{"not_picked":["Setup","Underhanded Strike"],"picked":"Backflip","floor":10},{"not_picked":["Flying Knee","Slice"],"picked":"Bane","floor":14}],"player_experience":706628,"relics_obtained":[{"floor":6,"key":"Pen Nib"},{"floor":8,"key":"Juzu Bracelet"},{"floor":9,"key":"Bottled Lightning"},{"floor":10,"key":"Odd Mushroom"},{"floor":11,"key":"Sundial"},{"floor":14,"key":"Matryoshka"}],"event_choices":[{"cards_removed":["Strike_G"],"damage_healed":0,"gold_gain":0,"player_choice":"Card Removal","damage_taken":7,"max_hp_gain":0,"max_hp_loss":0,"event_name":"Golden Wing","floor":3,"gold_loss":0},{"damage_healed":0,"gold_gain":0,"player_choice":"Take Damage","damage_taken":23,"relics_obtained":["Golden Idol"],"max_hp_gain":0,"max_hp_loss":0,"event_name":"Golden Idol","floor":5,"gold_loss":0},{"damage_healed":0,"gold_gain":0,"player_choice":"Fought Mushrooms","damage_taken":0,"max_hp_gain":0,"max_hp_loss":0,"event_name":"Mushrooms","floor":10,"gold_loss":0},{"damage_healed":0,"gold_gain":0,"player_choice":"Relic","damage_taken":0,"max_hp_gain":0,"max_hp_loss":0,"event_name":"Wheel of Change","floor":11,"gold_loss":0},{"damage_healed":0,"gold_gain":0,"player_choice":"Searched \u00271\u0027 times","damage_taken":0,"max_hp_gain":0,"max_hp_loss":0,"event_name":"Dead Adventurer","floor":14,"gold_loss":0}],"is_beta":false,"boss_relics":[],"items_purged_floors":[13],"is_endless":false,"potions_floor_spawned":[1,6,14],"killed_by":"Hexaghost","ascension_level":16}