{"gold_per_floor":[112,112,124,143,158,158,191,191,191,57,57,72,37,90,90,168,168,181,181,196,196,121,121],"floor_reached":23,"playtime":751,"items_purged":["Decay"],"score":350,"play_id":"c8e01de8-31a5-4179-b97a-1b46972406ed","local_time":"20190613112800","is_ascension_mode":true,"campfire_choices":[{"data":"Glacier","floor":6,"key":"SMITH"},{"data":"Hologram","floor":8,"key":"SMITH"},{"data":"Defragment","floor":11,"key":"SMITH"},{"data":"Beam Cell","floor":15,"key":"SMITH"}],"neow_cost":"NONE","seed_source_timestamp":90989605538867,"circlet_count":0,"master_deck":["AscendersBane","Strike_B","Strike_B","Defend_B","Defend_B","Defend_B","Zap","Dualcast","Rip and Tear","Glacier+1","Beam Cell+1","Hologram+1","Sunder","Defragment+1","Conserve Battery","Conserve Battery","Meteor Strike","Gash+1","Hello World+1","Auto Shields+1","Rebound+1","Necronomicurse","Consume"],"relics":["Coffee Dripper","Sundial","Incense Burner","Regal Pillow","Astrolabe","Necronomicon"],"potions_floor_usage":[7,20,23],"damage_taken":[{"damage":10,"enemies":"2 Louse","floor":1,"turns":3},{"damage":9,"enemies":"Small Slimes","floor":3,"turns":3},{"damage":7,"enemies":"Jaw Worm","floor":4,"turns":3},{"damage":6,"enemies":"Blue Slaver","floor":5,"turns":3},{"damage":20,"enemies":"Gremlin Nob","floor":7,"turns":4},{"damage":14,"enemies":"3 Louse","floor":12,"turns":4},{"damage":9,"enemies":"Hexaghost","floor":16,"turns":11},{"damage":6,"enemies":"2 Thieves","floor":18,"turns":4},{"damage":21,"enemies":"3 Byrds","floor":20,"turns":3},{"damage":28,"enemies":"Slavers","floor":23,"turns":3}],"seed_played":"2928855190027304587","potions_obtained":[{"floor":1,"key":"AttackPotion"},{"floor":16,"key":"PowerPotion"},{"floor":20,"key":"Regen Potion"}],"is_trial":false,"path_per_floor":["M","?","M","M","M","R","E","R","T","$","R","M","?","T","R","B",null,"M","?","M","?","$","E"],"character_chosen":"DEFECT","items_purchased":["Defragment","Conserve Battery"],"campfire_rested":0,"item_purchase_floors":[10,10],"current_hp_per_floor":[54,59,50,43,37,37,17,17,17,17,17,3,22,22,22,13,60,54,33,12,12,12,0],"gold":121,"neow_bonus":"BOSS_RELIC","is_prod":false,"is_daily":false,"chose_seed":false,"campfire_upgraded":4,"win_rate":0,"timestamp":1560446880,"path_taken":["M","?","M","M","M","R","E","R","T","$","R","M","?","?","R","BOSS","M","?","M","?","$","E"],"build_version":"2019-01-23","purchased_purges":1,"victory":false,"max_hp_per_floor":[71,76,76,76,76,76,76,76,76,76,76,76,76,76,76,76,76,76,76,76,76,76,76],"card_choices":[{"not_picked":["Chill","Redo"],"picked":"Rip and Tear","floor":1},{"not_picked":["Auto Shields","Lockon"],"picked":"Glacier","floor":3},{"not_picked":["Sweeping Beam","Stack"],"picked":"Beam Cell","floor":4},{"not_picked":["Darkness","Turbo"],"picked":"Hologram","floor":5},{"not_picked":["Recycle","Auto Shields"],"picked":"Sunder","floor":7},{"not_picked":["Hologram","Consume"],"picked":"Conserve Battery","floor":12},{"not_picked":["Electrodynamics","Multi-Cast"],"picked":"Meteor Strike","floor":16},{"not_picked":["Conserve Battery","FTL"],"picked":"Rebound+1","floor":18},{"not_picked":["Aggregate","Redo"],"picked":"Consume","floor":20}],"player_experience":948545,"relics_obtained":[{"floor":7,"key":"Sundial"},{"floor":9,"key":"Incense Burner"},{"floor":14,"key":"Regal Pillow"},{"floor":19,"key":"Necronomicon"}],"event_choices":[{"damage_healed":0,"gold_gain":0,"player_choice":"Donut","damage_taken":0,"max_hp_gain":5,"max_hp_loss":0,"event_name":"Big Fish","floor":2,"gold_loss":0},{"damage_healed":19,"gold_gain":0,"player_choice":"Healed","damage_taken":0,"max_hp_gain":0,"max_hp_loss":0,"event_name":"The Cleric","floor":13,"gold_loss":35},{"damage_healed":0,"gold_gain":0,"player_choice":"Obtained Book","damage_taken":21,"max_hp_gain":0,"max_hp_loss":0,"event_name":"Cursed Tome","floor":19,"gold_loss":0},{"damage_healed":0,"gold_gain":0,"player_choice":"Smashed Altar","damage_taken":0,"max_hp_gain":0,"max_hp_loss":0,"event_name":"Forgotten Altar","floor":21,"gold_loss":0,"cards_obtained":["Decay"]}],"is_beta":false,"boss_relics":[{"not_picked":["Orrery","Calling Bell"],"picked":"Astrolabe"}],"items_purged_floors":[22],"is_endless":false,"potions_floor_spawned":[1,16,20],"killed_by":"Slavers","ascension_level":17}