{"gold_per_floor":[118,134,134,134,16,16,34,66,66,81,81,100,100,128,128,202,202,182,182,2,20,33,33,47,47,72,72,101,118,46,46],"floor_reached":31,"playtime":1559,"items_purged":["Strike_G","Strike_G"],"score":503,"play_id":"893f723e-4a72-47b7-9522-f1d5e9e038dd","local_time":"20190614142209","is_ascension_mode":true,"campfire_choices":[{"data":"Noxious Fumes","floor":6.0,"key":"SMITH"},{"floor":11.0,"key":"REST"},{"data":"Neutralize","floor":15.0,"key":"SMITH"},{"floor":23.0,"key":"REST"},{"data":"Wraith Form v2","floor":25.0,"key":"SMITH"}],"neow_cost":"NONE","seed_source_timestamp":4225282030778,"circlet_count":0,"master_deck":["AscendersBane","Defend_G","Defend_G","Defend_G","Defend_G","Defend_G","Strike_G","Strike_G","Survivor","Neutralize+1","Deadly Poison","Noxious Fumes+1","Blur","Backflip","Dagger Throw","Calculated Gamble","Wraith Form v2+1","PiercingWail","Footwork","Backflip","Concentrate+1","Dash"],"special_seed":0,"relics":["Ring of the Snake","NeowsBlessing","Pantograph","Spirit Poop","FossilizedHelix","Bottled Flame","Regal Pillow","Runic Pyramid","Centennial Puzzle","Toxic Egg 2","Pocketwatch"],"potions_floor_usage":[],"damage_taken":[{"damage":0.0,"enemies":"Small Slimes","floor":1.0,"turns":1.0},{"damage":0.0,"enemies":"Cultist","floor":2.0,"turns":1.0},{"damage":0.0,"enemies":"Jaw Worm","floor":7.0,"turns":1.0},{"damage":40.0,"enemies":"3 Sentries","floor":8.0,"turns":10.0},{"damage":0.0,"enemies":"Large Slime","floor":10.0,"turns":7.0},{"damage":0.0,"enemies":"Red Slaver","floor":12.0,"turns":5.0},{"damage":9.0,"enemies":"Lagavulin","floor":14.0,"turns":8.0},{"damage":5.0,"enemies":"Hexaghost","floor":16.0,"turns":10.0},{"damage":17.0,"enemies":"2 Thieves","floor":18.0,"turns":4.0},{"damage":0.0,"enemies":"Chosen","floor":21.0,"turns":7.0},{"damage":19.0,"enemies":"Shelled Parasite and Fungi","floor":22.0,"turns":8.0},{"damage":0.0,"enemies":"Snecko","floor":24.0,"turns":7.0},{"damage":30.0,"enemies":"Book of Stabbing","floor":28.0,"turns":9.0},{"damage":0,"enemies":"Centurion and Healer","floor":29,"turns":10},{"damage":21,"enemies":"3 Cultists","floor":31,"turns":4}],"seed_played":"-2393455807177428517","potions_obtained":[{"floor":1.0,"key":"Block Potion"},{"floor":8.0,"key":"Swift Potion"},{"floor":10.0,"key":"Energy Potion"},{"floor":22.0,"key":"Dexterity Potion"},{"floor":28.0,"key":"SteroidPotion"}],"is_trial":false,"path_per_floor":["M","M","?","?","$","R","M","E","T","M","R","M","?","E","R","B",null,"M","?","$","M","M","R","M","R","T","?","E","M","?","M"],"character_chosen":"THE_SILENT","items_purchased":["Noxious Fumes","Footwork"],"campfire_rested":2,"item_purchase_floors":[5,20],"current_hp_per_floor":[59,59,59,59,59,59,59,19,19,19,38,38,31,22,22,42,60,43,34,34,34,15,49,49,49,49,49,19,19,19,0],"gold":46,"neow_bonus":"THREE_ENEMY_KILL","is_prod":false,"is_daily":false,"chose_seed":false,"campfire_upgraded":3,"win_rate":0,"timestamp":1560514929,"path_taken":["M","M","?","?","$","R","?","E","T","M","R","M","?","E","R","BOSS","M","?","$","?","M","R","M","R","T","?","E","M","?","?"],"build_version":"2019-01-23","purchased_purges":2,"victory":false,"max_hp_per_floor":[66,66,66,66,66,66,66,66,66,66,66,66,66,66,66,66,66,66,66,66,66,66,66,66,66,66,66,66,66,66,66],"card_choices":[{"not_picked":["Accuracy","Backflip"],"picked":"Deadly Poison","floor":1.0},{"not_picked":["Underhanded Strike","Flechettes","Concentrate"],"picked":"SKIP","floor":2.0},{"not_picked":["Bouncing Flask","Blade Dance","Underhanded Strike"],"picked":"SKIP","floor":7.0},{"not_picked":["Setup","Dodge and Roll"],"picked":"Blur","floor":8.0},{"not_picked":["Underhanded Strike","Sucker Punch"],"picked":"Backflip","floor":10.0},{"not_picked":["Slice","Distraction"],"picked":"Dagger Throw","floor":12.0},{"not_picked":["Terror","Setup"],"picked":"Calculated Gamble","floor":14.0},{"not_picked":["Bullet Time","Venomology"],"picked":"Wraith Form v2","floor":16.0},{"not_picked":["Dagger Throw","Deflect"],"picked":"PiercingWail","floor":18.0},{"not_picked":["Cloak And Dagger","Masterful Stab","Slice"],"picked":"SKIP","floor":21.0},{"not_picked":["Acrobatics","Cloak And Dagger"],"picked":"Backflip","floor":22.0},{"not_picked":["Prepared","Backstab"],"picked":"Concentrate+1","floor":24.0},{"not_picked":["Heel Hook","Sucker Punch","Infinite Blades"],"picked":"SKIP","floor":28.0},{"not_picked":["Blade Dance+1","Sucker Punch"],"picked":"Dash","floor":29}],"player_experience":766782,"relics_obtained":[{"floor":8.0,"key":"FossilizedHelix"},{"floor":9.0,"key":"Bottled Flame"},{"floor":14.0,"key":"Regal Pillow"},{"floor":26.0,"key":"Centennial Puzzle"},{"floor":28.0,"key":"Toxic Egg 2"}],"event_choices":[{"damage_healed":0.0,"max_hp_gain":0.0,"max_hp_loss":0.0,"gold_gain":0.0,"event_name":"Big Fish","player_choice":"Box","floor":3.0,"gold_loss":0.0,"damage_taken":0.0,"relics_obtained":["Pantograph"],"cards_obtained":["Regret"]},{"cards_removed":["Regret"],"damage_healed":0.0,"max_hp_gain":0.0,"max_hp_loss":0.0,"gold_gain":0.0,"event_name":"Bonfire Elementals","player_choice":"Offered Curse","floor":4.0,"gold_loss":0.0,"damage_taken":0.0,"relics_obtained":["Spirit Poop"]},{"cards_removed":["Strike_G"],"damage_healed":0.0,"max_hp_gain":0.0,"max_hp_loss":0.0,"gold_gain":0.0,"event_name":"Golden Wing","player_choice":"Card Removal","floor":13.0,"gold_loss":0.0,"damage_taken":7.0},{"damage_healed":0.0,"max_hp_gain":0.0,"max_hp_loss":0.0,"gold_gain":0.0,"event_name":"Wheel of Change","player_choice":"Damaged","floor":19.0,"gold_loss":0.0,"damage_taken":9.0},{"damage_healed":0.0,"max_hp_gain":0.0,"max_hp_loss":0.0,"gold_gain":0.0,"event_name":"Beggar","player_choice":"Ignored","floor":27.0,"gold_loss":0.0,"damage_taken":0.0},{"damage_healed":0,"gold_gain":0,"player_choice":"Paid Gold","damage_taken":0,"relics_obtained":["Pocketwatch"],"max_hp_gain":0,"max_hp_loss":0,"event_name":"WeMeetAgain","floor":30,"gold_loss":72}],"is_beta":false,"boss_relics":[{"not_picked":["Orrery","WristBlade"],"picked":"Runic Pyramid"}],"items_purged_floors":[5,20],"is_endless":false,"potions_floor_spawned":[1,8,10,12,22,28],"killed_by":"3 Cultists","ascension_level":18}