{"gold_per_floor":[110,110,110,122,140,175,175,209,209,226,226],"floor_reached":11,"playtime":2847,"items_purged":[],"score":133,"play_id":"157ba135-5913-4254-8a33-69f8957fc724","local_time":"20190321094526","is_ascension_mode":true,"campfire_choices":[{"data":"Inflame","floor":7,"key":"SMITH"}],"neow_cost":"NONE","seed_source_timestamp":129386197709524,"circlet_count":0,"master_deck":["AscendersBane","Strike_R","Strike_R","Strike_R","Strike_R","Strike_R","Defend_R","Defend_R","Defend_R","Defend_R","Bash","Offering","Metallicize+1","Regret","Inflame","Inflame","Inflame+1","Spot Weakness","Infernal Blade"],"relics":["Burning Blood","Happy Flower","Incense Burner","Question Card","The Courier"],"potions_floor_usage":[8,11],"damage_taken":[{"damage":4,"enemies":"Small Slimes","floor":1,"turns":4},{"damage":8,"enemies":"2 Louse","floor":4,"turns":3},{"damage":4,"enemies":"Jaw Worm","floor":5,"turns":3},{"damage":31,"enemies":"Lagavulin","floor":6,"turns":8},{"damage":26,"enemies":"Gremlin Nob","floor":8,"turns":4},{"damage":10,"enemies":"Red Slaver","floor":10,"turns":3},{"damage":26,"enemies":"3 Sentries","floor":11,"turns":3}],"seed_played":"6719127649125435827","potions_obtained":[{"floor":5,"key":"Block Potion"},{"floor":10,"key":"LiquidBronze"}],"is_trial":false,"path_per_floor":["M","?","?","M","M","E","R","E","T","M","E"],"character_chosen":"IRONCLAD","items_purchased":[],"campfire_rested":0,"item_purchase_floors":[],"current_hp_per_floor":[74,74,74,72,74,49,49,29,29,25,0],"gold":226,"neow_bonus":"ONE_RANDOM_RARE_CARD","is_prod":false,"is_daily":false,"chose_seed":false,"campfire_upgraded":1,"win_rate":0,"timestamp":1553121926,"path_taken":["M","?","?","?","M","E","R","E","T","M","E"],"build_version":"2019-01-23","purchased_purges":0,"victory":false,"max_hp_per_floor":[80,80,80,80,80,80,80,80,80,80,80],"card_choices":[{"not_picked":["Sword Boomerang","Thunderclap"],"picked":"Metallicize","floor":1},{"not_picked":["Shrug It Off","Second Wind"],"picked":"Inflame","floor":4},{"not_picked":["Blood for Blood","Iron Wave"],"picked":"Inflame","floor":5},{"not_picked":["Thunderclap","Rage"],"picked":"Inflame","floor":6},{"not_picked":["Clothesline","Dropkick"],"picked":"Spot Weakness","floor":8},{"not_picked":["Havoc","Body Slam","True Grit"],"picked":"Infernal Blade","floor":10}],"player_experience":1019617,"relics_obtained":[{"floor":6,"key":"Incense Burner"},{"floor":8,"key":"Question Card"},{"floor":9,"key":"The Courier"}],"event_choices":[{"damage_healed":0,"gold_gain":0,"player_choice":"Grow","damage_taken":0,"max_hp_gain":0,"max_hp_loss":0,"event_name":"Living Wall","floor":2,"gold_loss":0,"cards_upgraded":["Metallicize"]},{"damage_healed":0,"gold_gain":0,"player_choice":"Box","damage_taken":0,"relics_obtained":["Happy Flower"],"max_hp_gain":0,"max_hp_loss":0,"event_name":"Big Fish","floor":3,"gold_loss":0,"cards_obtained":["Regret"]}],"is_beta":false,"boss_relics":[],"items_purged_floors":[],"is_endless":false,"potions_floor_spawned":[5,10],"killed_by":"3 Sentries","ascension_level":12}