{"gold_per_floor":[118,136,86,102,122,152,48,60,112,112,44,44,55,71,71,174,174,188,204,41,41,41,72,84,96,121,121,46,63,80,115,115,115],"floor_reached":33,"playtime":5024,"items_purged":["Strike_R"],"score":366,"play_id":"98b83e2f-9ace-4a9f-be57-ad51f6960258","local_time":"20181231011019","is_ascension_mode":false,"campfire_choices":[{"floor":10,"key":"REST"},{"data":"Carnage","floor":12,"key":"SMITH"},{"data":"Anger","floor":15,"key":"SMITH"},{"floor":27,"key":"REST"},{"floor":32,"key":"REST"}],"neow_cost":"NONE","seed_source_timestamp":93587906250685,"circlet_count":0,"master_deck":["Strike_R","Strike_R","Strike_R","Defend_R","Defend_R","Defend_R","Defend_R","Bash","Rampage","Anger+1","Flame Barrier","Battle Trance","Shrug It Off","Flex","Heavy Blade","Shockwave","Carnage+1","Ghostly Armor","Warcry","Barricade","Seeing Red+1","Battle Trance","Blood for Blood","PanicButton","Ghostly","Ghostly","Ghostly","Ghostly","Ghostly","Shame","Flex","Pommel Strike+1","Second Wind","Rage","Shrug It Off+1","Shrug It Off+1"],"relics":["Burning Blood","NeowsBlessing","Boot","Bag of Marbles","Fusion Hammer","Gremlin Horn","Strawberry","Orichalcum","Juzu Bracelet"],"potions_floor_usage":[8,16,23,33,33,33],"damage_taken":[{"damage":0,"enemies":"2 Louse","floor":1,"turns":2},{"damage":0,"enemies":"Small Slimes","floor":2,"turns":1},{"damage":0,"enemies":"Cultist","floor":4,"turns":1},{"damage":15,"enemies":"Large Slime","floor":5,"turns":6},{"damage":22,"enemies":"Lagavulin","floor":6,"turns":8},{"damage":0,"enemies":"2 Fungi Beasts","floor":8,"turns":2},{"damage":6,"enemies":"Exordium Wildlife","floor":13,"turns":4},{"damage":0,"enemies":"Looter","floor":14,"turns":1},{"damage":27,"enemies":"Slime Boss","floor":16,"turns":11},{"damage":5,"enemies":"3 Byrds","floor":18,"turns":4},{"damage":3,"enemies":"Shell Parasite","floor":19,"turns":4},{"damage":34,"enemies":"Book of Stabbing","floor":23,"turns":8},{"damage":0,"enemies":"Centurion and Healer","floor":24,"turns":8},{"damage":18,"enemies":"3 Cultists","floor":25,"turns":7},{"damage":0,"enemies":"Snake Plant","floor":29,"turns":5},{"damage":0,"enemies":"Chosen and Byrds","floor":30,"turns":9},{"damage":0,"enemies":"Slavers","floor":31,"turns":12},{"damage":93,"enemies":"Automaton","floor":33,"turns":12}],"seed_played":"6843308534901193298","potions_obtained":[{"floor":4,"key":"AttackPotion"},{"floor":5,"key":"Energy Potion"},{"floor":6,"key":"Block Potion"},{"floor":8,"key":"Explosive Potion"},{"floor":18,"key":"LiquidBronze"},{"floor":25,"key":"LiquidBronze"},{"floor":29,"key":"BloodPotion"}],"is_trial":false,"path_per_floor":["M","M","?","M","M","E","$","M","T","R","$","R","M","M","R","B",null,"M","M","$","?","?","E","M","M","T","R","$","M","M","E","R","B"],"character_chosen":"IRONCLAD","items_purchased":["Flex","Heavy Blade","Carnage","Blood for Blood","PanicButton"],"campfire_rested":3,"item_purchase_floors":[7,7,11,20,20],"current_hp_per_floor":[80,80,80,80,71,55,55,61,61,80,80,80,80,80,80,59,80,80,80,80,40,40,19,25,13,13,27,27,33,39,45,47,0],"gold":115,"neow_bonus":"THREE_ENEMY_KILL","is_prod":false,"is_daily":false,"chose_seed":false,"campfire_upgraded":2,"win_rate":0.0,"timestamp":1546179019,"path_taken":["M","M","?","M","M","E","$","M","T","R","$","R","M","M","R","BOSS","M","M","$","?","?","E","M","M","T","R","$","M","M","E","R","BOSS"],"build_version":"2018-12-20","purchased_purges":1,"victory":false,"max_hp_per_floor":[80,80,80,80,80,80,80,80,80,80,80,80,80,80,80,80,80,80,80,80,40,40,47,47,47,47,47,47,47,47,47,47,47],"card_choices":[{"not_picked":["Thunderclap","Sword Boomerang"],"picked":"Rampage","floor":1},{"not_picked":["Iron Wave","Flex"],"picked":"Anger","floor":2},{"not_picked":["Shockwave","Pommel Strike"],"picked":"Flame Barrier","floor":4},{"not_picked":["Thunderclap","Anger"],"picked":"Battle Trance","floor":5},{"not_picked":["Cleave","Fire Breathing"],"picked":"Shrug It Off","floor":6},{"not_picked":["Perfected Strike","Intimidate"],"picked":"Shockwave","floor":8},{"not_picked":["Infernal Blade","Cleave"],"picked":"Ghostly Armor","floor":13},{"not_picked":["Intimidate","Whirlwind"],"picked":"Warcry","floor":14},{"not_picked":["Dark Embrace","Fiend Fire"],"picked":"Barricade","floor":16},{"not_picked":["Intimidate","Sever Soul"],"picked":"Seeing Red+1","floor":18},{"not_picked":["Body Slam","Combust+1"],"picked":"Battle Trance","floor":19},{"not_picked":["Twin Strike","Sword Boomerang"],"picked":"Flex","floor":23},{"not_picked":["Twin Strike","Combust"],"picked":"Pommel Strike+1","floor":24},{"not_picked":["Ghostly Armor","Combust+1"],"picked":"Second Wind","floor":25},{"not_picked":["Heavy Blade","Corruption"],"picked":"Rage","floor":29},{"not_picked":["Headbutt","Thunderclap"],"picked":"Shrug It Off+1","floor":30},{"not_picked":["Dual Wield","Power Through"],"picked":"Shrug It Off+1","floor":31}],"player_experience":26146,"relics_obtained":[{"floor":6,"key":"Boot"},{"floor":9,"key":"Bag of Marbles"},{"floor":23,"key":"Strawberry"},{"floor":26,"key":"Orichalcum"},{"floor":31,"key":"Juzu Bracelet"}],"event_choices":[{"cards_removed":["Strike_R"],"damage_healed":0,"gold_gain":0,"player_choice":"Card Removal","damage_taken":0,"max_hp_gain":0,"max_hp_loss":0,"event_name":"The Cleric","floor":3,"gold_loss":50},{"damage_healed":0,"gold_gain":0,"player_choice":"Became a Ghost","damage_taken":0,"max_hp_gain":0,"max_hp_loss":40,"event_name":"Ghosts","floor":21,"gold_loss":0,"cards_obtained":["Ghostly","Ghostly","Ghostly","Ghostly","Ghostly"]},{"damage_healed":0,"gold_gain":0,"player_choice":"Stole Relic","damage_taken":0,"relics_obtained":["Gremlin Horn"],"max_hp_gain":0,"max_hp_loss":0,"event_name":"Addict","floor":22,"gold_loss":0,"cards_obtained":["Shame"]}],"is_beta":false,"boss_relics":[{"not_picked":["White Beast Statue","Busted Crown"],"picked":"Fusion Hammer"}],"items_purged_floors":[28],"is_endless":false,"potions_floor_spawned":[4,5,6,8,18,25,29],"killed_by":"Automaton","ascension_level":0}