{"gold_per_floor":[109,127,138,138,157,157,157,188,188,188,217,11,21,81,81,155,155,155,155,155,155,1,1,1,1,1,1,1,1,1,1,1,1,1,1,1,1,1,1,1,1,1,1,1,1,1,1,1,1,1],"floor_reached":51,"playtime":2848,"items_purged":["Strike_R","Strike_R"],"score":1506,"play_id":"c176f7d8-1d28-4fee-97fb-df9d3df9bd84","local_time":"20190619223849","is_ascension_mode":true,"campfire_choices":[{"data":"Barricade","floor":6.0,"key":"SMITH"},{"data":"Clothesline","floor":10.0,"key":"SMITH"},{"floor":15,"key":"REST"},{"data":"Armaments","floor":24,"key":"SMITH"},{"data":"Disarm","floor":32,"key":"SMITH"},{"data":"Corruption","floor":41,"key":"SMITH"},{"floor":49,"key":"REST"}],"neow_cost":"NONE","seed_source_timestamp":82321494953973,"circlet_count":0,"master_deck":["AscendersBane","Strike_R","Strike_R","Defend_R","Defend_R","Defend_R","Defend_R","Bash","Barricade+1","Shrug It Off","Pommel Strike","Pommel Strike","Clothesline+1","Flame Barrier","Body Slam","Corruption+1","Shockwave","Spot Weakness","Reaper","Sword Boomerang","Armaments+1","True Grit","Disarm+1","Shrug It Off","Impervious","Flash of Steel","Apotheosis","Panacea","Burning Pact","Heavy Blade","Shrug It Off+1","Disarm+1","Spot Weakness","Metallicize","True Grit"],"special_seed":0,"relics":["Burning Blood","Dream Catcher","Bottled Flame","Ancient Tea Set","Self Forming Clay","Ectoplasm","Red Skull","Shuriken","Thread and Needle","Runic Dome","Ice Cream","Question Card","PreservedInsect","Regal Pillow","Juzu Bracelet"],"potions_floor_usage":[20,25,25,40],"damage_taken":[{"damage":2.0,"enemies":"Small Slimes","floor":1.0,"turns":5.0},{"damage":9.0,"enemies":"Jaw Worm","floor":2.0,"turns":5.0},{"damage":1.0,"enemies":"2 Louse","floor":3.0,"turns":3.0},{"damage":5.0,"enemies":"2 Fungi Beasts","floor":5.0,"turns":4.0},{"damage":45.0,"enemies":"Lagavulin","floor":8.0,"turns":8.0},{"damage":22.0,"enemies":"3 Sentries","floor":11.0,"turns":10.0},{"damage":10,"enemies":"Exordium Wildlife","floor":13,"turns":5},{"damage":14,"enemies":"The Guardian","floor":16,"turns":9},{"damage":10,"enemies":"Shell Parasite","floor":18,"turns":4},{"damage":21,"enemies":"Colosseum Slavers","floor":20,"turns":5},{"damage":16,"enemies":"Spheric Guardian","floor":21,"turns":5},{"damage":28,"enemies":"Book of Stabbing","floor":23,"turns":5},{"damage":47,"enemies":"Gremlin Leader","floor":25,"turns":9},{"damage":2,"enemies":"3 Cultists","floor":27,"turns":5},{"damage":14,"enemies":"Snake Plant","floor":28,"turns":4},{"damage":8,"enemies":"Centurion and Healer","floor":30,"turns":8},{"damage":9,"enemies":"Snecko","floor":31,"turns":5},{"damage":10,"enemies":"Champ","floor":33,"turns":21},{"damage":17,"enemies":"Orb Walker","floor":35,"turns":4},{"damage":0,"enemies":"Mind Bloom Boss Battle","floor":36,"turns":9},{"damage":29,"enemies":"3 Darklings","floor":38,"turns":5},{"damage":15,"enemies":"Sphere and 2 Shapes","floor":39,"turns":6},{"damage":40,"enemies":"Reptomancer","floor":40,"turns":6},{"damage":0,"enemies":"Giant Head","floor":44,"turns":8},{"damage":26,"enemies":"Jaw Worm Horde","floor":45,"turns":5},{"damage":32,"enemies":"Nemesis","floor":46,"turns":9},{"damage":0,"enemies":"Spire Growth","floor":47,"turns":6},{"damage":17,"enemies":"Time Eater","floor":50,"turns":11}],"seed_played":"-2288915547630117170","potions_obtained":[{"floor":1.0,"key":"PowerPotion"},{"floor":2.0,"key":"EssenceOfSteel"},{"floor":23,"key":"Fire Potion"},{"floor":31,"key":"Fire Potion"},{"floor":33,"key":"Explosive Potion"},{"floor":36,"key":"Regen Potion"},{"floor":47,"key":"SteroidPotion"}],"is_trial":false,"path_per_floor":["M","M","M","?","M","R","T","E","T","R","E","$","M","?","R","B",null,"M","?","?","M","$","E","R","E","T","M","M","?","M","M","R","B",null,"M","?","?","M","M","E","R","?","T","E","M","E","M","$","R","B",null],"character_chosen":"IRONCLAD","items_purchased":["Corruption","Shockwave","True Grit"],"campfire_rested":2,"item_purchase_floors":[12,12,22],"current_hp_per_floor":[72,69,74,74,75,75,75,36,36,36,20,20,16,16,38,30,64,70,70,64,54,54,32,32,10,10,48,52,52,68,66,66,62,72,61,74,64,68,75,51,51,51,51,57,64,38,44,44,75,64],"gold":1,"neow_bonus":"ONE_RANDOM_RARE_CARD","is_prod":false,"is_daily":false,"chose_seed":false,"campfire_upgraded":5,"win_rate":0,"timestamp":1561005529,"path_taken":["M","M","M","?","M","R","?","E","T","R","E","?","M","?","R","BOSS","M","?","?","M","?","E","R","E","T","M","?","?","M","M","R","BOSS","M","?","?","M","M","E","R","?","T","E","M","E","M","$","R","BOSS"],"build_version":"2019-01-23","purchased_purges":2,"victory":true,"max_hp_per_floor":[75,75,75,75,75,75,75,75,75,75,75,75,75,75,75,75,75,75,75,75,75,75,75,75,75,75,75,75,75,75,75,75,75,75,75,75,75,75,75,75,75,75,75,75,75,75,75,75,75,75],"card_choices":[{"not_picked":["Pummel","Rampage"],"picked":"Shrug It Off","floor":1.0},{"not_picked":["Warcry","Rampage"],"picked":"Pommel Strike","floor":2.0},{"not_picked":["Seeing Red","Clash"],"picked":"Pommel Strike","floor":3.0},{"not_picked":["Heavy Blade","Anger"],"picked":"Clothesline","floor":5.0},{"not_picked":["Intimidate","Battle Trance"],"picked":"Flame Barrier","floor":8.0},{"not_picked":["Shockwave","Intimidate"],"picked":"Body Slam","floor":11.0},{"not_picked":["Perfected Strike","Cleave","Twin Strike"],"picked":"SKIP","floor":13},{"not_picked":["Clothesline","Carnage"],"picked":"Spot Weakness","floor":15},{"not_picked":["Feed","Juggernaut"],"picked":"Reaper","floor":16},{"not_picked":["Anger+1","Flex"],"picked":"Sword Boomerang","floor":18},{"not_picked":["Clash","Seeing Red"],"picked":"Armaments","floor":21},{"not_picked":["Clothesline","Combust"],"picked":"Disarm","floor":23},{"not_picked":["Rupture","Havoc","Iron Wave"],"picked":"SKIP","floor":25},{"not_picked":["Iron Wave","Carnage","True Grit"],"picked":"SKIP","floor":27},{"not_picked":["Sever Soul","Barricade","Flex"],"picked":"SKIP","floor":28},{"not_picked":["Havoc","Thunderclap","Entrench"],"picked":"SKIP","floor":30},{"not_picked":["Body Slam+1","Anger"],"picked":"Shrug It Off","floor":31},{"not_picked":["Fiend Fire","Exhume"],"picked":"Impervious","floor":33},{"not_picked":["Reckless Charge+1","Sever Soul","Warcry"],"picked":"SKIP","floor":35},{"not_picked":["Good Instincts","Discovery"],"picked":"Flash of Steel","floor":37},{"not_picked":["Flash of Steel","PanicButton"],"picked":"Apotheosis","floor":37},{"not_picked":["Bandage Up","Deep Breath"],"picked":"Panacea","floor":37},{"not_picked":["Pommel Strike","Iron Wave"],"picked":"Burning Pact","floor":38},{"not_picked":["Cleave","Heavy Blade","Hemokinesis"],"picked":"SKIP","floor":39},{"not_picked":["Cleave","Hemokinesis"],"picked":"Heavy Blade","floor":39},{"not_picked":["Anger","Combust","Perfected Strike"],"picked":"SKIP","floor":40},{"not_picked":["Flex+1","Spot Weakness","Corruption"],"picked":"Shrug It Off+1","floor":44},{"not_picked":["Pummel+1","Corruption","Evolve"],"picked":"Disarm+1","floor":45},{"not_picked":["Inflame","Infernal Blade","Heavy Blade"],"picked":"Spot Weakness","floor":46},{"not_picked":["Exhume","Warcry","Iron Wave+1"],"picked":"Metallicize","floor":47},{"not_picked":["Bloodletting","Wild Strike","Clothesline+1"],"picked":"True Grit","floor":49}],"player_experience":963097,"relics_obtained":[{"floor":7.0,"key":"Dream Catcher"},{"floor":8.0,"key":"Bottled Flame"},{"floor":9.0,"key":"Ancient Tea Set"},{"floor":11.0,"key":"Self Forming Clay"},{"floor":23,"key":"Red Skull"},{"floor":25,"key":"Shuriken"},{"floor":26,"key":"Thread and Needle"},{"floor":36,"key":"Ice Cream"},{"floor":40,"key":"Question Card"},{"floor":43,"key":"PreservedInsect"},{"floor":44,"key":"Regal Pillow"},{"floor":46,"key":"Juzu Bracelet"}],"event_choices":[{"damage_healed":0.0,"max_hp_gain":0.0,"max_hp_loss":0.0,"gold_gain":0.0,"event_name":"Liars Game","player_choice":"Ignored","floor":4.0,"gold_loss":0.0,"damage_taken":0.0},{"damage_healed":0,"gold_gain":60,"player_choice":"Gained Gold","damage_taken":0,"max_hp_gain":0,"max_hp_loss":0,"event_name":"Golden Wing","floor":14,"gold_loss":0},{"damage_healed":0,"gold_gain":0,"player_choice":"Ignored","damage_taken":0,"max_hp_gain":0,"max_hp_loss":0,"event_name":"Vampires","floor":19,"gold_loss":0},{"damage_healed":0,"gold_gain":0,"player_choice":"Fight","damage_taken":0,"max_hp_gain":0,"max_hp_loss":0,"event_name":"Colosseum","floor":20,"gold_loss":0},{"damage_healed":0,"gold_gain":0,"player_choice":"Fled From Nobs","damage_taken":0,"max_hp_gain":0,"max_hp_loss":0,"event_name":"Colosseum","floor":20,"gold_loss":0},{"damage_healed":0,"gold_gain":0,"player_choice":"Fight","damage_taken":0,"max_hp_gain":0,"max_hp_loss":0,"event_name":"MindBloom","floor":36,"gold_loss":0},{"damage_healed":0,"gold_gain":0,"player_choice":"Memory 3","damage_taken":10,"max_hp_gain":0,"max_hp_loss":0,"event_name":"SensoryStone","floor":37,"gold_loss":0},{"cards_removed":["Strike_R"],"damage_healed":0,"gold_gain":0,"player_choice":"Offered Basic","damage_taken":0,"max_hp_gain":0,"max_hp_loss":0,"event_name":"Bonfire Elementals","floor":42,"gold_loss":0}],"is_beta":false,"boss_relics":[{"not_picked":["Astrolabe","Black Blood"],"picked":"Ectoplasm"},{"not_picked":["Runic Pyramid","Lizard Tail"],"picked":"Runic Dome"}],"items_purged_floors":[12,22],"is_endless":false,"potions_floor_spawned":[1,2,3,5,16,18,20,23,31,33,36,38,47],"ascension_level":17}