{"gold_per_floor":[119,133,133,35,49,49,61,61,61,80,100,100,100,127,127,227,227,242,242,274,289,369,369,400,411,411,411,411],"floor_reached":28,"playtime":12278,"items_purged":[],"score":309,"play_id":"62d08103-30b6-4641-a27f-04d018d66a3c","local_time":"20190510222026","is_ascension_mode":true,"campfire_choices":[{"data":"Metamorphosis","floor":6,"key":"SMITH"},{"data":"Self Repair","floor":8,"key":"SMITH"},{"data":"Secret Technique","floor":13,"key":"SMITH"},{"data":"Zap","floor":15,"key":"SMITH"},{"data":"Echo Form","floor":23,"key":"SMITH"},{"data":"Consume","floor":27,"key":"SMITH"}],"neow_cost":"TEN_PERCENT_HP_LOSS","seed_source_timestamp":758467021657866,"circlet_count":0,"master_deck":["Strike_B","Strike_B","Strike_B","Defend_B","Defend_B","Zap+1","Dualcast","Secret Technique+1","Metamorphosis+1","BootSequence","Ball Lightning","Self Repair+1","Conserve Battery","Cold Snap","Gash","Turbo","Gash","Sweeping Beam","Echo Form+1","Leap+1","Self Repair","All For One","Lockon+1","Doubt","Gash+1","Consume+1","Regret"],"relics":["Cracked Core","Gremlin Horn","Meat on the Bone","Smiling Mask","Cursed Key","Red Mask","Pantograph","Juzu Bracelet","Bird Faced Urn"],"potions_floor_usage":[14,28,28],"damage_taken":[{"damage":0,"enemies":"Cultist","floor":1,"turns":3},{"damage":0,"enemies":"Jaw Worm","floor":2,"turns":3},{"damage":1,"enemies":"2 Louse","floor":5,"turns":3},{"damage":7,"enemies":"Looter","floor":7,"turns":3},{"damage":0,"enemies":"Large Slime","floor":10,"turns":4},{"damage":9,"enemies":"Exordium Thugs","floor":11,"turns":3},{"damage":14,"enemies":"Lagavulin","floor":14,"turns":6},{"damage":37,"enemies":"Slime Boss","floor":16,"turns":9},{"damage":0,"enemies":"Spheric Guardian","floor":18,"turns":3},{"damage":46,"enemies":"Masked Bandits","floor":20,"turns":5},{"damage":16,"enemies":"Chosen","floor":21,"turns":5},{"damage":35,"enemies":"Book of Stabbing","floor":24,"turns":5},{"damage":29,"enemies":"Snake Plant","floor":25,"turns":5},{"damage":64,"enemies":"3 Cultists","floor":28,"turns":4}],"seed_played":"713443642350236413","potions_obtained":[{"floor":5,"key":"Ancient Potion"},{"floor":10,"key":"EssenceOfSteel"},{"floor":16,"key":"SteroidPotion"},{"floor":24,"key":"Poison Potion"}],"is_trial":false,"path_per_floor":["M","M","?","$","M","R","M","R","T","M","M","?","R","E","R","B",null,"M","?","?","M","T","R","E","M","T","R","M"],"character_chosen":"DEFECT","items_purchased":["Self Repair","Conserve Battery"],"campfire_rested":0,"item_purchase_floors":[4,4],"current_hp_per_floor":[68,68,68,68,68,68,61,61,61,68,68,61,61,57,57,42,62,62,62,52,60,60,60,54,54,54,54,0],"gold":411,"neow_bonus":"RANDOM_COLORLESS_2","is_prod":false,"is_daily":false,"chose_seed":false,"campfire_upgraded":6,"win_rate":0,"timestamp":1557490826,"path_taken":["M","?","?","?","M","R","M","R","T","M","?","?","R","E","R","BOSS","M","?","?","?","?","R","E","M","T","R","M"],"build_version":"2019-01-23","purchased_purges":0,"victory":false,"max_hp_per_floor":[68,68,68,68,68,68,68,68,68,68,68,68,68,68,68,68,68,68,68,68,68,68,68,68,68,68,68,68],"card_choices":[{"not_picked":["Skim","Undo"],"picked":"BootSequence","floor":1},{"not_picked":["Streamline","Barrage"],"picked":"Ball Lightning","floor":2},{"not_picked":["Gash","Redo"],"picked":"Cold Snap","floor":5},{"not_picked":["Rip and Tear","Ball Lightning"],"picked":"Gash","floor":7},{"not_picked":["FTL","Ball Lightning"],"picked":"Turbo","floor":10},{"not_picked":["Barrage","Force Field"],"picked":"Gash","floor":11},{"not_picked":["Barrage","Hologram"],"picked":"Sweeping Beam","floor":14},{"not_picked":["Core Surge","Buffer"],"picked":"Echo Form","floor":16},{"not_picked":["Auto Shields+1","Coolheaded"],"picked":"Leap+1","floor":18},{"not_picked":["Ball Lightning","Genetic Algorithm"],"picked":"Lockon+1","floor":21},{"not_picked":["Streamline+1","Redo"],"picked":"Gash+1","floor":24},{"not_picked":["Tempest","Beam Cell+1"],"picked":"Consume","floor":25}],"player_experience":1695142,"relics_obtained":[{"floor":9,"key":"Gremlin Horn"},{"floor":14,"key":"Smiling Mask"},{"floor":20,"key":"Red Mask"},{"floor":22,"key":"Pantograph"},{"floor":24,"key":"Juzu Bracelet"},{"floor":26,"key":"Bird Faced Urn"}],"event_choices":[{"cards_removed":["Strike_B"],"damage_healed":0,"gold_gain":0,"player_choice":"Purged","damage_taken":0,"max_hp_gain":0,"max_hp_loss":0,"event_name":"Purifier","floor":3,"gold_loss":0},{"damage_healed":0,"gold_gain":0,"player_choice":"Success","damage_taken":7,"relics_obtained":["Meat on the Bone"],"max_hp_gain":0,"max_hp_loss":0,"event_name":"Scrap Ooze","floor":12,"gold_loss":0},{"damage_healed":0,"gold_gain":0,"cards_transformed":["Defend_B","Defend_B"],"player_choice":"Became Test Subject","damage_taken":0,"max_hp_gain":0,"max_hp_loss":0,"event_name":"Drug Dealer","floor":19,"gold_loss":0,"cards_obtained":["Self Repair","All For One"]},{"damage_healed":0,"gold_gain":0,"player_choice":"Fought Bandits","damage_taken":0,"max_hp_gain":0,"max_hp_loss":0,"event_name":"Masked Bandits","floor":20,"gold_loss":0}],"is_beta":false,"boss_relics":[{"not_picked":["Philosopher\u0027s Stone","Runic Pyramid"],"picked":"Cursed Key"}],"items_purged_floors":[],"is_endless":false,"potions_floor_spawned":[5,10,16,24,25],"killed_by":"3 Cultists","ascension_level":6}