{"gold_per_floor":[112,112,131,131,206,206,232,251,331,331,348,348,374,146,146,243,243,259,287,41,41,57,57,83,83,83,83,93,119,119,133,133,228,228,243,243,128,128,174,174,190,190,215,233,26,26,26,39,39,39],"floor_reached":50,"playtime":6913,"items_purged":["Strike_G"],"score":697,"play_id":"542175c1-274a-49bc-ac82-3632c647310b","local_time":"20190214131837","is_ascension_mode":true,"campfire_choices":[{"data":"Enlightenment","floor":6.0,"key":"SMITH"},{"data":"Corpse Explosion","floor":10.0,"key":"SMITH"},{"floor":12.0,"key":"REST"},{"data":"Bane","floor":15.0,"key":"SMITH"},{"data":"Bullet Time","floor":23.0,"key":"SMITH"},{"data":"Enlightenment","floor":25.0,"key":"SMITH"},{"floor":27.0,"key":"REST"},{"data":"Doppelganger","floor":32.0,"key":"SMITH"},{"data":"Dash","floor":40,"key":"SMITH"},{"floor":42,"key":"REST"},{"floor":49,"key":"REST"}],"neow_cost":"NONE","seed_source_timestamp":36998169585169,"circlet_count":0,"master_deck":["Neutralize+1","Endless Agony+1","Underhanded Strike+1","Enlightenment+1","Backstab+1","Poisoned Stab+1","Riddle With Holes+1","Corpse Explosion+1","Dagger Throw+1","Underhanded Strike+1","Crippling Poison+1","Backflip+1","Bane+1","Doppelganger+1","Terror+1","Slice+1","Bullet Time+1","Unload+1","Well Laid Plans+1","Crippling Poison+1","PiercingWail+1","Quick Slash+1","Finisher+1","Underhanded Strike+1","Enlightenment+1","Predator+1","Bane+1","After Image+1","Deadly Poison+1","Cloak And Dagger+1","Neutralize+1","Night Terror+1","Shame","Footwork+1","Madness+1","Madness+1","Dash+1","Leg Sweep+1","Distraction+1","Outmaneuver+1","Prepared+1","Bullet Time+1"],"special_seed":0,"relics":["Ring of the Snake","NeowsBlessing","Oddly Smooth Stone","Paper Crane","Centennial Puzzle","Pandora\u0027s Box","Red Mask","Bag of Preparation","Orichalcum","Potion Belt","Omamori","Calling Bell","War Paint","Frozen Egg 2","Turnip","Ginger","PreservedInsect","DollysMirror","Mark of the Bloom"],"potions_floor_usage":[44,44,48],"damage_taken":[{"damage":0.0,"enemies":"Jaw Worm","floor":1.0,"turns":1.0},{"damage":0.0,"enemies":"Cultist","floor":3.0,"turns":1.0},{"damage":0.0,"enemies":"Gremlin Nob","floor":7.0,"turns":1.0},{"damage":1.0,"enemies":"Small Slimes","floor":8.0,"turns":2.0},{"damage":0.0,"enemies":"2 Fungi Beasts","floor":11.0,"turns":3.0},{"damage":22.0,"enemies":"Lagavulin","floor":13.0,"turns":5.0},{"damage":0.0,"enemies":"Slime Boss","floor":16.0,"turns":8.0},{"damage":8.0,"enemies":"Shell Parasite","floor":18.0,"turns":2.0},{"damage":8.0,"enemies":"Masked Bandits","floor":19.0,"turns":4.0},{"damage":0.0,"enemies":"3 Byrds","floor":22.0,"turns":1.0},{"damage":8.0,"enemies":"Slavers","floor":24.0,"turns":3.0},{"damage":4.0,"enemies":"Centurion and Healer","floor":28.0,"turns":3.0},{"damage":0.0,"enemies":"Gremlin Leader","floor":29.0,"turns":4.0},{"damage":0.0,"enemies":"Sentry and Sphere","floor":31.0,"turns":2.0},{"damage":30.0,"enemies":"Automaton","floor":33.0,"turns":10.0},{"damage":0,"enemies":"3 Shapes","floor":35,"turns":1},{"damage":9,"enemies":"2 Orb Walkers","floor":39,"turns":2},{"damage":5,"enemies":"Orb Walker","floor":41,"turns":3},{"damage":0,"enemies":"Jaw Worm Horde","floor":44,"turns":2},{"damage":16,"enemies":"4 Shapes","floor":48,"turns":2},{"damage":54,"enemies":"Time Eater","floor":50,"turns":12}],"seed_played":"4949708101839846337","potions_obtained":[{"floor":7.0,"key":"Poison Potion"},{"floor":8.0,"key":"SteroidPotion"},{"floor":11.0,"key":"Poison Potion"},{"floor":18.0,"key":"Fire Potion"},{"floor":19.0,"key":"GhostInAJar"},{"floor":33.0,"key":"SkillPotion"},{"floor":39,"key":"PowerPotion"},{"floor":41,"key":"Poison Potion"}],"is_trial":false,"path_per_floor":["M","?","M","?","?","R","E","M","T","R","M","R","E","$","R","B",null,"M","?","$","?","M","R","E","R","T","R","M","E","?","M","R","B",null,"M","?","$","?","?","R","M","R","T","M","$","?","$","M","R","B"],"character_chosen":"THE_SILENT","items_purchased":["Crippling Poison","Backflip","Bane","Bag of Preparation","Enlightenment","Dash","Leg Sweep","DollysMirror"],"campfire_rested":4,"item_purchase_floors":[14,14,14,20,20,37,37,45],"current_hp_per_floor":[70,70,70,63,52,52,52,51,51,51,51,70,48,48,48,48,70,62,54,54,54,54,54,46,46,46,67,63,63,63,63,63,33,70,70,61,61,61,52,52,47,68,68,68,68,68,68,52,52,0],"gold":39,"neow_bonus":"THREE_ENEMY_KILL","is_prod":false,"is_daily":false,"chose_seed":false,"campfire_upgraded":7,"win_rate":0,"timestamp":1550110717,"path_taken":["M","?","?","?","?","R","E","M","T","R","M","R","E","$","R","BOSS","M","?","$","?","M","R","E","R","T","R","M","E","?","M","R","BOSS","M","?","$","?","?","R","M","R","T","M","$","?","?","M","R","BOSS"],"build_version":"2019-01-23","purchased_purges":1,"victory":false,"max_hp_per_floor":[70,70,70,70,70,70,70,70,70,70,70,70,70,70,70,70,70,70,70,70,70,70,70,70,70,70,70,70,70,70,70,70,70,70,70,70,70,70,70,70,70,70,70,70,70,70,70,70,70,70],"card_choices":[{"not_picked":["Blade Dance","Underhanded Strike"],"picked":"Endless Agony","floor":1.0},{"not_picked":["PiercingWail","Quick Slash"],"picked":"Poisoned Stab","floor":3.0},{"not_picked":["Sucker Punch","All Out Attack"],"picked":"Riddle With Holes","floor":7.0},{"not_picked":["All Out Attack","Flying Knee"],"picked":"Corpse Explosion","floor":8.0},{"not_picked":["Slice","Dagger Spray"],"picked":"Dagger Throw","floor":11.0},{"not_picked":["Cloak And Dagger","Dagger Spray"],"picked":"Underhanded Strike","floor":13.0},{"not_picked":["Grand Finale","Venomology"],"picked":"Doppelganger","floor":16.0},{"not_picked":["Quick Slash","Crippling Poison"],"picked":"Finisher","floor":18.0},{"not_picked":["Riddle With Holes+1","Dodge and Roll"],"picked":"Underhanded Strike","floor":19.0},{"not_picked":["Flechettes","Poisoned Stab"],"picked":"Predator","floor":22.0},{"not_picked":["Deflect","Dagger Throw"],"picked":"Bane","floor":24.0},{"not_picked":["Sucker Punch+1","Cloak And Dagger"],"picked":"After Image","floor":28.0},{"not_picked":["Blade Dance","Dodge and Roll+1"],"picked":"Deadly Poison","floor":29.0},{"not_picked":["PiercingWail+1","Dodge and Roll","Cloak And Dagger+1"],"picked":"SKIP","floor":31.0},{"not_picked":["A Thousand Cuts","Adrenaline"],"picked":"Night Terror","floor":33.0},{"not_picked":["Dagger Spray+1","Riddle With Holes"],"picked":"Footwork+1","floor":35},{"not_picked":["Slice+1","Quick Slash"],"picked":"Distraction+1","floor":39},{"not_picked":["Dagger Spray+1","Flying Knee+1"],"picked":"Outmaneuver+1","floor":41},{"not_picked":["Underhanded Strike+1","Bane"],"picked":"Prepared","floor":44},{"not_picked":["Dagger Spray+1","Skewer","Bane"],"picked":"SKIP","floor":48}],"player_experience":460118,"relics_obtained":[{"floor":7.0,"key":"Oddly Smooth Stone"},{"floor":9.0,"key":"Paper Crane"},{"floor":13.0,"key":"Centennial Puzzle"},{"floor":19.0,"key":"Red Mask"},{"floor":24.0,"key":"Orichalcum"},{"floor":26.0,"key":"Potion Belt"},{"floor":29.0,"key":"Omamori"},{"floor":34.0,"key":"War Paint"},{"floor":34.0,"key":"Frozen Egg 2"},{"floor":34.0,"key":"Turnip"},{"floor":39,"key":"Ginger"},{"floor":43,"key":"PreservedInsect"}],"event_choices":[{"damage_healed":0.0,"max_hp_gain":0.0,"max_hp_loss":0.0,"gold_gain":0.0,"event_name":"Match and Keep!","player_choice":"3 cards matched","floor":2.0,"gold_loss":0.0,"damage_taken":0.0,"cards_obtained":["Underhanded Strike","Enlightenment","Backstab"]},{"cards_removed":["Strike_G"],"damage_healed":0.0,"max_hp_gain":0.0,"max_hp_loss":0.0,"gold_gain":0.0,"event_name":"Golden Wing","player_choice":"Card Removal","floor":4.0,"gold_loss":0.0,"damage_taken":7.0},{"damage_healed":0.0,"max_hp_gain":0.0,"max_hp_loss":0.0,"gold_gain":75.0,"event_name":"World of Goop","player_choice":"Gather Gold","floor":5.0,"gold_loss":0.0,"damage_taken":11.0},{"damage_healed":0.0,"max_hp_gain":0.0,"max_hp_loss":0.0,"gold_gain":0.0,"event_name":"Masked Bandits","player_choice":"Fought Bandits","floor":19.0,"gold_loss":0.0,"damage_taken":0.0},{"damage_healed":0.0,"max_hp_gain":0.0,"max_hp_loss":0.0,"gold_gain":0.0,"event_name":"Ghosts","player_choice":"Ignored","floor":21.0,"gold_loss":0.0,"damage_taken":0.0},{"damage_healed":0.0,"max_hp_gain":0.0,"max_hp_loss":0.0,"gold_gain":0.0,"event_name":"Match and Keep!","player_choice":"2 cards matched","floor":30.0,"gold_loss":0.0,"damage_taken":0.0,"cards_obtained":["Cloak And Dagger","Neutralize"]},{"damage_healed":0,"gold_gain":0,"player_choice":"Embrace Madness","damage_taken":9,"max_hp_gain":0,"max_hp_loss":0,"event_name":"Winding Halls","floor":36,"gold_loss":0,"cards_obtained":["Madness","Madness"]},{"cards_removed":["Survivor"],"damage_healed":0,"gold_gain":0,"player_choice":"Removed Skill","damage_taken":0,"max_hp_gain":0,"max_hp_loss":0,"event_name":"Falling","floor":38,"gold_loss":0},{"damage_healed":0,"gold_gain":0,"player_choice":"Fight","damage_taken":0,"max_hp_gain":0,"max_hp_loss":0,"event_name":"Mysterious Sphere","floor":39,"gold_loss":0},{"damage_healed":0,"gold_gain":0,"player_choice":"Upgrade","damage_taken":0,"relics_obtained":["Mark of the Bloom"],"max_hp_gain":0,"max_hp_loss":0,"event_name":"MindBloom","floor":46,"gold_loss":0,"cards_upgraded":["Neutralize","Endless Agony","Underhanded Strike","Backstab","Poisoned Stab","Riddle With Holes","Dagger Throw","Underhanded Strike","Crippling Poison","Backflip","Slice","Unload","Well Laid Plans","PiercingWail","Quick Slash","Finisher","Underhanded Strike","Predator","Bane","After Image","Deadly Poison","Cloak And Dagger","Neutralize","Night Terror","Madness","Madness","Leg Sweep","Prepared"]}],"is_beta":false,"boss_relics":[{"not_picked":["Busted Crown","White Beast Statue"],"picked":"Pandora\u0027s Box"},{"not_picked":["Tiny House","Fusion Hammer"],"picked":"Calling Bell"}],"items_purged_floors":[14],"is_endless":false,"potions_floor_spawned":[7,8,11,18,19,33,39,41],"killed_by":"Time Eater","ascension_level":3}