{"gold_per_floor":[111,128,9,29,104,129,60,60,60,60,60,74,74,108,108,232,232,239,37,37],"floor_reached":20,"playtime":1146,"items_purged":[],"score":252,"play_id":"f033cbb0-f20f-4a36-a5e3-16eb95446209","local_time":"20190607102135","is_ascension_mode":true,"campfire_choices":[{"floor":8,"key":"REST"},{"data":"Genetic Algorithm","floor":11,"key":"SMITH"},{"floor":15,"key":"REST"}],"neow_cost":"NONE","seed_source_timestamp":45961959030384,"circlet_count":0,"master_deck":["Strike_B","Strike_B","Strike_B","Strike_B","Defend_B","Defend_B","Defend_B","Defend_B","Zap","Dualcast","Barrage","Genetic Algorithm+1","Cold Snap","Capacitor","Amplify","Self Repair","Injury","Streamline","Ball Lightning","Echo Form","Clumsy","Normality","Clumsy","Sunder+1","Madness","Core Surge","Leap"],"relics":["Cracked Core","NeowsBlessing","Pantograph","Calipers","Golden Idol","WingedGreaves","Question Card","Calling Bell","MawBank","The Courier","Dead Branch"],"potions_floor_usage":[6,6,16],"damage_taken":[{"damage":0,"enemies":"Cultist","floor":1,"turns":1},{"damage":0,"enemies":"Jaw Worm","floor":2,"turns":1},{"damage":0,"enemies":"2 Louse","floor":4,"turns":1},{"damage":25,"enemies":"Lagavulin","floor":6,"turns":5},{"damage":21,"enemies":"Blue Slaver","floor":12,"turns":5},{"damage":28,"enemies":"3 Sentries","floor":14,"turns":8},{"damage":42,"enemies":"Slime Boss","floor":16,"turns":7},{"damage":57,"enemies":"2 Thieves","floor":18,"turns":5},{"damage":24,"enemies":"3 Byrds","floor":20,"turns":2}],"seed_played":"8830239856419594710","potions_obtained":[{"floor":1,"key":"GamblersBrew"},{"floor":4,"key":"SteroidPotion"},{"floor":6,"key":"FocusPotion"}],"is_trial":false,"path_per_floor":["M","M","$","M","?","E","$","R","T","?","R","M","T","E","R","B",null,"M","$","M"],"character_chosen":"DEFECT","items_purchased":["Genetic Algorithm","Cold Snap","Self Repair","Madness","Core Surge","Leap"],"campfire_rested":2,"item_purchase_floors":[3,3,7,19,19,19],"current_hp_per_floor":[68,68,68,68,57,32,32,54,54,54,54,47,47,26,48,38,66,23,23,0],"gold":37,"neow_bonus":"THREE_ENEMY_KILL","is_prod":false,"is_daily":false,"chose_seed":false,"campfire_upgraded":1,"win_rate":0,"timestamp":1559866895,"path_taken":["M","M","$","?","?","E","$","R","T","?","R","M","?","E","R","BOSS","M","$","M"],"build_version":"2019-01-23","purchased_purges":0,"victory":false,"max_hp_per_floor":[75,75,75,75,75,75,75,75,75,75,75,75,75,75,75,75,75,75,75,75],"card_choices":[{"not_picked":["Consume","Hologram"],"picked":"Barrage","floor":1},{"not_picked":["Stack","Barrage","Gash"],"picked":"SKIP","floor":2},{"not_picked":["Beam Cell","Ball Lightning"],"picked":"Capacitor","floor":4},{"not_picked":["Genetic Algorithm","Chill"],"picked":"Amplify","floor":6},{"not_picked":["Go for the Eyes","Compile Driver"],"picked":"Streamline","floor":12},{"not_picked":["Meteor Strike","Force Field"],"picked":"Ball Lightning","floor":14},{"not_picked":["Seek","Thunder Strike","Meteor Strike"],"picked":"Echo Form","floor":16},{"not_picked":["Hologram+1","Coolheaded","Steam"],"picked":"Sunder+1","floor":18}],"player_experience":2106740,"relics_obtained":[{"floor":6,"key":"Pantograph"},{"floor":9,"key":"Calipers"},{"floor":13,"key":"WingedGreaves"},{"floor":14,"key":"Question Card"},{"floor":17,"key":"MawBank"},{"floor":17,"key":"The Courier"},{"floor":17,"key":"Dead Branch"}],"event_choices":[{"damage_healed":0,"gold_gain":75,"player_choice":"Gather Gold","damage_taken":11,"max_hp_gain":0,"max_hp_loss":0,"event_name":"World of Goop","floor":5,"gold_loss":0},{"damage_healed":0,"gold_gain":0,"player_choice":"Take Wound","damage_taken":0,"relics_obtained":["Golden Idol"],"max_hp_gain":0,"max_hp_loss":0,"event_name":"Golden Idol","floor":10,"gold_loss":0,"cards_obtained":["Injury"]}],"is_beta":false,"boss_relics":[{"not_picked":["Philosopher\u0027s Stone","Busted Crown"],"picked":"Calling Bell"}],"items_purged_floors":[],"is_endless":false,"potions_floor_spawned":[1,4,6],"killed_by":"3 Byrds","ascension_level":8}