{"gold_per_floor":[110,129,92,42,42,42,42,54,54,84,84,112,112,172,172,270,270,283,302,5,18,34,69,69,69,69,69,69,80,92,107,107,207,207,226,226,102,155,34,34,44,44,44,58,58,90,101,111,111,111,111,111,28,53,53],"floor_reached":56,"playtime":33755,"items_purged":[],"score":1230,"play_id":"ca8addae-1b8a-41be-8527-930120fcbc2a","local_time":"20190603001542","is_ascension_mode":false,"campfire_choices":[{"floor":6,"key":"RECALL"},{"data":"Barricade","floor":11,"key":"SMITH"},{"floor":13,"key":"REST"},{"floor":15,"key":"REST"},{"floor":24,"key":"REST"},{"floor":27,"key":"REST"},{"floor":32,"key":"REST"},{"data":"Corruption","floor":40,"key":"SMITH"},{"floor":42,"key":"REST"},{"data":"Shockwave","floor":45,"key":"SMITH"},{"data":"Dark Embrace","floor":49,"key":"SMITH"},{"data":"Body Slam","floor":52,"key":"SMITH"}],"neow_cost":"TEN_PERCENT_HP_LOSS","seed_source_timestamp":337170907972862,"circlet_count":0,"master_deck":["Strike_R+1","Defend_R+1","Defend_R+1","Defend_R+1","Bash","Barricade+1","Shockwave+1","Inflame","Pummel","Headbutt","Sentinel","Seeing Red","Hemokinesis","Entrench","Dropkick","Infernal Blade+1","Juggernaut+1","Dual Wield+1","Shrug It Off+1","Flex+1","Corruption+1","Impervious","Impervious","Flex+1","Body Slam+1","Inflame","Heavy Blade+1","Burning Pact","Dual Wield","Shrug It Off+1","Sword Boomerang+1","Flex","Dark Embrace+1","Battle Trance+1","Defend_R","Impatience","Feel No Pain","Feel No Pain","Heavy Blade","Body Slam+1","Pummel+1","Carnage+1","Seeing Red","Shrug It Off","True Grit+1","Dropkick+1","Burning Pact"],"relics":["Burning Blood","Boot","The Courier","Dream Catcher","Astrolabe","Vajra","Bottled Tornado","Ice Cream","Mark of Pain","Tiny Chest","Sundial","Smiling Mask","Thread and Needle"],"potions_floor_usage":[14,16,21,22,23,31,48,50,54],"damage_taken":[{"damage":0,"enemies":"Small Slimes","floor":1,"turns":4},{"damage":2,"enemies":"2 Louse","floor":2,"turns":3},{"damage":6,"enemies":"Cultist","floor":8,"turns":4},{"damage":20,"enemies":"Gremlin Nob","floor":10,"turns":4},{"damage":42,"enemies":"3 Sentries","floor":12,"turns":9},{"damage":16,"enemies":"Gremlin Nob","floor":14,"turns":4},{"damage":40,"enemies":"The Guardian","floor":16,"turns":13},{"damage":35,"enemies":"Spheric Guardian","floor":18,"turns":5},{"damage":8,"enemies":"2 Thieves","floor":19,"turns":3},{"damage":15,"enemies":"Snake Plant","floor":21,"turns":4},{"damage":7,"enemies":"Sentry and Sphere","floor":22,"turns":5},{"damage":25,"enemies":"Gremlin Leader","floor":23,"turns":7},{"damage":19,"enemies":"3 Cultists","floor":29,"turns":5},{"damage":3,"enemies":"Centurion and Healer","floor":30,"turns":5},{"damage":27,"enemies":"Shelled Parasite and Fungi","floor":31,"turns":4},{"damage":22,"enemies":"Collector","floor":33,"turns":7},{"damage":13,"enemies":"3 Darklings","floor":35,"turns":3},{"damage":23,"enemies":"Orb Walker","floor":41,"turns":3},{"damage":4,"enemies":"4 Shapes","floor":44,"turns":4},{"damage":0,"enemies":"Giant Head","floor":46,"turns":3},{"damage":7,"enemies":"Writhing Mass","floor":47,"turns":3},{"damage":0,"enemies":"Transient","floor":48,"turns":5},{"damage":38,"enemies":"Time Eater","floor":50,"turns":6},{"damage":16,"enemies":"Shield and Spear","floor":54,"turns":5},{"damage":44,"enemies":"The Heart","floor":55,"turns":6}],"seed_played":"4714713046641362301","potions_obtained":[{"floor":1,"key":"GamblersBrew"},{"floor":12,"key":"Energy Potion"},{"floor":14,"key":"Energy Potion"},{"floor":18,"key":"Energy Potion"},{"floor":19,"key":"SpeedPotion"},{"floor":30,"key":"PowerPotion"},{"floor":33,"key":"Energy Potion"},{"floor":35,"key":"FearPotion"},{"floor":46,"key":"LiquidBronze"},{"floor":47,"key":"Fire Potion"},{"floor":48,"key":"SteroidPotion"}],"is_trial":false,"path_per_floor":["M","M","$","?","$","R","?","M","T","E","R","E","R","?","R","B",null,"M","M","$","M","M","E","R","?","T","R","T","M","M","M","R","B",null,"M","?","$","T","$","R","M","R","T","M","R","E","M","M","R","B",null,"R","$","E","B",null],"character_chosen":"IRONCLAD","items_purchased":["Pummel","Corruption","Impervious","Impervious","Impatience","Feel No Pain","Feel No Pain","Heavy Blade","Body Slam","FairyPotion"],"campfire_rested":6,"item_purchase_floors":[3,20,20,20,37,37,39,39,39,53],"current_hp_per_floor":[72,72,72,72,72,72,72,72,72,58,58,22,43,33,54,20,72,43,41,41,32,31,12,33,33,33,54,54,41,44,23,44,28,72,65,65,65,65,65,65,48,69,69,71,71,72,71,72,72,40,72,72,72,62,24],"gold":53,"neow_bonus":"THREE_RARE_CARDS","is_prod":false,"is_daily":false,"chose_seed":false,"campfire_upgraded":5,"win_rate":0,"timestamp":1559484942,"path_taken":["M","M","$","?","$","R","?","?","T","E","R","E","R","?","R","BOSS","M","M","$","M","M","E","R","?","T","R","?","?","M","M","R","BOSS","M","?","$","?","$","R","M","R","T","M","R","E","M","M","R","BOSS","R","$","E","BOSS"],"build_version":"2019-01-23","purchased_purges":0,"victory":true,"max_hp_per_floor":[72,72,72,72,72,72,72,72,72,72,72,72,72,72,72,72,72,72,72,72,72,72,72,72,72,72,72,72,72,72,72,72,72,72,72,72,72,72,72,72,72,72,72,72,72,72,72,72,72,72,72,72,72,72,72],"card_choices":[{"not_picked":["Impervious","Juggernaut"],"picked":"Barricade","floor":0},{"not_picked":["Rampage","Twin Strike"],"picked":"Shockwave","floor":1},{"not_picked":["True Grit","Thunderclap"],"picked":"Inflame","floor":2},{"not_picked":["Twin Strike","Clash"],"picked":"Sentinel","floor":8},{"not_picked":["Sword Boomerang","Sever Soul"],"picked":"Seeing Red","floor":10},{"not_picked":["Iron Wave","Reaper"],"picked":"Hemokinesis","floor":12},{"not_picked":["Clash","Cleave"],"picked":"Entrench","floor":14},{"not_picked":["Rampage","Anger"],"picked":"Dropkick","floor":15},{"not_picked":["Reaper","Feed"],"picked":"Juggernaut","floor":16},{"not_picked":["Blood for Blood","Body Slam"],"picked":"Shrug It Off+1","floor":18},{"not_picked":["Anger","Pommel Strike"],"picked":"Flex+1","floor":19},{"not_picked":["Demon Form","Sentinel+1"],"picked":"Flex+1","floor":21},{"not_picked":["Havoc","Flex+1"],"picked":"Body Slam+1","floor":22},{"not_picked":["True Grit","Perfected Strike"],"picked":"Inflame","floor":23},{"not_picked":["Body Slam","Wild Strike"],"picked":"Heavy Blade+1","floor":24},{"not_picked":["Rage","Thunderclap"],"picked":"Burning Pact","floor":27},{"not_picked":["Warcry","Clash"],"picked":"Dual Wield","floor":29},{"not_picked":["Sword Boomerang+1","Havoc"],"picked":"Shrug It Off+1","floor":30},{"not_picked":["Clothesline","Iron Wave+1"],"picked":"Sword Boomerang+1","floor":31},{"not_picked":["Pommel Strike","Body Slam"],"picked":"Flex","floor":32},{"not_picked":["Bludgeon","Exhume"],"picked":"Dark Embrace","floor":33},{"not_picked":["Pommel Strike","Heavy Blade+1"],"picked":"Battle Trance+1","floor":35},{"not_picked":["Perfected Strike","Havoc"],"picked":"Pummel+1","floor":41},{"not_picked":["Clash+1","Warcry"],"picked":"Carnage+1","floor":42},{"not_picked":["Flex","Heavy Blade"],"picked":"Seeing Red","floor":44},{"not_picked":["Sever Soul+1","Dual Wield+1"],"picked":"Shrug It Off","floor":46},{"not_picked":["Anger+1","Havoc+1"],"picked":"True Grit+1","floor":47},{"not_picked":["True Grit","Sword Boomerang+1"],"picked":"Dropkick+1","floor":48},{"not_picked":["Clothesline+1","True Grit"],"picked":"Burning Pact","floor":54}],"player_experience":2053641,"relics_obtained":[{"floor":10,"key":"Boot"},{"floor":12,"key":"The Courier"},{"floor":14,"key":"Dream Catcher"},{"floor":23,"key":"Vajra"},{"floor":26,"key":"Bottled Tornado"},{"floor":28,"key":"Ice Cream"},{"floor":38,"key":"Tiny Chest"},{"floor":43,"key":"Sundial"},{"floor":46,"key":"Smiling Mask"},{"floor":54,"key":"Thread and Needle"}],"event_choices":[{"cards_removed":["Strike_R"],"damage_healed":0,"gold_gain":0,"player_choice":"Card Removal","damage_taken":0,"max_hp_gain":0,"max_hp_loss":0,"event_name":"The Cleric","floor":4,"gold_loss":50},{"damage_healed":0,"gold_gain":0,"cards_transformed":["Strike_R"],"player_choice":"Transformed","damage_taken":0,"max_hp_gain":0,"max_hp_loss":0,"event_name":"Transmorgrifier","floor":7,"gold_loss":0,"cards_obtained":["Headbutt"]},{"damage_healed":0,"gold_gain":0,"player_choice":"Searched \u00271\u0027 times","damage_taken":0,"max_hp_gain":0,"max_hp_loss":0,"event_name":"Dead Adventurer","floor":14,"gold_loss":0},{"damage_healed":0,"gold_gain":0,"player_choice":"Simplicity","damage_taken":0,"max_hp_gain":0,"max_hp_loss":0,"event_name":"Back to Basics","floor":25,"gold_loss":0,"cards_upgraded":["Strike_R","Defend_R","Defend_R","Defend_R"]},{"cards_removed":["Juggernaut"],"damage_healed":0,"gold_gain":0,"player_choice":"Took Card","damage_taken":0,"max_hp_gain":0,"max_hp_loss":0,"event_name":"NoteForYourself","floor":36,"gold_loss":0,"cards_obtained":["Defend_R"]}],"is_beta":false,"boss_relics":[{"not_picked":["Orrery","Black Blood"],"picked":"Astrolabe"},{"not_picked":["Philosopher\u0027s Stone","Coffee Dripper"],"picked":"Mark of Pain"}],"items_purged_floors":[],"is_endless":false,"potions_floor_spawned":[1,12,14,18,19,30,33,35,46,47,48],"ascension_level":0}