{"gold_per_floor":[119,194,8,8,8,41,41,68,123,152,168,179,179,53,53,53],"floor_reached":16,"playtime":1128,"items_purged":[],"score":216,"play_id":"6abc9c69-af93-410b-8dc2-f6cfc53b1de1","local_time":"20190416212039","is_ascension_mode":true,"campfire_choices":[{"floor":7.0,"key":"REST"},{"floor":13.0,"key":"REST"},{"data":"Setup","floor":15.0,"key":"SMITH"}],"neow_cost":"NONE","seed_source_timestamp":0,"circlet_count":0,"master_deck":["Defend_G","Defend_G","Defend_G","Defend_G","Defend_G","Strike_G","Strike_G","Strike_G","Strike_G","Survivor","Neutralize","Bouncing Flask","Chrysalis","Choke","Catalyst","Acrobatics","Dagger Throw","Bouncing Flask","Backflip","Setup+1"],"special_seed":0,"relics":["Ring of the Snake","NeowsBlessing","Shuriken","Ornamental Fan","Tiny Chest","Boot"],"potions_floor_usage":[],"damage_taken":[{"damage":0.0,"enemies":"2 Louse","floor":1.0,"turns":1.0},{"damage":0.0,"enemies":"3 Sentries","floor":6.0,"turns":1.0},{"damage":0.0,"enemies":"Lagavulin","floor":8.0,"turns":1.0},{"damage":40.0,"enemies":"Gremlin Nob","floor":10.0,"turns":5.0},{"damage":0.0,"enemies":"Small Slimes","floor":11.0,"turns":3.0},{"damage":0.0,"enemies":"Jaw Worm","floor":12.0,"turns":5.0},{"damage":61,"enemies":"Slime Boss","floor":16,"turns":7}],"seed_played":"1725437299206004956","potions_obtained":[{"floor":1.0,"key":"EssenceOfSteel"},{"floor":11.0,"key":"Regen Potion"}],"is_trial":false,"path_per_floor":["M","?","$","?","$","E","R","E","T","E","M","M","R","$","R","B"],"character_chosen":"THE_SILENT","items_purchased":["Chrysalis","Backflip","Setup"],"campfire_rested":2,"item_purchase_floors":[3,14,14],"current_hp_per_floor":[63,52,52,45,45,45,66,66,66,26,26,38,59,59,59,0],"gold":53,"neow_bonus":"THREE_ENEMY_KILL","is_prod":false,"is_daily":false,"chose_seed":false,"campfire_upgraded":1,"win_rate":0,"timestamp":1555413639,"path_taken":["M","?","$","?","?","E","R","E","T","E","M","M","R","?","R","BOSS"],"build_version":"2019-01-23","purchased_purges":0,"victory":false,"max_hp_per_floor":[70,70,70,70,70,70,70,70,70,70,70,70,70,70,70,70],"card_choices":[{"not_picked":["Deflect","Slice"],"picked":"Bouncing Flask","floor":1.0},{"not_picked":["Eviscerate","Doppelganger"],"picked":"Choke","floor":6.0},{"not_picked":["Finisher","Skewer"],"picked":"Catalyst","floor":8.0},{"not_picked":["Malaise","Tactician"],"picked":"Acrobatics","floor":10.0},{"not_picked":["Outmaneuver","Acrobatics"],"picked":"Dagger Throw","floor":11.0},{"not_picked":["Choke","Slice"],"picked":"Bouncing Flask","floor":12.0}],"player_experience":1244470,"relics_obtained":[{"floor":6.0,"key":"Shuriken"},{"floor":8.0,"key":"Ornamental Fan"},{"floor":9.0,"key":"Tiny Chest"},{"floor":10.0,"key":"Boot"}],"event_choices":[{"damage_healed":0.0,"max_hp_gain":0.0,"max_hp_loss":0.0,"gold_gain":75.0,"event_name":"World of Goop","player_choice":"Gather Gold","floor":2.0,"gold_loss":0.0,"damage_taken":11.0},{"cards_removed":["Strike_G"],"damage_healed":0.0,"max_hp_gain":0.0,"max_hp_loss":0.0,"gold_gain":0.0,"event_name":"Golden Wing","player_choice":"Card Removal","floor":4.0,"gold_loss":0.0,"damage_taken":7.0}],"is_beta":false,"boss_relics":[],"items_purged_floors":[],"is_endless":false,"potions_floor_spawned":[1,11],"killed_by":"Slime Boss","ascension_level":6}