{"gold_per_floor":[112,37,37,37,60,104,104,123,150,150,173,193,193,206,206,337,337,350,350,366,366,366,366,401,401,401,415,435,133,133,133,133,254,254,267,267,71,90,113,113,153,153,153,76,89,13,138,162,162,162],"floor_reached":51,"playtime":23057,"items_purged":[],"score":963,"play_id":"e3eccb0c-1437-4e8a-8f53-60046c1a78bd","local_time":"20190519170038","is_ascension_mode":true,"campfire_choices":[{"data":"Storm","floor":7.0,"key":"SMITH"},{"data":"Defragment","floor":10.0,"key":"SMITH"},{"data":"Hello World","floor":13.0,"key":"SMITH"},{"data":"Capacitor","floor":15.0,"key":"SMITH"},{"data":"Buffer","floor":23,"key":"SMITH"},{"data":"Consume","floor":25,"key":"SMITH"},{"floor":30,"key":"REST"},{"floor":32,"key":"REST"},{"floor":40,"key":"REST"},{"floor":42,"key":"REST"},{"floor":49,"key":"REST"}],"neow_cost":"NONE","seed_source_timestamp":57719276732209,"circlet_count":0,"master_deck":["Strike_B","Strike_B","Defend_B","Defend_B","Defend_B","Zap","Dualcast","Ball Lightning","Storm+1","Hello World+1","Capacitor+1","Defragment+1","Doom and Gloom","Leap","Coolheaded","Buffer+1","Cold Snap","Turbo","Consume+1","Lockon","Cold Snap","Sweeping Beam+1","Defragment+1","Chrysalis","Bandage Up","Thunder Strike","White Noise+1","Apotheosis","White Noise+1","Steam","Storm+1","Static Discharge+1","Double Energy","Loop+1","Steam Power+1","Go for the Eyes+1"],"special_seed":0,"relics":["Cracked Core","NeowsBlessing","Golden Idol","Mummified Hand","PreservedInsect","Orichalcum","Lizard Tail","Art of War","Frozen Egg 2","Happy Flower","Runic Pyramid","StoneCalendar","Ancient Tea Set","Dead Branch"],"potions_floor_usage":[27,27,38,39,50,50,50],"damage_taken":[{"damage":0.0,"enemies":"2 Louse","floor":1.0,"turns":1.0},{"damage":0.0,"enemies":"Jaw Worm","floor":5.0,"turns":1.0},{"damage":0.0,"enemies":"Gremlin Nob","floor":6.0,"turns":1.0},{"damage":12.0,"enemies":"Small Slimes","floor":8.0,"turns":2.0},{"damage":1.0,"enemies":"Looter","floor":11.0,"turns":2.0},{"damage":2.0,"enemies":"2 Fungi Beasts","floor":12.0,"turns":2.0},{"damage":8.0,"enemies":"3 Louse","floor":14.0,"turns":3.0},{"damage":7.0,"enemies":"Slime Boss","floor":16.0,"turns":6.0},{"damage":15,"enemies":"Shell Parasite","floor":18,"turns":4},{"damage":0,"enemies":"Spheric Guardian","floor":20,"turns":3},{"damage":0,"enemies":"Book of Stabbing","floor":24,"turns":3},{"damage":16,"enemies":"Centurion and Healer","floor":27,"turns":6},{"damage":13,"enemies":"Chosen and Byrds","floor":28,"turns":5},{"damage":34,"enemies":"Automaton","floor":33,"turns":11},{"damage":18,"enemies":"Orb Walker","floor":35,"turns":3},{"damage":26,"enemies":"3 Darklings","floor":38,"turns":5},{"damage":0,"enemies":"Sphere and 2 Shapes","floor":39,"turns":3},{"damage":13,"enemies":"Giant Head","floor":41,"turns":6},{"damage":33,"enemies":"Writhing Mass","floor":45,"turns":4},{"damage":0,"enemies":"Mind Bloom Boss Battle","floor":47,"turns":2},{"damage":21,"enemies":"3 Darklings","floor":48,"turns":3},{"damage":44,"enemies":"Time Eater","floor":50,"turns":6}],"seed_played":"2448691552479202044","potions_obtained":[{"floor":5.0,"key":"EssenceOfSteel"},{"floor":11.0,"key":"Block Potion"},{"floor":12.0,"key":"FearPotion"},{"floor":14.0,"key":"SpeedPotion"},{"floor":20,"key":"Block Potion"},{"floor":27,"key":"Weak Potion"},{"floor":33,"key":"Dexterity Potion"},{"floor":39,"key":"FocusPotion"},{"floor":41,"key":"Ancient Potion"},{"floor":47,"key":"Strength Potion"}],"is_trial":false,"path_per_floor":["M","$","?","T","M","E","R","M","T","R","M","M","R","M","R","B",null,"M","?","M","?","?","R","E","R","T","M","M","$","R","?","R","B",null,"M","?","$","M","M","R","E","R","T","$","M","$","?","M","R","B",null],"character_chosen":"DEFECT","items_purchased":["Storm","Chrysalis","Bandage Up","Fire Potion","Apotheosis","Static Discharge+1","Loop+1"],"campfire_rested":5,"item_purchase_floors":[2,29,29,29,37,44,46],"current_hp_per_floor":[68,68,68,68,68,68,68,56,56,56,55,53,53,45,45,38,66,51,51,51,51,51,51,51,51,51,35,22,22,44,44,66,36,65,51,51,51,31,31,53,44,66,66,66,39,39,39,18,40,37],"gold":162,"neow_bonus":"THREE_ENEMY_KILL","is_prod":false,"is_daily":false,"chose_seed":false,"campfire_upgraded":6,"win_rate":0,"timestamp":1558249238,"path_taken":["M","$","?","?","M","E","R","M","T","R","M","M","R","M","R","BOSS","M","?","M","?","?","R","E","R","T","M","M","$","R","?","R","BOSS","M","?","$","M","M","R","E","R","T","$","?","$","?","M","R","BOSS"],"build_version":"2019-01-23","purchased_purges":0,"victory":true,"max_hp_per_floor":[75,75,75,75,75,75,75,75,75,75,75,75,75,75,75,75,75,75,75,75,75,75,75,75,75,75,75,75,75,75,75,75,75,75,75,75,75,75,75,75,75,75,75,75,75,75,75,75,75,75],"card_choices":[{"not_picked":["Sweeping Beam","Barrage"],"picked":"Ball Lightning","floor":1.0},{"not_picked":["Go for the Eyes","Steam"],"picked":"Hello World","floor":5.0},{"not_picked":["Hologram","Beam Cell"],"picked":"Capacitor","floor":6.0},{"not_picked":["Beam Cell","Heatsinks"],"picked":"Defragment","floor":8.0},{"not_picked":["Recycle","Reinforced Body"],"picked":"Doom and Gloom","floor":11.0},{"not_picked":["Compile Driver","Tempest"],"picked":"Leap","floor":12.0},{"not_picked":["Steam","Ball Lightning"],"picked":"Coolheaded","floor":14.0},{"not_picked":["Machine Learning","Fission"],"picked":"Buffer","floor":16.0},{"not_picked":["Hologram","Hello World"],"picked":"Cold Snap","floor":18},{"not_picked":["Beam Cell","Go for the Eyes"],"picked":"Turbo","floor":20},{"not_picked":["Fission","Gash+1"],"picked":"Cold Snap","floor":24},{"not_picked":["Ball Lightning","Redo"],"picked":"Sweeping Beam+1","floor":27},{"not_picked":["Rebound","Recycle"],"picked":"Defragment+1","floor":28},{"not_picked":["Fission","Meteor Strike"],"picked":"Thunder Strike","floor":33},{"not_picked":["Consume+1","Beam Cell+1"],"picked":"White Noise+1","floor":35},{"not_picked":["Reinforced Body","Beam Cell"],"picked":"White Noise+1","floor":38},{"not_picked":["Gash+1","Rainbow"],"picked":"Steam","floor":39},{"not_picked":["Cold Snap+1","Go for the Eyes"],"picked":"Storm+1","floor":41},{"not_picked":["Go for the Eyes+1","Redo"],"picked":"Double Energy","floor":45},{"not_picked":["Compile Driver","Hyperbeam"],"picked":"Steam Power+1","floor":47},{"not_picked":["Turbo+1","Recycle+1"],"picked":"Go for the Eyes+1","floor":48}],"player_experience":1750433,"relics_obtained":[{"floor":4.0,"key":"Mummified Hand"},{"floor":6.0,"key":"PreservedInsect"},{"floor":9.0,"key":"Orichalcum"},{"floor":24,"key":"Art of War"},{"floor":26,"key":"Frozen Egg 2"},{"floor":41,"key":"StoneCalendar"},{"floor":43,"key":"Ancient Tea Set"},{"floor":47,"key":"Dead Branch"}],"event_choices":[{"damage_healed":0.0,"max_hp_gain":0.0,"max_hp_loss":0.0,"gold_gain":0.0,"event_name":"Golden Idol","player_choice":"Take Wound","floor":3.0,"gold_loss":0.0,"damage_taken":0.0,"relics_obtained":["Golden Idol"],"cards_obtained":["Injury"]},{"damage_healed":0,"gold_gain":0,"player_choice":"Ignored","damage_taken":0,"max_hp_gain":0,"max_hp_loss":0,"event_name":"Ghosts","floor":19,"gold_loss":0},{"damage_healed":0,"gold_gain":0,"cards_transformed":["Strike_B","Strike_B"],"player_choice":"Became Test Subject","damage_taken":0,"max_hp_gain":0,"max_hp_loss":0,"event_name":"Drug Dealer","floor":21,"gold_loss":0,"cards_obtained":["Consume","Lockon"]},{"cards_removed":["Injury"],"damage_healed":0,"gold_gain":0,"player_choice":"Elegance","damage_taken":0,"max_hp_gain":0,"max_hp_loss":0,"event_name":"Back to Basics","floor":22,"gold_loss":0},{"damage_healed":0,"gold_gain":0,"player_choice":"Opened","damage_taken":0,"relics_obtained":["Happy Flower"],"max_hp_gain":0,"max_hp_loss":0,"event_name":"The Mausoleum","floor":31,"gold_loss":0},{"cards_removed":["Defend_B"],"damage_healed":0,"gold_gain":0,"player_choice":"Offered Basic","damage_taken":0,"max_hp_gain":0,"max_hp_loss":0,"event_name":"Bonfire Elementals","floor":36,"gold_loss":0},{"damage_healed":0,"gold_gain":0,"player_choice":"Fight","damage_taken":0,"max_hp_gain":0,"max_hp_loss":0,"event_name":"MindBloom","floor":47,"gold_loss":0}],"is_beta":false,"boss_relics":[{"not_picked":["Inserter","Empty Cage"],"picked":"Lizard Tail"},{"not_picked":["White Beast Statue","Astrolabe"],"picked":"Runic Pyramid"}],"items_purged_floors":[],"is_endless":false,"potions_floor_spawned":[5,11,12,14,20,27,33,39,41,45,47],"ascension_level":7}