{"gold_per_floor":[109,14,14,0,11,11,36,36,85,111,37,71,89,12,12,107,107,120,120,120,132,142,142,169,169,225,239,320,320,49,74,74,174,174,186,186,196,242,242,271,69,86,86,86,117,117,117,146,146,146],"floor_reached":51,"playtime":2720,"items_purged":[],"score":1251,"play_id":"0a7a9b10-33d1-4d6a-88b2-35ec370fd75a","local_time":"20190616234403","is_ascension_mode":true,"campfire_choices":[{"data":"Catalyst","floor":6.0,"key":"SMITH"},{"data":"Prepared","floor":8.0,"key":"SMITH"},{"data":"Catalyst","floor":15.0,"key":"SMITH"},{"floor":23.0,"key":"REST"},{"floor":25.0,"key":"REST"},{"floor":32.0,"key":"REST"},{"data":"Metamorphosis","floor":44.0,"key":"SMITH"},{"floor":46.0,"key":"REST"},{"floor":49.0,"key":"REST"}],"neow_cost":"NONE","seed_source_timestamp":869669723760075,"circlet_count":0,"master_deck":["Defend_G","Defend_G","Defend_G","Defend_G","Defend_G","Strike_G","Strike_G","Strike_G","Strike_G","Strike_G","Survivor","Neutralize","Deadly Poison","Catalyst+1","Poisoned Stab","Prepared+1","Deadly Poison","Well Laid Plans","Noxious Fumes","Bouncing Flask","Catalyst+1","Dash","Bullet Time","Concentrate","Noxious Fumes","Prepared","Crippling Poison","Bouncing Flask","Bane","Burst","Acrobatics+1","Bane+1","Flying Knee+1","Noxious Fumes+1","Metamorphosis+1","Footwork","Underhanded Strike","Calculated Gamble+1","Backflip"],"special_seed":0,"relics":["Ring of the Snake","NeowsBlessing","Torii","Orichalcum","Omamori","Bag of Marbles","Runic Pyramid","Enchiridion","Happy Flower","Tiny Chest","Blue Candle","Kunai","Toy Ornithopter","Potion Belt","Philosopher\u0027s Stone","Pocketwatch","Oddly Smooth Stone","Bottled Lightning","Bottled Tornado","Blood Vial"],"potions_floor_usage":[],"damage_taken":[{"damage":0.0,"enemies":"2 Louse","floor":1.0,"turns":1.0},{"damage":0.0,"enemies":"Jaw Worm","floor":5.0,"turns":1.0},{"damage":0.0,"enemies":"3 Sentries","floor":7.0,"turns":1.0},{"damage":1.0,"enemies":"Gremlin Nob","floor":10.0,"turns":4.0},{"damage":7.0,"enemies":"3 Sentries","floor":12.0,"turns":8.0},{"damage":0.0,"enemies":"Cultist","floor":13.0,"turns":2.0},{"damage":0.0,"enemies":"Slime Boss","floor":16.0,"turns":6.0},{"damage":26.0,"enemies":"2 Thieves","floor":18.0,"turns":4.0},{"damage":16.0,"enemies":"3 Byrds","floor":21.0,"turns":4.0},{"damage":6.0,"enemies":"Snake Plant","floor":22.0,"turns":2.0},{"damage":15.0,"enemies":"Book of Stabbing","floor":24.0,"turns":3.0},{"damage":0.0,"enemies":"Snecko","floor":27.0,"turns":3.0},{"damage":2.0,"enemies":"Champ","floor":33.0,"turns":5.0},{"damage":0.0,"enemies":"Orb Walker","floor":35.0,"turns":3.0},{"damage":17.0,"enemies":"3 Shapes","floor":37.0,"turns":3.0},{"damage":40.0,"enemies":"2 Orb Walkers","floor":38.0,"turns":4.0},{"damage":0.0,"enemies":"Nemesis","floor":40.0,"turns":3.0},{"damage":13.0,"enemies":"3 Darklings","floor":42.0,"turns":5.0},{"damage":53.0,"enemies":"Reptomancer","floor":45.0,"turns":5.0},{"damage":41.0,"enemies":"Nemesis","floor":48.0,"turns":7.0},{"damage":42,"enemies":"Time Eater","floor":50,"turns":4}],"seed_played":"5943918193068682435","potions_obtained":[{"floor":5.0,"key":"GhostInAJar"},{"floor":10.0,"key":"PowerPotion"},{"floor":16.0,"key":"SkillPotion"},{"floor":18.0,"key":"SneckoOil"},{"floor":20.0,"key":"SteroidPotion"},{"floor":20.0,"key":"SteroidPotion"},{"floor":20.0,"key":"Poison Potion"},{"floor":22.0,"key":"FearPotion"},{"floor":24.0,"key":"Explosive Potion"},{"floor":27.0,"key":"SteroidPotion"},{"floor":37.0,"key":"SteroidPotion"},{"floor":38.0,"key":"Ancient Potion"},{"floor":40.0,"key":"Block Potion"}],"is_trial":false,"path_per_floor":["M","$","?","?","M","R","E","R","T","E","$","E","M","$","R","B",null,"M","?","?","M","M","R","E","R","T","M","T","?","$","T","R","B",null,"M","?","M","?","?","E","$","M","T","R","E","R","?","E","R","B",null],"character_chosen":"THE_SILENT","items_purchased":["Catalyst","Poisoned Stab","Noxious Fumes","Dash","Bouncing Flask","Bane","Toy Ornithopter","Metamorphosis","Footwork"],"campfire_rested":5,"item_purchase_floors":[2,2,11,14,30,30,30,41,41],"current_hp_per_floor":[63,63,63,63,63,63,63,63,63,62,62,55,55,55,55,55,66,40,24,24,8,2,23,8,29,29,29,29,29,29,29,50,53,66,66,66,49,24,80,80,80,67,67,67,14,38,58,22,46,6],"gold":146,"neow_bonus":"THREE_ENEMY_KILL","is_prod":false,"is_daily":false,"chose_seed":false,"campfire_upgraded":4,"win_rate":0,"timestamp":1560692643,"path_taken":["M","$","?","?","M","R","E","R","T","E","$","E","?","?","R","BOSS","M","?","?","?","M","R","E","R","T","M","?","?","$","?","R","BOSS","M","?","M","?","?","E","$","?","T","R","E","R","?","E","R","BOSS"],"build_version":"2019-01-23","purchased_purges":0,"victory":true,"max_hp_per_floor":[70,70,70,70,70,70,70,70,70,70,70,70,70,70,70,70,70,70,70,70,70,70,70,70,70,70,70,70,70,70,70,70,70,70,70,70,70,70,80,80,80,80,80,80,80,80,80,80,80,80],"card_choices":[{"not_picked":["Terror","Concentrate"],"picked":"Deadly Poison","floor":1.0},{"not_picked":["Expertise","Deflect"],"picked":"Prepared","floor":5.0},{"not_picked":["PiercingWail","Glass Knife"],"picked":"Deadly Poison","floor":7.0},{"not_picked":["Cloak And Dagger","Acrobatics"],"picked":"Well Laid Plans","floor":10.0},{"not_picked":["Calculated Gamble","Quick Slash"],"picked":"Bouncing Flask","floor":12.0},{"not_picked":["Prepared","Acrobatics"],"picked":"Catalyst","floor":13.0},{"not_picked":["Doppelganger","Malaise"],"picked":"Bullet Time","floor":16.0},{"not_picked":["Dagger Throw","Flying Knee"],"picked":"Concentrate","floor":18.0},{"not_picked":["Skewer","Poisoned Stab"],"picked":"Noxious Fumes","floor":21.0},{"not_picked":["Sucker Punch+1","Heel Hook"],"picked":"Prepared","floor":22.0},{"not_picked":["Prepared","Unload"],"picked":"Malaise","floor":24.0},{"not_picked":["Backflip","Underhanded Strike"],"picked":"Crippling Poison","floor":27.0},{"not_picked":["Doppelganger","Malaise"],"picked":"Burst","floor":33.0},{"not_picked":["Sucker Punch+1","Infinite Blades"],"picked":"Acrobatics+1","floor":35.0},{"not_picked":["Sucker Punch+1","Flying Knee+1"],"picked":"Bane+1","floor":37.0},{"not_picked":["Endless Agony+1","Caltrops+1"],"picked":"Flying Knee+1","floor":38.0},{"not_picked":["Dodge and Roll","Endless Agony+1"],"picked":"Noxious Fumes+1","floor":40.0},{"not_picked":["Blade Dance+1","Sucker Punch+1"],"picked":"Underhanded Strike","floor":42.0},{"not_picked":["Noxious Fumes+1","Grand Finale"],"picked":"Calculated Gamble+1","floor":45.0},{"not_picked":["Dagger Throw+1","Deflect"],"picked":"Backflip","floor":48.0}],"player_experience":2209634,"relics_obtained":[{"floor":7.0,"key":"Torii"},{"floor":9.0,"key":"Orichalcum"},{"floor":10.0,"key":"Omamori"},{"floor":12.0,"key":"Bag of Marbles"},{"floor":19.0,"key":"Enchiridion"},{"floor":24.0,"key":"Happy Flower"},{"floor":26.0,"key":"Tiny Chest"},{"floor":28.0,"key":"Blue Candle"},{"floor":31.0,"key":"Potion Belt"},{"floor":38.0,"key":"Pocketwatch"},{"floor":40.0,"key":"Oddly Smooth Stone"},{"floor":43.0,"key":"Bottled Lightning"},{"floor":45.0,"key":"Bottled Tornado"},{"floor":48.0,"key":"Blood Vial"}],"event_choices":[{"damage_healed":0.0,"max_hp_gain":0.0,"max_hp_loss":0.0,"gold_gain":0.0,"event_name":"Shining Light","player_choice":"Ignored","floor":3.0,"gold_loss":0.0,"damage_taken":0.0},{"damage_healed":0.0,"max_hp_gain":0.0,"max_hp_loss":0.0,"gold_gain":0.0,"event_name":"World of Goop","player_choice":"Left Gold","floor":4.0,"gold_loss":14.0,"damage_taken":0.0},{"damage_healed":0.0,"max_hp_gain":0.0,"max_hp_loss":0.0,"gold_gain":0.0,"event_name":"Cursed Tome","player_choice":"Obtained Book","floor":19.0,"gold_loss":0.0,"damage_taken":16.0},{"damage_healed":0.0,"max_hp_gain":0.0,"max_hp_loss":0.0,"gold_gain":0.0,"event_name":"Lab","player_choice":"Got Potions","floor":20.0,"gold_loss":0.0,"damage_taken":0.0},{"damage_healed":0.0,"max_hp_gain":0.0,"max_hp_loss":0.0,"gold_gain":0.0,"event_name":"The Mausoleum","player_choice":"Opened","floor":29.0,"gold_loss":0.0,"damage_taken":0.0,"relics_obtained":["Kunai"],"cards_obtained":["Writhe"]},{"damage_healed":0.0,"max_hp_gain":0.0,"max_hp_loss":0.0,"gold_gain":0.0,"event_name":"Tomb of Lord Red Mask","player_choice":"Ignored","floor":36.0,"gold_loss":0.0,"damage_taken":0.0},{"damage_healed":0.0,"max_hp_gain":0.0,"max_hp_loss":0.0,"gold_gain":0.0,"event_name":"Mysterious Sphere","player_choice":"Fight","floor":38.0,"gold_loss":0.0,"damage_taken":0.0},{"cards_removed":["Malaise"],"damage_healed":46.0,"max_hp_gain":10.0,"max_hp_loss":0.0,"gold_gain":0.0,"event_name":"Bonfire Elementals","player_choice":"Offered Rare","floor":39.0,"gold_loss":0.0,"damage_taken":0.0},{"damage_healed":20.0,"max_hp_gain":0.0,"max_hp_loss":0.0,"gold_gain":0.0,"event_name":"Winding Halls","player_choice":"Writhe","floor":47.0,"gold_loss":0.0,"damage_taken":0.0,"cards_obtained":["Writhe"]}],"is_beta":false,"boss_relics":[{"not_picked":["Calling Bell","Tiny House"],"picked":"Runic Pyramid"},{"not_picked":["Runic Dome","Coffee Dripper"],"picked":"Philosopher\u0027s Stone"}],"items_purged_floors":[],"is_endless":false,"potions_floor_spawned":[5,10,16,18,22,24,27,37,38,40],"ascension_level":8}