{"gold_per_floor":[110,110,110,60,73,98,98,159,214,214,214,234,234,254,254,358,358,373,373,386,386,159,159],"floor_reached":23,"playtime":1506,"items_purged":[],"score":435,"play_id":"3f5ee9fe-98b6-4b1b-914c-18e124a157b4","local_time":"20190323150737","is_ascension_mode":true,"campfire_choices":[{"data":"Rupture","floor":7.0,"key":"SMITH"},{"data":"Flex","floor":10.0,"key":"SMITH"},{"data":"Rupture","floor":13.0,"key":"SMITH"},{"data":"Limit Break","floor":15.0,"key":"SMITH"}],"neow_cost":"NONE","seed_source_timestamp":5174507341826,"circlet_count":0,"master_deck":["AscendersBane","Strike_R","Strike_R","Defend_R","Defend_R","Defend_R+1","Bash+1","Armaments+1","Rupture+1","Rupture+1","Flex+1","Carnage+1","Limit Break+1","Immolate+1","Whirlwind+1","Dark Embrace+1","Brutality+1","Heavy Blade+1","Hemokinesis+1","Combust","True Grit","Sword Boomerang+1","Spot Weakness"],"special_seed":0,"relics":["Burning Blood","NeowsBlessing","Lantern","Tiny Chest","Boot","Molten Egg 2","Astrolabe","FaceOfCleric"],"potions_floor_usage":[],"damage_taken":[{"damage":0.0,"enemies":"Small Slimes","floor":1.0,"turns":2.0},{"damage":0.0,"enemies":"2 Louse","floor":5.0,"turns":1.0},{"damage":0.0,"enemies":"3 Sentries","floor":6.0,"turns":2.0},{"damage":30.0,"enemies":"Gremlin Nob","floor":8.0,"turns":4.0},{"damage":2.0,"enemies":"Jaw Worm","floor":12.0,"turns":3.0},{"damage":12.0,"enemies":"Exordium Thugs","floor":14.0,"turns":4.0},{"damage":0.0,"enemies":"Slime Boss","floor":16.0,"turns":7.0},{"damage":33.0,"enemies":"2 Thieves","floor":18.0,"turns":3.0},{"damage":31.0,"enemies":"Shell Parasite","floor":20.0,"turns":4.0},{"damage":54,"enemies":"Gremlin Leader","floor":23,"turns":4}],"seed_played":"4541449792925900614","potions_obtained":[{"floor":5.0,"key":"AttackPotion"},{"floor":8.0,"key":"FearPotion"},{"floor":20.0,"key":"Swift Potion"}],"is_trial":false,"path_per_floor":["M","?","?","?","M","E","R","E","T","R","T","M","R","M","R","B",null,"M","?","M","?","$","E"],"character_chosen":"IRONCLAD","items_purchased":["Combust","True Grit","Sword Boomerang+1","Spot Weakness"],"campfire_rested":0,"item_purchase_floors":[22,22,22,22],"current_hp_per_floor":[78,62,62,62,68,74,74,50,50,50,50,54,54,48,48,54,74,47,73,48,48,48,0],"gold":159,"neow_bonus":"THREE_ENEMY_KILL","is_prod":false,"is_daily":false,"chose_seed":false,"campfire_upgraded":4,"win_rate":0,"timestamp":1553314057,"path_taken":["M","?","?","?","M","E","R","E","T","R","?","M","R","?","R","BOSS","M","?","M","?","$","E"],"build_version":"2019-01-23","purchased_purges":0,"victory":false,"max_hp_per_floor":[80,80,80,80,80,80,80,80,80,80,80,80,80,80,80,80,80,80,80,80,80,80,80],"card_choices":[{"not_picked":["Pummel","Clash"],"picked":"Armaments","floor":1.0},{"not_picked":["Warcry","True Grit"],"picked":"Rupture","floor":5.0},{"not_picked":["Rage","Entrench"],"picked":"Rupture","floor":6.0},{"not_picked":["Anger","Rage"],"picked":"Flex","floor":8.0},{"not_picked":["Havoc","Cleave+1"],"picked":"Carnage+1","floor":12.0},{"not_picked":["Fire Breathing","Flex"],"picked":"Limit Break","floor":14.0},{"not_picked":["Exhume","Dark Embrace"],"picked":"Immolate+1","floor":16.0},{"not_picked":["Clothesline+1","Headbutt+1"],"picked":"Heavy Blade+1","floor":18.0},{"not_picked":["Burning Pact","Pommel Strike+1"],"picked":"Hemokinesis+1","floor":20.0}],"player_experience":1054155,"relics_obtained":[{"floor":6.0,"key":"Lantern"},{"floor":8.0,"key":"Tiny Chest"},{"floor":9.0,"key":"Boot"},{"floor":11.0,"key":"Molten Egg 2"}],"event_choices":[{"damage_healed":0.0,"max_hp_gain":0.0,"max_hp_loss":0.0,"gold_gain":0.0,"event_name":"Shining Light","player_choice":"Entered Light","floor":2.0,"gold_loss":0.0,"damage_taken":16.0,"cards_upgraded":["Bash","Defend_R"]},{"damage_healed":0.0,"max_hp_gain":0.0,"max_hp_loss":0.0,"gold_gain":0.0,"event_name":"Living Wall","player_choice":"Grow","floor":3.0,"gold_loss":0.0,"damage_taken":0.0,"cards_upgraded":["Armaments"]},{"cards_removed":["Defend_R"],"damage_healed":0.0,"max_hp_gain":0.0,"max_hp_loss":0.0,"gold_gain":0.0,"event_name":"The Cleric","player_choice":"Card Removal","floor":4.0,"gold_loss":50.0,"damage_taken":0.0},{"damage_healed":26.0,"max_hp_gain":0.0,"max_hp_loss":0.0,"gold_gain":0.0,"event_name":"The Library","player_choice":"Heal","floor":19.0,"gold_loss":0.0,"damage_taken":0.0},{"damage_healed":0.0,"max_hp_gain":0.0,"max_hp_loss":0.0,"gold_gain":0.0,"event_name":"FaceTrader","player_choice":"Trade","floor":21.0,"gold_loss":0.0,"damage_taken":0.0,"relics_obtained":["FaceOfCleric"]}],"is_beta":false,"boss_relics":[{"not_picked":["Pandora\u0027s Box","Coffee Dripper"],"picked":"Astrolabe"}],"items_purged_floors":[],"is_endless":false,"potions_floor_spawned":[5,8,20],"killed_by":"Gremlin Leader","ascension_level":12}