{"gold_per_floor":[109,158,158,172,187,187,216,230,277,32,0,0],"floor_reached":12,"playtime":428,"items_purged":["Strike_G"],"score":144,"play_id":"7df9d8e5-d83c-453e-a586-831101f69e56","local_time":"20190611125332","is_ascension_mode":true,"campfire_choices":[{"data":"Deadly Poison","floor":6,"key":"SMITH"}],"neow_cost":"NONE","seed_source_timestamp":279396662108,"circlet_count":0,"master_deck":["AscendersBane","Defend_G","Defend_G","Defend_G","Defend_G","Defend_G","Strike_G","Strike_G","Strike_G","Strike_G","Survivor","Neutralize","Deadly Poison+1","Dodge and Roll","Deflect","PiercingWail+1","PiercingWail+1","Leg Sweep+1","Infinite Blades"],"relics":["WristBlade","Regal Pillow","Kunai","Toxic Egg 2","Juzu Bracelet"],"potions_floor_usage":[],"damage_taken":[{"damage":0,"enemies":"Cultist","floor":1,"turns":4},{"damage":0,"enemies":"Small Slimes","floor":4,"turns":3},{"damage":2,"enemies":"Jaw Worm","floor":5,"turns":5},{"damage":27,"enemies":"3 Sentries","floor":7,"turns":14},{"damage":5,"enemies":"Blue Slaver","floor":8,"turns":5},{"damage":10,"enemies":"2 Fungi Beasts","floor":12,"turns":3}],"seed_played":"4394424616990938804","potions_obtained":[{"floor":5,"key":"Ancient Potion"},{"floor":8,"key":"Explosive Potion"}],"is_trial":false,"path_per_floor":["M","T","?","M","M","R","E","M","T","$","?","M"],"character_chosen":"THE_SILENT","items_purchased":["Leg Sweep+1","Infinite Blades"],"campfire_rested":0,"item_purchase_floors":[10,10],"current_hp_per_floor":[59,59,41,41,39,39,12,7,7,7,7,0],"gold":0,"neow_bonus":"BOSS_RELIC","is_prod":false,"is_daily":false,"chose_seed":false,"campfire_upgraded":1,"win_rate":0,"timestamp":1560250412,"path_taken":["M","?","?","?","M","R","E","M","T","$","?","M"],"build_version":"2019-01-23","purchased_purges":1,"victory":false,"max_hp_per_floor":[66,66,66,66,66,66,66,66,66,66,66,66],"card_choices":[{"not_picked":["Expertise","Bane"],"picked":"Deadly Poison","floor":1},{"not_picked":["Calculated Gamble","Tactician"],"picked":"Dodge and Roll","floor":4},{"not_picked":["Underhanded Strike","Prepared"],"picked":"Deflect","floor":5},{"not_picked":["Tactician","Flechettes"],"picked":"PiercingWail","floor":7},{"not_picked":["Backstab","Acrobatics+1"],"picked":"PiercingWail+1","floor":8}],"player_experience":740881,"relics_obtained":[{"floor":2,"key":"Regal Pillow"},{"floor":7,"key":"Toxic Egg 2"},{"floor":9,"key":"Juzu Bracelet"}],"event_choices":[{"damage_healed":0,"gold_gain":0,"player_choice":"Success","damage_taken":18,"relics_obtained":["Kunai"],"max_hp_gain":0,"max_hp_loss":0,"event_name":"Scrap Ooze","floor":3,"gold_loss":0},{"damage_healed":0,"gold_gain":0,"player_choice":"Left Gold","damage_taken":0,"max_hp_gain":0,"max_hp_loss":0,"event_name":"World of Goop","floor":11,"gold_loss":32}],"is_beta":false,"boss_relics":[],"items_purged_floors":[10],"is_endless":false,"potions_floor_spawned":[5,8],"killed_by":"2 Fungi Beasts","ascension_level":17}