{"gold_per_floor":[114,124,135,100,18,46,46,16,42,42,72,72,103,121,121,224,224,234,33,33,51,4,4,14,39,39,68,68,68,68,98,98,200,200,216,28,38,52,69,69,83,83,83,83,83,98,132,5,5,5],"floor_reached":50,"playtime":7597,"items_purged":[],"score":789,"play_id":"2b0beb9c-2895-4377-b282-efcc2e39d642","local_time":"20190518002453","is_ascension_mode":true,"campfire_choices":[{"floor":7.0,"key":"REST"},{"data":"Crippling Poison","floor":12.0,"key":"SMITH"},{"data":"Catalyst","floor":15.0,"key":"SMITH"},{"data":"Corpse Explosion","floor":23.0,"key":"SMITH"},{"data":"Infinite Blades","floor":28.0,"key":"SMITH"},{"data":"Prepared","floor":30.0,"key":"SMITH"},{"data":"Underhanded Strike","floor":32.0,"key":"SMITH"},{"floor":40.0,"key":"REST"},{"data":"Mayhem","floor":42.0,"key":"SMITH"},{"data":"Noxious Fumes","floor":49,"key":"SMITH"}],"neow_cost":"NONE","seed_source_timestamp":457400082841440,"circlet_count":0,"master_deck":["Defend_G","Defend_G","Defend_G","Defend_G+1","Strike_G","Strike_G","Strike_G","Strike_G","Survivor+1","Neutralize","Envenom","Flying Knee","Crippling Poison+1","Cloak And Dagger","Bandage Up","Prepared+1","Backflip","Catalyst+1","Flechettes","Endless Agony","Corpse Explosion+1","Deflect+1","Caltrops","Mayhem+1","Bane","Dagger Spray","Dash+1","Choke+1","Infinite Blades+1","Adrenaline+1","Underhanded Strike+1","Glass Knife","Deadly Poison+1","Apotheosis+1","Adrenaline+1","Dagger Throw+1","Prepared+1","Crippling Poison+1","Madness+1","Madness+1","Infinite Blades+1","Accuracy+1","Deadly Poison+1","Noxious Fumes+1"],"special_seed":0,"relics":["Ring of the Snake","Omamori","Boot","War Paint","Shuriken","Mummified Hand","Eternal Feather","Unceasing Top","Blue Candle","Toxic Egg 2","Orichalcum","WristBlade","Dream Catcher","Lantern"],"potions_floor_usage":[50,50],"damage_taken":[{"damage":1.0,"enemies":"Jaw Worm","floor":1.0,"turns":6.0},{"damage":12.0,"enemies":"2 Louse","floor":2.0,"turns":2.0},{"damage":0.0,"enemies":"Cultist","floor":3.0,"turns":4.0},{"damage":31.0,"enemies":"3 Sentries","floor":6.0,"turns":12.0},{"damage":3.0,"enemies":"Looter","floor":8.0,"turns":4.0},{"damage":8.0,"enemies":"Gremlin Nob","floor":11.0,"turns":5.0},{"damage":22.0,"enemies":"3 Sentries","floor":13.0,"turns":11.0},{"damage":3.0,"enemies":"Lots of Slimes","floor":14.0,"turns":3.0},{"damage":24.0,"enemies":"Slime Boss","floor":16.0,"turns":10.0},{"damage":18.0,"enemies":"Chosen","floor":18.0,"turns":6.0},{"damage":4.0,"enemies":"3 Byrds","floor":21.0,"turns":4.0},{"damage":0.0,"enemies":"Snecko","floor":24.0,"turns":3.0},{"damage":13.0,"enemies":"Slavers","floor":25.0,"turns":2.0},{"damage":18.0,"enemies":"Book of Stabbing","floor":27.0,"turns":5.0},{"damage":12.0,"enemies":"Gremlin Leader","floor":31.0,"turns":6.0},{"damage":52.0,"enemies":"Automaton","floor":33.0,"turns":8.0},{"damage":22.0,"enemies":"3 Shapes","floor":35.0,"turns":4.0},{"damage":12.0,"enemies":"Orb Walker","floor":37.0,"turns":4.0},{"damage":0.0,"enemies":"Jaw Worm Horde","floor":38.0,"turns":3.0},{"damage":13.0,"enemies":"Sphere and 2 Shapes","floor":39.0,"turns":4.0},{"damage":1.0,"enemies":"4 Shapes","floor":41.0,"turns":4.0},{"damage":0.0,"enemies":"3 Darklings","floor":46.0,"turns":3.0},{"damage":33,"enemies":"Giant Head","floor":47,"turns":7},{"damage":97,"enemies":"Awakened One","floor":50,"turns":7}],"seed_played":"8512420929228288543","potions_obtained":[{"floor":6.0,"key":"Block Potion"},{"floor":13.0,"key":"GamblersBrew"},{"floor":16.0,"key":"FearPotion"},{"floor":20.0,"key":"PowerPotion"},{"floor":20.0,"key":"Block Potion"},{"floor":21.0,"key":"Dexterity Potion"},{"floor":25.0,"key":"PowerPotion"},{"floor":31.0,"key":"SpeedPotion"},{"floor":33.0,"key":"FearPotion"},{"floor":35.0,"key":"Ancient Potion"},{"floor":39.0,"key":"PowerPotion"},{"floor":47,"key":"Energy Potion"}],"is_trial":false,"path_per_floor":["M","M","M","?","$","E","R","M","T","?","E","R","E","M","R","B",null,"M","$","?","M","$","R","M","E","T","E","R","?","R","E","R","B",null,"M","$","M","M","M","R","M","R","T","?","?","M","E","$","R","B"],"character_chosen":"THE_SILENT","items_purchased":["Bandage Up","Caltrops","Mayhem","Dagger Spray","Apotheosis+1","Deadly Poison+1","Noxious Fumes"],"campfire_rested":2,"item_purchase_floors":[5,19,19,22,36,48,48],"current_hp_per_floor":[62,50,50,67,67,40,61,62,62,62,58,58,40,41,41,21,58,44,44,44,44,44,59,59,46,46,32,50,50,68,60,70,22,58,40,40,32,32,25,67,66,70,70,70,61,65,37,37,61,0],"gold":5,"neow_bonus":"ONE_RANDOM_RARE_CARD","is_prod":false,"is_daily":false,"chose_seed":false,"campfire_upgraded":8,"win_rate":0,"timestamp":1558103093,"path_taken":["M","M","M","?","$","E","R","M","T","?","E","R","E","M","R","BOSS","M","$","?","M","$","R","?","E","T","E","R","?","R","E","R","BOSS","M","$","?","M","M","R","M","R","T","?","?","M","E","$","R","BOSS"],"build_version":"2019-01-23","purchased_purges":0,"victory":false,"max_hp_per_floor":[70,70,70,70,70,70,70,70,70,70,70,70,70,70,70,70,70,70,70,70,70,70,70,70,70,70,70,70,70,70,70,70,70,70,70,70,70,70,70,70,70,70,70,70,70,70,70,70,70,70],"card_choices":[{"not_picked":["Backflip","Dodge and Roll"],"picked":"Flying Knee","floor":1.0},{"not_picked":["Flying Knee","Well Laid Plans"],"picked":"Crippling Poison","floor":2.0},{"not_picked":["Expertise","Quick Slash"],"picked":"Cloak And Dagger","floor":3.0},{"not_picked":["All Out Attack","Masterful Stab"],"picked":"Prepared","floor":6.0},{"not_picked":["Acrobatics","Malaise"],"picked":"Backflip","floor":8.0},{"not_picked":["Cloak And Dagger","PiercingWail"],"picked":"Catalyst","floor":11.0},{"not_picked":["Setup","Acrobatics"],"picked":"Flechettes","floor":13.0},{"not_picked":["Flechettes","Backflip"],"picked":"Endless Agony","floor":14.0},{"not_picked":["Bullet Time","Venomology"],"picked":"Corpse Explosion","floor":16.0},{"not_picked":["Underhanded Strike","Quick Slash"],"picked":"Deflect+1","floor":18.0},{"not_picked":["Flying Knee","Reflex"],"picked":"Bane","floor":21.0},{"not_picked":["Backflip","Acrobatics+1"],"picked":"Dash+1","floor":24.0},{"not_picked":["Reflex+1","Terror"],"picked":"Choke+1","floor":25.0},{"not_picked":["Tactician","Sucker Punch"],"picked":"Infinite Blades","floor":27.0},{"not_picked":["Predator","Grand Finale"],"picked":"Underhanded Strike","floor":31.0},{"not_picked":["Unload","Wraith Form v2"],"picked":"Glass Knife","floor":33.0},{"not_picked":["Quick Slash","PiercingWail+1"],"picked":"Deadly Poison+1","floor":35.0},{"not_picked":["Bane","Dodge and Roll+1"],"picked":"Adrenaline+1","floor":37.0},{"not_picked":["Expertise+1","Outmaneuver+1"],"picked":"Dagger Throw+1","floor":38.0},{"not_picked":["Backflip+1","Skewer"],"picked":"Prepared+1","floor":39.0},{"not_picked":["Poisoned Stab+1","Slice"],"picked":"Crippling Poison+1","floor":41.0},{"not_picked":["Expertise+1","Dagger Throw"],"picked":"Infinite Blades+1","floor":46.0},{"not_picked":["Doppelganger+1","Concentrate+1"],"picked":"Accuracy+1","floor":47}],"player_experience":1742836,"relics_obtained":[{"floor":6.0,"key":"Omamori"},{"floor":9.0,"key":"Boot"},{"floor":11.0,"key":"Shuriken"},{"floor":13.0,"key":"Mummified Hand"},{"floor":25.0,"key":"Unceasing Top"},{"floor":26.0,"key":"Blue Candle"},{"floor":27.0,"key":"Toxic Egg 2"},{"floor":31.0,"key":"Orichalcum"},{"floor":43.0,"key":"Dream Catcher"},{"floor":47,"key":"Lantern"}],"event_choices":[{"damage_healed":17.0,"max_hp_gain":0.0,"max_hp_loss":0.0,"gold_gain":0.0,"event_name":"The Cleric","player_choice":"Healed","floor":4.0,"gold_loss":35.0,"damage_taken":0.0},{"damage_healed":0.0,"max_hp_gain":0.0,"max_hp_loss":0.0,"gold_gain":0.0,"event_name":"Big Fish","player_choice":"Box","floor":10.0,"gold_loss":0.0,"damage_taken":0.0,"relics_obtained":["War Paint"],"cards_obtained":["Regret"]},{"damage_healed":0.0,"max_hp_gain":0.0,"max_hp_loss":0.0,"gold_gain":0.0,"event_name":"Lab","player_choice":"Got Potions","floor":20.0,"gold_loss":0.0,"damage_taken":0.0},{"damage_healed":0.0,"max_hp_gain":0.0,"max_hp_loss":0.0,"gold_gain":0.0,"cards_transformed":["Defend_G"],"event_name":"Transmorgrifier","player_choice":"Transformed","floor":29.0,"gold_loss":0.0,"damage_taken":0.0,"cards_obtained":["Adrenaline"]},{"cards_removed":["Strike_G"],"damage_healed":0.0,"max_hp_gain":0.0,"max_hp_loss":0.0,"gold_gain":0.0,"event_name":"Falling","player_choice":"Removed Attack","floor":44.0,"gold_loss":0.0,"damage_taken":0.0},{"damage_healed":0.0,"max_hp_gain":0.0,"max_hp_loss":0.0,"gold_gain":0.0,"event_name":"Winding Halls","player_choice":"Embrace Madness","floor":45.0,"gold_loss":0.0,"damage_taken":9.0,"cards_obtained":["Madness","Madness"]}],"is_beta":false,"boss_relics":[{"not_picked":["Snecko Eye","HoveringKite"],"picked":"Eternal Feather"},{"not_picked":["Runic Pyramid","Philosopher\u0027s Stone"],"picked":"WristBlade"}],"items_purged_floors":[],"is_endless":false,"potions_floor_spawned":[6,13,16,21,25,31,33,35,39,47],"killed_by":"Awakened One","ascension_level":8}