{"gold_per_floor":[19,19,33,47,57,87,87,46,99,99,118,118,393,405,405,508,508,525,525,535,535,546,546,546],"floor_reached":24,"playtime":1614,"items_purged":[],"score":297,"play_id":"fcfe6c6b-5d77-47a9-af49-c0518b46b15e","local_time":"20190308154754","is_ascension_mode":true,"campfire_choices":[{"data":"Carnage","floor":7.0,"key":"SMITH"},{"data":"Shockwave","floor":10.0,"key":"SMITH"},{"data":"Sever Soul","floor":12.0,"key":"SMITH"},{"data":"Infernal Blade","floor":15.0,"key":"SMITH"},{"floor":23,"key":"REST"}],"neow_cost":"NO_GOLD","seed_source_timestamp":0,"circlet_count":0,"master_deck":["AscendersBane","Strike_R","Strike_R","Strike_R","Strike_R","Defend_R","Defend_R","Defend_R","Bash","Infernal Blade+1","Carnage+1","Sever Soul+1","Clash","Shockwave+1","Clash","Feel No Pain","Dropkick","Regret","Infernal Blade+1","Fiend Fire","Whirlwind+1","Twin Strike","Anger"],"special_seed":0,"relics":["Burning Blood","Art of War","Tiny Chest","Cursed Key","Matryoshka"],"potions_floor_usage":[20],"damage_taken":[{"damage":12.0,"enemies":"Small Slimes","floor":1.0,"turns":3.0},{"damage":1.0,"enemies":"Cultist","floor":3.0,"turns":3.0},{"damage":0.0,"enemies":"2 Louse","floor":4.0,"turns":2.0},{"damage":18.0,"enemies":"Red Slaver","floor":5.0,"turns":4.0},{"damage":25.0,"enemies":"3 Sentries","floor":6.0,"turns":5.0},{"damage":3.0,"enemies":"Blue Slaver","floor":11.0,"turns":2.0},{"damage":1.0,"enemies":"Gremlin Gang","floor":14.0,"turns":2.0},{"damage":2.0,"enemies":"Slime Boss","floor":16.0,"turns":6.0},{"damage":12.0,"enemies":"Spheric Guardian","floor":18.0,"turns":3.0},{"damage":16,"enemies":"Shell Parasite","floor":20,"turns":4},{"damage":48,"enemies":"Shelled Parasite and Fungi","floor":22,"turns":5},{"damage":46,"enemies":"Book of Stabbing","floor":24,"turns":4}],"seed_played":"-4182879089299764959","potions_obtained":[{"floor":4.0,"key":"Regen Potion"},{"floor":6.0,"key":"Block Potion"},{"floor":11.0,"key":"AttackPotion"},{"floor":18.0,"key":"Weak Potion"}],"is_trial":false,"path_per_floor":["M","?","M","M","M","E","R","$","T","R","M","R","?","M","R","B",null,"M","T","M","?","M","R","E"],"character_chosen":"IRONCLAD","items_purchased":["Dropkick"],"campfire_rested":1,"item_purchase_floors":[8],"current_hp_per_floor":[66,66,71,77,65,46,46,46,46,46,49,49,49,54,54,73,78,72,72,62,62,20,44,0],"gold":546,"neow_bonus":"TRANSFORM_TWO_CARDS","is_prod":false,"is_daily":false,"chose_seed":false,"campfire_upgraded":4,"win_rate":0,"timestamp":1552020474,"path_taken":["M","?","?","M","M","E","R","?","T","R","?","R","?","M","R","BOSS","M","?","M","?","?","R","E"],"build_version":"2019-01-23","purchased_purges":0,"victory":false,"max_hp_per_floor":[80,80,80,80,80,80,80,80,80,80,80,80,80,80,80,80,80,80,80,80,80,80,80,80],"card_choices":[{"not_picked":["Pommel Strike","Warcry"],"picked":"Sever Soul","floor":1.0},{"not_picked":["Armaments","Searing Blow"],"picked":"Clash","floor":3.0},{"not_picked":["True Grit","Thunderclap"],"picked":"Shockwave","floor":4.0},{"not_picked":["Body Slam","Burning Pact"],"picked":"Clash","floor":5.0},{"not_picked":["Uppercut","Shockwave"],"picked":"Feel No Pain","floor":6.0},{"not_picked":["Body Slam","Armaments","Intimidate"],"picked":"SKIP","floor":11.0},{"not_picked":["Rupture","Battle Trance"],"picked":"Infernal Blade","floor":14.0},{"not_picked":["Reaper","Berserk"],"picked":"Fiend Fire","floor":16.0},{"not_picked":["Carnage","Rupture+1"],"picked":"Whirlwind+1","floor":18.0},{"not_picked":["Headbutt","Shockwave+1"],"picked":"Twin Strike","floor":20},{"not_picked":["Cleave","Sword Boomerang"],"picked":"Anger","floor":22}],"player_experience":848362,"relics_obtained":[{"floor":6.0,"key":"Art of War"},{"floor":9.0,"key":"Tiny Chest"},{"floor":19.0,"key":"Matryoshka"}],"event_choices":[{"damage_healed":0.0,"max_hp_gain":0.0,"max_hp_loss":0.0,"gold_gain":0.0,"event_name":"Upgrade Shrine","player_choice":"Upgraded","floor":2.0,"gold_loss":0.0,"damage_taken":0.0,"cards_upgraded":["Infernal Blade"]},{"damage_healed":0.0,"max_hp_gain":0.0,"max_hp_loss":0.0,"gold_gain":275.0,"event_name":"Golden Shrine","player_choice":"Desecrate","floor":13.0,"gold_loss":0.0,"damage_taken":0.0,"cards_obtained":["Regret"]},{"cards_removed":["Normality"],"damage_healed":0,"gold_gain":0,"player_choice":"Purged","damage_taken":0,"max_hp_gain":0,"max_hp_loss":0,"event_name":"Purifier","floor":21,"gold_loss":0}],"is_beta":false,"boss_relics":[{"not_picked":["Orrery","Calling Bell"],"picked":"Cursed Key"}],"items_purged_floors":[],"is_endless":false,"potions_floor_spawned":[4,6,11,18],"killed_by":"Book of Stabbing","ascension_level":10}