{"gold_per_floor":[119,294,306,306,322,322,335,335],"floor_reached":8,"playtime":551,"items_purged":[],"score":67,"play_id":"558217ca-16e2-4cf4-a8b9-759ba19fd0d6","local_time":"20190606235906","is_ascension_mode":true,"campfire_choices":[{"data":"Defragment","floor":6,"key":"SMITH"}],"neow_cost":"NONE","seed_source_timestamp":0,"circlet_count":0,"master_deck":["Strike_B","Strike_B","Strike_B","Strike_B","Defend_B","Defend_B","Defend_B","Defend_B","Zap","Dualcast","Coolheaded","Streamline","Doubt","Defragment+1","Coolheaded","Conserve Battery"],"special_seed":0,"relics":["Cracked Core","Lantern"],"potions_floor_usage":[8],"damage_taken":[{"damage":12,"enemies":"Jaw Worm","floor":1,"turns":5},{"damage":2,"enemies":"2 Louse","floor":3,"turns":2},{"damage":19,"enemies":"Cultist","floor":5,"turns":6},{"damage":13,"enemies":"2 Fungi Beasts","floor":7,"turns":3},{"damage":15,"enemies":"Gremlin Nob","floor":8,"turns":3}],"seed_played":"-4567190251039007869","potions_obtained":[{"floor":3,"key":"SteroidPotion"},{"floor":7,"key":"LiquidBronze"}],"is_trial":false,"path_per_floor":["M","?","M","?","M","R","M","E"],"character_chosen":"DEFECT","items_purchased":[],"campfire_rested":0,"item_purchase_floors":[],"current_hp_per_floor":[56,56,54,42,23,23,10,0],"gold":335,"neow_bonus":"THREE_CARDS","is_prod":false,"is_daily":false,"chose_seed":false,"campfire_upgraded":1,"win_rate":0,"timestamp":1559829546,"path_taken":["M","?","M","?","M","R","M","E"],"build_version":"2019-01-23","purchased_purges":0,"victory":false,"max_hp_per_floor":[75,75,75,75,75,75,75,75],"card_choices":[{"not_picked":["Sweeping Beam","Compile Driver"],"picked":"Coolheaded","floor":0.0},{"not_picked":["Conserve Battery","Hologram"],"picked":"Streamline","floor":1},{"not_picked":["Reprogram","Stack"],"picked":"Defragment","floor":3},{"not_picked":["Steam Power","Gash"],"picked":"Coolheaded","floor":5},{"not_picked":["Steam","Go for the Eyes"],"picked":"Conserve Battery","floor":7}],"player_experience":2102107,"relics_obtained":[],"event_choices":[{"damage_healed":0,"gold_gain":175,"player_choice":"AGREE","damage_taken":0,"max_hp_gain":0,"max_hp_loss":0,"event_name":"Liars Game","floor":2,"gold_loss":0,"cards_obtained":["Doubt"]},{"damage_healed":0,"gold_gain":0,"player_choice":"Success","damage_taken":12,"relics_obtained":["Lantern"],"max_hp_gain":0,"max_hp_loss":0,"event_name":"Scrap Ooze","floor":4,"gold_loss":0}],"is_beta":false,"boss_relics":[],"items_purged_floors":[],"is_endless":false,"potions_floor_spawned":[3,7],"killed_by":"Gremlin Nob","ascension_level":8}