{"gold_per_floor":[118,118,33,52,52,86,86,105,105,105,115,162,192,209,209,306,356,369,369,379,479,479,508,508,508],"floor_reached":25,"playtime":1798,"items_purged":[],"score":393,"play_id":"327a9b31-1873-4b7a-aedd-652f5ec1dc36","local_time":"20190620221853","is_ascension_mode":true,"campfire_choices":[{"data":"Barrage","floor":7,"key":"SMITH"},{"floor":10,"key":"REST"},{"data":"Double Energy","floor":15,"key":"SMITH"},{"floor":24,"key":"REST"}],"neow_cost":"NONE","seed_source_timestamp":89153127394029,"circlet_count":0,"master_deck":["Strike_B+1","Strike_B","Strike_B","Strike_B","Defend_B","Defend_B","Defend_B","Defend_B","Zap+1","Dualcast","Glacier","Gash","BootSequence","Conserve Battery","Barrage+1","Leap","Coolheaded","Conserve Battery","Tempest","Double Energy+1","Rainbow","Sunder","Gash","BootSequence","Redo","Coolheaded"],"relics":["Cracked Core","Turnip","Art of War","StoneCalendar","Dream Catcher","Mercury Hourglass","Tiny House","Ginger","Pear","Pen Nib"],"potions_floor_usage":[13,16,16,18,21,23,25],"damage_taken":[{"damage":2,"enemies":"Jaw Worm","floor":1,"turns":5},{"damage":0,"enemies":"2 Louse","floor":4,"turns":4},{"damage":32,"enemies":"Lagavulin","floor":6,"turns":10},{"damage":2,"enemies":"Cultist","floor":8,"turns":3},{"damage":1,"enemies":"Blue Slaver","floor":11,"turns":4},{"damage":6,"enemies":"3 Sentries","floor":13,"turns":7},{"damage":3,"enemies":"Large Slime","floor":14,"turns":4},{"damage":12,"enemies":"Slime Boss","floor":16,"turns":7},{"damage":16,"enemies":"Spheric Guardian","floor":18,"turns":4},{"damage":10,"enemies":"2 Thieves","floor":20,"turns":5},{"damage":17,"enemies":"Colosseum Slavers","floor":21,"turns":5},{"damage":23,"enemies":"Colosseum Nobs","floor":21,"turns":4},{"damage":39,"enemies":"Slavers","floor":23,"turns":7},{"damage":29,"enemies":"Book of Stabbing","floor":25,"turns":5}],"seed_played":"-7903049156538724494","potions_obtained":[{"floor":8,"key":"EssenceOfSteel"},{"floor":11,"key":"EssenceOfSteel"},{"floor":13,"key":"GamblersBrew"},{"floor":14,"key":"FocusPotion"},{"floor":17,"key":"Regen Potion"},{"floor":21,"key":"Weak Potion"},{"floor":23,"key":"LiquidBronze"}],"is_trial":false,"path_per_floor":["M","?","$","M","?","E","R","M","T","R","M","T","E","M","R","B",null,"M","?","M","?","?","E","R","E"],"character_chosen":"DEFECT","items_purchased":["BootSequence","Conserve Battery"],"campfire_rested":2,"item_purchase_floors":[3,3],"current_hp_per_floor":[66,66,66,66,66,34,34,32,32,54,53,53,47,44,44,32,69,62,80,70,40,40,1,28,0],"gold":508,"neow_bonus":"THREE_CARDS","is_prod":false,"is_daily":false,"chose_seed":false,"campfire_upgraded":2,"win_rate":0,"timestamp":1561033133,"path_taken":["M","?","$","M","?","E","R","M","T","R","M","?","E","M","R","BOSS","M","?","?","?","?","E","R","E"],"build_version":"2019-01-23","purchased_purges":0,"victory":false,"max_hp_per_floor":[75,75,75,75,75,75,75,75,75,75,75,75,75,75,75,75,80,80,80,80,90,90,90,90,90],"card_choices":[{"not_picked":["Turbo","Rebound"],"picked":"Glacier","floor":0},{"not_picked":["Barrage","Rebound"],"picked":"Gash","floor":1},{"not_picked":["Stack","Compile Driver"],"picked":"Barrage","floor":4},{"not_picked":["Hologram","Compile Driver"],"picked":"Leap","floor":6},{"not_picked":["Go for the Eyes","Steam"],"picked":"Coolheaded","floor":8},{"not_picked":["Leap","Hologram"],"picked":"Conserve Battery","floor":11},{"not_picked":["Streamline","Thunder Strike"],"picked":"Tempest","floor":13},{"not_picked":["Steam","Compile Driver"],"picked":"Double Energy","floor":14},{"not_picked":["Meteor Strike","Fission"],"picked":"Rainbow","floor":16},{"not_picked":["Stack","Beam Cell"],"picked":"Tempest","floor":17},{"not_picked":["Melter+1","Rebound"],"picked":"Sunder","floor":18},{"not_picked":["Buffer","Coolheaded"],"picked":"Gash","floor":20},{"not_picked":["Redo","Rip and Tear"],"picked":"BootSequence","floor":21},{"not_picked":["Stack","Go for the Eyes"],"picked":"Redo","floor":23},{"not_picked":["Rebound","FTL"],"picked":"Coolheaded","floor":24}],"player_experience":2226143,"relics_obtained":[{"floor":6,"key":"Art of War"},{"floor":9,"key":"StoneCalendar"},{"floor":12,"key":"Dream Catcher"},{"floor":13,"key":"Mercury Hourglass"},{"floor":21,"key":"Ginger"},{"floor":21,"key":"Pear"},{"floor":23,"key":"Pen Nib"}],"event_choices":[{"damage_healed":0,"gold_gain":0,"player_choice":"Grow","damage_taken":0,"max_hp_gain":0,"max_hp_loss":0,"event_name":"Living Wall","floor":2,"gold_loss":0,"cards_upgraded":["Zap"]},{"damage_healed":0,"gold_gain":0,"player_choice":"Box","damage_taken":0,"relics_obtained":["Turnip"],"max_hp_gain":0,"max_hp_loss":0,"event_name":"Big Fish","floor":5,"gold_loss":0,"cards_obtained":["Regret"]},{"cards_removed":["Tempest"],"damage_healed":18,"gold_gain":0,"player_choice":"Offered Uncommon","damage_taken":0,"max_hp_gain":0,"max_hp_loss":0,"event_name":"Bonfire Elementals","floor":19,"gold_loss":0},{"damage_healed":0,"gold_gain":0,"player_choice":"Fight","damage_taken":0,"max_hp_gain":0,"max_hp_loss":0,"event_name":"Colosseum","floor":21,"gold_loss":0},{"damage_healed":0,"gold_gain":0,"player_choice":"Fought Nobs","damage_taken":0,"max_hp_gain":0,"max_hp_loss":0,"event_name":"Colosseum","floor":21,"gold_loss":0},{"cards_removed":["Regret"],"damage_healed":0,"gold_gain":0,"player_choice":"Elegance","damage_taken":0,"max_hp_gain":0,"max_hp_loss":0,"event_name":"Back to Basics","floor":22,"gold_loss":0}],"is_beta":false,"boss_relics":[{"not_picked":["Orrery","Velvet Choker"],"picked":"Tiny House"}],"items_purged_floors":[],"is_endless":false,"potions_floor_spawned":[8,11,13,14,21,23],"killed_by":"Book of Stabbing","ascension_level":9}