{"gold_per_floor":[113,113,132,142,1,29,29,29,29,44,78,78,98,133,133,208,208,228,240,240,0,20,20,20,49,125,125,143,168,182,199,199,278,278,297,397,347,360,2,32,48,48,101,17,17,29,42,56,56,56],"floor_reached":50,"playtime":3168,"items_purged":["Strike_G"],"score":1013,"play_id":"6bac4182-ea12-439b-88fc-035d597fb5b5","local_time":"20190618135432","is_ascension_mode":true,"campfire_choices":[{"data":"Predator","floor":7.0,"key":"SMITH"},{"data":"Flying Knee","floor":12.0,"key":"SMITH"},{"data":"Dodge and Roll","floor":15.0,"key":"SMITH"},{"floor":23,"key":"REST"},{"floor":27,"key":"REST"},{"floor":32,"key":"REST"},{"floor":42,"key":"REST"},{"floor":45,"key":"REST"},{"floor":49,"key":"REST"}],"neow_cost":"NONE","seed_source_timestamp":6950491693700,"circlet_count":0,"master_deck":["AscendersBane","Defend_G+1","Defend_G","Defend_G","Defend_G","Defend_G+1","Strike_G+1","Strike_G+1","Strike_G","Survivor","Neutralize+1","Outmaneuver","Predator+1","Poisoned Stab+1","Well Laid Plans","Dagger Spray","Heel Hook","Flechettes","Flying Knee+1","Dodge and Roll+1","Acrobatics","Malaise","Predator","Acrobatics","Backflip","Footwork","Crippling Poison+1","Bouncing Flask+1","Envenom+1","Cloak And Dagger","Cloak And Dagger+1","Footwork","Catalyst+1","Flying Knee","Footwork","Blur"],"special_seed":0,"relics":["Ring of the Serpent","Boot","Orichalcum","Meat on the Bone","War Paint","Whetstone","Fusion Hammer","Smiling Mask","Ornamental Fan","Oddly Smooth Stone","Du-Vu Doll","Paper Crane","Letter Opener","Art of War"],"potions_floor_usage":[29,33,36,40,47],"damage_taken":[{"damage":7.0,"enemies":"Small Slimes","floor":1.0,"turns":4.0},{"damage":2.0,"enemies":"Cultist","floor":3.0,"turns":5.0},{"damage":3.0,"enemies":"2 Louse","floor":4.0,"turns":3.0},{"damage":18.0,"enemies":"Lagavulin","floor":6.0,"turns":7.0},{"damage":0.0,"enemies":"Blue Slaver","floor":10.0,"turns":3.0},{"damage":12.0,"enemies":"Gremlin Nob","floor":11.0,"turns":4.0},{"damage":0.0,"enemies":"3 Louse","floor":13.0,"turns":2.0},{"damage":12.0,"enemies":"Lagavulin","floor":14.0,"turns":6.0},{"damage":40.0,"enemies":"Slime Boss","floor":16.0,"turns":11.0},{"damage":6.0,"enemies":"3 Byrds","floor":18.0,"turns":4.0},{"damage":9.0,"enemies":"Spheric Guardian","floor":19.0,"turns":4.0},{"damage":4,"enemies":"Snecko","floor":22,"turns":5},{"damage":26,"enemies":"Book of Stabbing","floor":25,"turns":7},{"damage":28,"enemies":"3 Cultists","floor":28,"turns":6},{"damage":20,"enemies":"Slavers","floor":29,"turns":7},{"damage":11,"enemies":"Snake Plant","floor":30,"turns":5},{"damage":3,"enemies":"Sentry and Sphere","floor":31,"turns":6},{"damage":46,"enemies":"Champ","floor":33,"turns":16},{"damage":55,"enemies":"3 Darklings","floor":35,"turns":6},{"damage":1,"enemies":"Mind Bloom Boss Battle","floor":36,"turns":11},{"damage":5,"enemies":"Orb Walker","floor":38,"turns":5},{"damage":25,"enemies":"Giant Head","floor":40,"turns":11},{"damage":32,"enemies":"Jaw Worm Horde","floor":41,"turns":6},{"damage":9,"enemies":"Writhing Mass","floor":46,"turns":7},{"damage":17,"enemies":"Transient","floor":47,"turns":6},{"damage":9,"enemies":"Jaw Worm Horde","floor":48,"turns":4},{"damage":65,"enemies":"Awakened One","floor":50,"turns":9}],"seed_played":"868565666321512902","potions_obtained":[{"floor":1.0,"key":"Regen Potion"},{"floor":6.0,"key":"Swift Potion"},{"floor":13.0,"key":"Energy Potion"},{"floor":22,"key":"GhostInAJar"},{"floor":30,"key":"PowerPotion"},{"floor":36,"key":"Regen Potion"},{"floor":41,"key":"GamblersBrew"},{"floor":46,"key":"Poison Potion"}],"is_trial":false,"path_per_floor":["M","?","M","M","$","E","R","?","T","M","E","R","M","E","R","B",null,"M","M","?","?","M","R","?","E","T","R","M","E","M","M","R","B",null,"M","?","?","M","$","E","M","R","T","$","R","M","M","M","R","B"],"character_chosen":"THE_SILENT","items_purchased":["Well Laid Plans","Dagger Spray","Footwork","Paper Crane","Footwork"],"campfire_rested":6,"item_purchase_floors":[5,5,39,39,44],"current_hp_per_floor":[52,52,50,47,47,29,29,29,29,41,41,41,41,41,41,13,53,47,38,38,38,34,53,53,39,39,58,42,34,35,44,63,29,57,14,40,40,35,35,37,17,36,36,36,55,46,41,44,63,0],"gold":56,"neow_bonus":"RANDOM_COMMON_RELIC","is_prod":false,"is_daily":false,"chose_seed":false,"campfire_upgraded":3,"win_rate":0,"timestamp":1560887672,"path_taken":["M","?","M","M","?","E","R","?","T","M","E","R","?","E","R","BOSS","M","M","?","?","M","R","?","E","T","R","M","E","M","M","R","BOSS","M","?","?","?","$","E","M","R","T","?","R","M","M","M","R","BOSS"],"build_version":"2019-01-23","purchased_purges":1,"victory":false,"max_hp_per_floor":[66,66,66,66,66,66,66,66,66,66,66,66,66,66,66,66,66,66,66,66,66,66,66,66,66,66,66,66,66,66,66,66,66,66,66,66,66,66,66,66,66,66,66,66,66,66,66,66,66,66],"card_choices":[{"not_picked":["Endless Agony","Bane"],"picked":"Outmaneuver","floor":1.0},{"not_picked":["Deflect","Backflip"],"picked":"Predator","floor":3.0},{"not_picked":["Quick Slash","Choke"],"picked":"Poisoned Stab","floor":4.0},{"not_picked":["Storm of Steel","Prepared"],"picked":"Heel Hook","floor":6.0},{"not_picked":["Outmaneuver","Calculated Gamble"],"picked":"Flying Knee","floor":10.0},{"not_picked":["Quick Slash","Eviscerate"],"picked":"Dodge and Roll","floor":11.0},{"not_picked":["Blade Dance","Catalyst"],"picked":"Acrobatics","floor":13.0},{"not_picked":["Choke","All Out Attack","Endless Agony"],"picked":"SKIP","floor":14.0},{"not_picked":["After Image","Die Die Die"],"picked":"Malaise","floor":16.0},{"not_picked":["Underhanded Strike","Deadly Poison"],"picked":"Predator","floor":18.0},{"not_picked":["Bane+1","Setup"],"picked":"Acrobatics","floor":19.0},{"not_picked":["Finisher","Outmaneuver","Quick Slash"],"picked":"SKIP","floor":22},{"not_picked":["Deadly Poison+1","Sucker Punch"],"picked":"Footwork","floor":25},{"not_picked":["Underhanded Strike","Well Laid Plans","Dagger Spray"],"picked":"SKIP","floor":28},{"not_picked":["Bouncing Flask","Leg Sweep"],"picked":"Crippling Poison+1","floor":29},{"not_picked":["PiercingWail","Flying Knee","Endless Agony"],"picked":"SKIP","floor":30},{"not_picked":["Deadly Poison","Backstab"],"picked":"Bouncing Flask+1","floor":31},{"not_picked":["Storm of Steel","Grand Finale"],"picked":"Envenom","floor":33},{"not_picked":["Flying Knee","Deadly Poison"],"picked":"Cloak And Dagger","floor":35},{"not_picked":["Flechettes","Tactician"],"picked":"Cloak And Dagger+1","floor":36},{"not_picked":["All Out Attack","Dash","Deflect"],"picked":"SKIP","floor":38},{"not_picked":["Blur","Glass Knife"],"picked":"Catalyst+1","floor":40},{"not_picked":["Deflect","Predator"],"picked":"Flying Knee","floor":41},{"not_picked":["Cloak And Dagger","Poisoned Stab","Slice"],"picked":"SKIP","floor":46},{"not_picked":["Heel Hook","PiercingWail+1"],"picked":"Blur","floor":47},{"not_picked":["Terror","Reflex+1","Accuracy"],"picked":"SKIP","floor":48}],"player_experience":952501,"relics_obtained":[{"floor":6.0,"key":"Orichalcum"},{"floor":9.0,"key":"Meat on the Bone"},{"floor":11.0,"key":"War Paint"},{"floor":14.0,"key":"Whetstone"},{"floor":25,"key":"Smiling Mask"},{"floor":26,"key":"Ornamental Fan"},{"floor":29,"key":"Oddly Smooth Stone"},{"floor":36,"key":"Du-Vu Doll"},{"floor":40,"key":"Letter Opener"},{"floor":43,"key":"Art of War"}],"event_choices":[{"damage_healed":0.0,"max_hp_gain":0.0,"max_hp_loss":0.0,"gold_gain":0.0,"event_name":"Upgrade Shrine","player_choice":"Upgraded","floor":2.0,"gold_loss":0.0,"damage_taken":0.0,"cards_upgraded":["Neutralize"]},{"damage_healed":0.0,"max_hp_gain":0.0,"max_hp_loss":0.0,"gold_gain":0.0,"cards_transformed":["Strike_G"],"event_name":"Transmorgrifier","player_choice":"Transformed","floor":8.0,"gold_loss":0.0,"damage_taken":0.0,"cards_obtained":["Flechettes"]},{"damage_healed":0.0,"max_hp_gain":0.0,"max_hp_loss":0.0,"gold_gain":0.0,"event_name":"The Library","player_choice":"Read","floor":20.0,"gold_loss":0.0,"damage_taken":0.0,"cards_obtained":["Backflip"]},{"damage_healed":0,"gold_gain":0,"player_choice":"Paid Fearfully","damage_taken":0,"max_hp_gain":0,"max_hp_loss":0,"event_name":"Masked Bandits","floor":21,"gold_loss":240},{"damage_healed":0,"gold_gain":0,"player_choice":"Ignored","damage_taken":0,"max_hp_gain":0,"max_hp_loss":0,"event_name":"Vampires","floor":24,"gold_loss":0},{"damage_healed":0,"gold_gain":0,"player_choice":"Fight","damage_taken":0,"max_hp_gain":0,"max_hp_loss":0,"event_name":"MindBloom","floor":36,"gold_loss":0},{"damage_healed":0,"gold_gain":0,"player_choice":"Upgraded Two","damage_taken":0,"max_hp_gain":0,"max_hp_loss":0,"event_name":"Designer","floor":37,"gold_loss":50,"cards_upgraded":["Strike_G","Envenom"]}],"is_beta":false,"boss_relics":[{"not_picked":["WristBlade","Runic Dome"],"picked":"Fusion Hammer"},{"not_picked":["Tiny House","Lizard Tail"],"picked":"Ring of the Serpent"}],"items_purged_floors":[39],"is_endless":false,"potions_floor_spawned":[1,6,13,18,22,30,36,41,46],"killed_by":"Awakened One","ascension_level":17}