{"gold_per_floor":[11,24,24,38,38,38,72,36,36,0,0,0,0,14,14,14],"floor_reached":16,"playtime":890,"items_purged":[],"score":98,"play_id":"56c642f0-1dfe-4ba0-a893-5f891dd5d77b","local_time":"20190525165318","is_ascension_mode":false,"campfire_choices":[{"floor":6,"key":"RECALL"},{"floor":15,"key":"REST"}],"neow_cost":"NO_GOLD","seed_source_timestamp":554940618745,"circlet_count":0,"master_deck":["Strike_R","Strike_R","Strike_R","Strike_R","Strike_R+1","Defend_R","Defend_R","Defend_R","Defend_R","Bash","Discovery+1","Deep Breath","Flex","Cleave","Entrench","Fiend Fire","Intimidate","Corruption"],"relics":["Burning Blood","Calipers","Red Skull","Paper Frog"],"potions_floor_usage":[7],"damage_taken":[{"damage":1,"enemies":"Small Slimes","floor":1,"turns":4},{"damage":8,"enemies":"Jaw Worm","floor":2,"turns":4},{"damage":2,"enemies":"2 Louse","floor":4,"turns":2},{"damage":33,"enemies":"Gremlin Nob","floor":7,"turns":4},{"damage":7,"enemies":"Blue Slaver","floor":14,"turns":3},{"damage":64,"enemies":"The Guardian","floor":16,"turns":10}],"seed_played":"2709026317315209789","potions_obtained":[{"floor":2,"key":"GamblersBrew"}],"is_trial":false,"path_per_floor":["M","M","?","M","?","R","E","$","T","?","$","$","T","M","R","B"],"character_chosen":"IRONCLAD","items_purchased":["Intimidate"],"campfire_rested":1,"item_purchase_floors":[8],"current_hp_per_floor":[80,78,62,66,63,63,36,36,36,36,36,36,36,35,59,0],"gold":14,"neow_bonus":"RANDOM_COLORLESS_2","is_prod":false,"is_daily":false,"chose_seed":false,"campfire_upgraded":0,"win_rate":0,"timestamp":1558767198,"path_taken":["M","M","?","M","?","R","E","$","T","?","?","$","?","?","R","BOSS"],"build_version":"2019-01-23","purchased_purges":0,"victory":false,"max_hp_per_floor":[80,80,80,80,80,80,80,80,80,80,80,80,80,80,80,80],"card_choices":[{"not_picked":["Pommel Strike","True Grit"],"picked":"Flex","floor":1},{"not_picked":["Armaments","Body Slam"],"picked":"Cleave","floor":2},{"not_picked":["Metallicize","Fire Breathing"],"picked":"Entrench","floor":4},{"not_picked":["Headbutt","Exhume"],"picked":"Fiend Fire","floor":7},{"not_picked":["Wild Strike","Evolve"],"picked":"Corruption","floor":14}],"player_experience":1984809,"relics_obtained":[{"floor":7,"key":"Red Skull"},{"floor":13,"key":"Paper Frog"}],"event_choices":[{"damage_healed":0,"gold_gain":0,"player_choice":"Entered Light","damage_taken":16,"max_hp_gain":0,"max_hp_loss":0,"event_name":"Shining Light","floor":3,"gold_loss":0,"cards_upgraded":["Strike_R","Discovery"]},{"damage_healed":0,"gold_gain":0,"player_choice":"Success","damage_taken":3,"relics_obtained":["Calipers"],"max_hp_gain":0,"max_hp_loss":0,"event_name":"Scrap Ooze","floor":5,"gold_loss":0},{"damage_healed":0,"gold_gain":0,"player_choice":"Left Gold","damage_taken":0,"max_hp_gain":0,"max_hp_loss":0,"event_name":"World of Goop","floor":10,"gold_loss":36}],"is_beta":false,"boss_relics":[],"items_purged_floors":[],"is_endless":false,"potions_floor_spawned":[2],"killed_by":"The Guardian","ascension_level":0}