{"gold_per_floor":[18,29,40,315,53,53,71,82,82,82,96,124,124,54,54,159,159,170,170,445,461,103,103,121,121,121,121,141,141,141,172,172,172],"floor_reached":33,"playtime":4775,"items_purged":["Regret","Regret"],"score":509,"play_id":"2569fe7c-42d4-4305-a597-78292841ba4a","local_time":"20190422145413","is_ascension_mode":true,"campfire_choices":[{"data":"Panache","floor":6.0,"key":"SMITH"},{"data":"Catalyst","floor":13.0,"key":"SMITH"},{"data":"Accuracy","floor":15.0,"key":"SMITH"},{"floor":23.0,"key":"REST"},{"floor":25,"key":"REST"},{"data":"A Thousand Cuts","floor":27,"key":"SMITH"},{"floor":30,"key":"REST"},{"floor":32,"key":"REST"}],"neow_cost":"NO_GOLD","seed_source_timestamp":17854177216053,"circlet_count":0,"master_deck":["Defend_G","Defend_G","Defend_G","Defend_G","Defend_G","Strike_G","Strike_G","Strike_G+1","Strike_G","Survivor","Neutralize","Panache+1","Finesse","Cloak And Dagger","Accuracy+1","Noxious Fumes","Cloak And Dagger","Underhanded Strike","Good Instincts","Corpse Explosion","Catalyst","Corpse Explosion","Cloak And Dagger","Catalyst+1","Bane","Flying Knee","A Thousand Cuts+1","Poisoned Stab+1","Concentrate","Tactician","Cloak And Dagger","Well Laid Plans","Distraction","Shame","Setup+1","Infinite Blades","Accuracy","Blade Dance","Prepared+1","Crippling Poison+1","Blade Dance+1","Cloak And Dagger+1"],"special_seed":0,"relics":["Ring of the Snake","Question Card","Bag of Marbles","Orrery","Prayer Wheel","Lantern","Toxic Egg 2","Whetstone"],"potions_floor_usage":[24,28,31],"damage_taken":[{"damage":5.0,"enemies":"Cultist","floor":1.0,"turns":5.0},{"damage":0.0,"enemies":"Small Slimes","floor":2.0,"turns":3.0},{"damage":0.0,"enemies":"2 Louse","floor":3.0,"turns":2.0},{"damage":4.0,"enemies":"Looter","floor":7.0,"turns":4.0},{"damage":0.0,"enemies":"Lots of Slimes","floor":8.0,"turns":2.0},{"damage":5.0,"enemies":"Red Slaver","floor":11.0,"turns":6.0},{"damage":14.0,"enemies":"3 Sentries","floor":12.0,"turns":4.0},{"damage":0.0,"enemies":"Slime Boss","floor":16.0,"turns":6.0},{"damage":37.0,"enemies":"Shell Parasite","floor":18.0,"turns":7.0},{"damage":4.0,"enemies":"Spheric Guardian","floor":21.0,"turns":4.0},{"damage":27,"enemies":"Cultist and Chosen","floor":24,"turns":6},{"damage":31,"enemies":"Centurion and Healer","floor":28,"turns":5},{"damage":19,"enemies":"Gremlin Leader","floor":31,"turns":4},{"damage":52,"enemies":"Champ","floor":33,"turns":7}],"seed_played":"-7218785864192742207","potions_obtained":[{"floor":1.0,"key":"Swift Potion"},{"floor":8.0,"key":"Weak Potion"},{"floor":11.0,"key":"LiquidBronze"},{"floor":12.0,"key":"PowerPotion"},{"floor":18.0,"key":"Block Potion"},{"floor":21.0,"key":"Fire Potion"},{"floor":31,"key":"Dexterity Potion"}],"is_trial":false,"path_per_floor":["M","M","M","?","$","R","M","M","T","?","M","E","R","$","R","B",null,"M","?","?","M","$","R","M","R","T","R","M","$","R","E","R","B"],"character_chosen":"THE_SILENT","items_purchased":["Cloak And Dagger","Underhanded Strike","Good Instincts","Bane","Flying Knee","Accuracy","Lantern","Regen Potion"],"campfire_rested":4,"item_purchase_floors":[5,5,5,14,14,22,22,22],"current_hp_per_floor":[58,58,58,58,58,58,54,54,54,54,49,35,35,35,35,35,61,24,24,24,20,20,41,29,50,50,50,19,19,40,21,42,0],"gold":172,"neow_bonus":"RANDOM_COLORLESS_2","is_prod":false,"is_daily":false,"chose_seed":false,"campfire_upgraded":4,"win_rate":0,"timestamp":1555908853,"path_taken":["M","M","M","?","$","R","?","M","T","?","?","E","R","$","R","BOSS","M","?","?","?","$","R","M","R","T","R","M","?","R","E","R","BOSS"],"build_version":"2019-01-23","purchased_purges":2,"victory":false,"max_hp_per_floor":[70,70,70,70,70,70,70,70,70,70,70,70,70,70,70,70,70,70,70,70,70,70,70,70,70,70,70,70,70,70,70,70,70],"card_choices":[{"not_picked":["Dodge and Roll","Acrobatics"],"picked":"Cloak And Dagger","floor":1.0},{"not_picked":["Cloak And Dagger","Bouncing Flask"],"picked":"Accuracy","floor":2.0},{"not_picked":["Dagger Spray","Outmaneuver"],"picked":"Noxious Fumes","floor":3.0},{"not_picked":["Backstab","Footwork"],"picked":"Corpse Explosion","floor":7.0},{"not_picked":["Quick Slash","Underhanded Strike"],"picked":"Catalyst","floor":8.0},{"not_picked":["PiercingWail","Distraction","Quick Slash"],"picked":"Cloak And Dagger","floor":11.0},{"not_picked":["Underhanded Strike","Cloak And Dagger","Blade Dance"],"picked":"Catalyst","floor":12.0},{"not_picked":["Malaise","Unload","Grand Finale"],"picked":"A Thousand Cuts","floor":16.0},{"not_picked":["Acrobatics","Tactician","Quick Slash"],"picked":"Poisoned Stab","floor":17.0},{"not_picked":["Bouncing Flask","Dodge and Roll","Underhanded Strike"],"picked":"Concentrate","floor":17.0},{"not_picked":["Dagger Spray","Storm of Steel","Acrobatics"],"picked":"Tactician","floor":17.0},{"not_picked":["Flying Knee","Acrobatics","Leg Sweep"],"picked":"Cloak And Dagger","floor":17.0},{"not_picked":["Calculated Gamble","Cloak And Dagger","Quick Slash"],"picked":"Well Laid Plans","floor":17.0},{"not_picked":["Distraction","Outmaneuver","Terror","Concentrate"],"picked":"SKIP","floor":18.0},{"not_picked":["Outmaneuver","Terror","Concentrate"],"picked":"Distraction","floor":18.0},{"not_picked":["Deadly Poison+1","Quick Slash","Poisoned Stab+1"],"picked":"Setup+1","floor":21.0},{"not_picked":["Predator","Flechettes","Backflip"],"picked":"Infinite Blades","floor":21.0},{"not_picked":["Malaise","Deflect+1","Dodge and Roll"],"picked":"Blade Dance","floor":24},{"not_picked":["Quick Slash","Cloak And Dagger","Outmaneuver"],"picked":"Prepared+1","floor":24},{"not_picked":["Outmaneuver+1","Deflect+1","Heel Hook"],"picked":"Crippling Poison+1","floor":28},{"not_picked":["Flying Knee","Outmaneuver+1","Heel Hook"],"picked":"Blade Dance+1","floor":28},{"not_picked":["Doppelganger+1","Prepared+1","Well Laid Plans"],"picked":"Cloak And Dagger+1","floor":31}],"player_experience":1364814,"relics_obtained":[{"floor":9.0,"key":"Question Card"},{"floor":12.0,"key":"Bag of Marbles"},{"floor":26,"key":"Toxic Egg 2"},{"floor":31,"key":"Whetstone"}],"event_choices":[{"damage_healed":0.0,"max_hp_gain":0.0,"max_hp_loss":0.0,"gold_gain":275.0,"event_name":"Golden Shrine","player_choice":"Desecrate","floor":4.0,"gold_loss":0.0,"damage_taken":0.0,"cards_obtained":["Regret"]},{"damage_healed":0.0,"max_hp_gain":0.0,"max_hp_loss":0.0,"gold_gain":0.0,"cards_transformed":["Strike_G"],"event_name":"Transmorgrifier","player_choice":"Transformed","floor":10.0,"gold_loss":0.0,"damage_taken":0.0,"cards_obtained":["Corpse Explosion"]},{"damage_healed":0.0,"max_hp_gain":0.0,"max_hp_loss":0.0,"gold_gain":0.0,"event_name":"Addict","player_choice":"Stole Relic","floor":19.0,"gold_loss":0.0,"damage_taken":0.0,"relics_obtained":["Prayer Wheel"],"cards_obtained":["Shame"]},{"damage_healed":0.0,"max_hp_gain":0.0,"max_hp_loss":0.0,"gold_gain":275.0,"event_name":"Golden Shrine","player_choice":"Desecrate","floor":20.0,"gold_loss":0.0,"damage_taken":0.0,"cards_obtained":["Regret"]}],"is_beta":false,"boss_relics":[{"not_picked":["Tiny House","Empty Cage"],"picked":"Orrery"}],"items_purged_floors":[5,22],"is_endless":false,"potions_floor_spawned":[1,8,11,12,18,21,31],"killed_by":"Champ","ascension_level":7}