{"gold_per_floor":[113,113,113,132,146,146,160,160,160,160,160,173,173,173,173,246,246,261,34,34,53,53,53,85,85,85,85,117,167,186,205,205,277,277,294,264,277,71,82,109,121,153,153,183,28,128,146,179,191,203,215,227,123,148,148],"floor_reached":55,"playtime":2781,"items_purged":[],"score":1385,"play_id":"179f3a68-e8c4-4e7d-9a01-ffc24cac0b39","local_time":"20190529030912","is_ascension_mode":true,"campfire_choices":[{"floor":6.0,"key":"REST"},{"data":"Bash","floor":8.0,"key":"SMITH"},{"data":"Metallicize","floor":10.0,"key":"SMITH"},{"data":"Flex","floor":15.0,"key":"SMITH"},{"floor":23.0,"key":"REST"},{"floor":25.0,"key":"REST"},{"floor":27.0,"key":"RECALL"},{"floor":32.0,"key":"REST"},{"floor":49.0,"key":"REST"},{"floor":52,"key":"REST"}],"neow_cost":"NONE","seed_source_timestamp":35363623962759,"circlet_count":0,"master_deck":["AscendersBane","Strike_R+1","Strike_R+1","Strike_R+1","Strike_R+1","Strike_R+1","Defend_R+1","Defend_R+1","Defend_R+1","Defend_R+1","Bash+1","Thunderclap","Sword Boomerang","True Grit+1","Flex+1","Metallicize+1","Feed","Cleave","Feel No Pain","Metallicize+1","Inflame","Pommel Strike+1","Shrug It Off","Shrug It Off","Reaper","Apotheosis","Spot Weakness","Uppercut","True Grit","Evolve","True Grit"],"special_seed":0,"relics":["Burning Blood","Mummified Hand","Centennial Puzzle","Sundial","Fusion Hammer","DollysMirror","Bottled Lightning","Ornamental Fan","PreservedInsect","Busted Crown","Singing Bowl","Vajra","Gremlin Horn","Lantern","Gambling Chip","MawBank","Blue Candle"],"potions_floor_usage":[54],"damage_taken":[{"damage":1.0,"enemies":"2 Louse","floor":1.0,"turns":2.0},{"damage":12.0,"enemies":"Small Slimes","floor":4.0,"turns":4.0},{"damage":6.0,"enemies":"Cultist","floor":5.0,"turns":3.0},{"damage":13.0,"enemies":"3 Louse","floor":7.0,"turns":2.0},{"damage":0.0,"enemies":"Exordium Wildlife","floor":12.0,"turns":3.0},{"damage":49.0,"enemies":"The Guardian","floor":16.0,"turns":16.0},{"damage":14.0,"enemies":"Shell Parasite","floor":18.0,"turns":8.0},{"damage":5.0,"enemies":"Spheric Guardian","floor":21.0,"turns":4.0},{"damage":18.0,"enemies":"Slavers","floor":24.0,"turns":6.0},{"damage":43.0,"enemies":"Gremlin Leader","floor":28.0,"turns":11.0},{"damage":12.0,"enemies":"Centurion and Healer","floor":30.0,"turns":6.0},{"damage":8.0,"enemies":"Shelled Parasite and Fungi","floor":31.0,"turns":5.0},{"damage":74.0,"enemies":"Champ","floor":33.0,"turns":14.0},{"damage":23.0,"enemies":"3 Shapes","floor":35.0,"turns":7.0},{"damage":27.0,"enemies":"3 Darklings","floor":37.0,"turns":6.0},{"damage":9.0,"enemies":"Sphere and 2 Shapes","floor":39.0,"turns":6.0},{"damage":5.0,"enemies":"Giant Head","floor":40.0,"turns":7.0},{"damage":5.0,"enemies":"Jaw Worm Horde","floor":41.0,"turns":4.0},{"damage":35.0,"enemies":"Nemesis","floor":42.0,"turns":11.0},{"damage":53.0,"enemies":"Giant Head","floor":44.0,"turns":8.0},{"damage":23.0,"enemies":"Mind Bloom Boss Battle","floor":46.0,"turns":9.0},{"damage":0.0,"enemies":"Maw","floor":47.0,"turns":6.0},{"damage":12.0,"enemies":"Reptomancer","floor":48.0,"turns":4.0},{"damage":73,"enemies":"Time Eater","floor":50,"turns":10},{"damage":57,"enemies":"Shield and Spear","floor":54,"turns":8},{"damage":83,"enemies":"The Heart","floor":55,"turns":3}],"seed_played":"6335534175059331862","potions_obtained":[{"floor":1.0,"key":"Dexterity Potion"},{"floor":3.0,"key":"SpeedPotion"},{"floor":3.0,"key":"SneckoOil"},{"floor":7.0,"key":"Regen Potion"},{"floor":21.0,"key":"AttackPotion"},{"floor":24.0,"key":"PowerPotion"},{"floor":28.0,"key":"Regen Potion"},{"floor":35.0,"key":"BloodPotion"},{"floor":36.0,"key":"AttackPotion"},{"floor":41.0,"key":"LiquidBronze"},{"floor":44.0,"key":"GamblersBrew"},{"floor":47.0,"key":"Fire Potion"}],"is_trial":false,"path_per_floor":["M","?","?","M","M","R","M","R","T","R","?","M","T","?","R","B",null,"M","$","?","M","?","R","E","R","T","R","E","?","M","M","R","B",null,"M","?","M","$","M","E","M","E","T","E","$","?","M","E","R","B",null,"R","$","E","B"],"character_chosen":"IRONCLAD","items_purchased":["Feel No Pain","DollysMirror","Apotheosis","Spot Weakness","Lantern","Evolve","True Grit"],"campfire_rested":6,"item_purchase_floors":[19,19,38,38,45,53,53],"current_hp_per_floor":[73,38,38,32,32,54,47,47,47,47,24,30,30,55,55,27,63,58,58,58,62,62,81,72,84,84,84,47,47,59,57,83,15,69,73,73,79,79,90,99,103,80,80,44,44,42,50,64,99,51,101,117,117,79,0],"gold":148,"neow_bonus":"THREE_CARDS","is_prod":false,"is_daily":false,"chose_seed":false,"campfire_upgraded":3,"win_rate":0,"timestamp":1559092152,"path_taken":["M","?","?","M","?","R","M","R","T","R","?","M","?","?","R","BOSS","M","$","?","M","?","R","E","R","T","R","E","?","?","M","R","BOSS","M","?","M","$","M","E","?","E","T","E","$","?","M","E","R","BOSS","R","$","E","BOSS"],"build_version":"2019-01-23","purchased_purges":0,"victory":false,"max_hp_per_floor":[75,75,75,75,75,75,75,75,75,75,75,75,75,75,75,75,75,78,78,78,81,81,81,84,84,84,84,84,84,87,87,87,87,87,90,90,90,90,93,99,103,109,109,111,111,113,115,117,117,117,117,117,117,123,123],"card_choices":[{"not_picked":["Headbutt","Searing Blow"],"picked":"Thunderclap","floor":0.0},{"not_picked":["Hemokinesis","Corruption"],"picked":"Sword Boomerang","floor":1.0},{"not_picked":["Pommel Strike","Headbutt"],"picked":"True Grit","floor":4.0},{"not_picked":["Seeing Red","Wild Strike"],"picked":"Flex","floor":5.0},{"not_picked":["Havoc","Intimidate"],"picked":"Metallicize","floor":7.0},{"not_picked":["Intimidate","Wild Strike","Heavy Blade"],"picked":"SKIP","floor":12.0},{"not_picked":["Barricade","Double Tap"],"picked":"Feed","floor":16.0},{"not_picked":["Wild Strike","Sentinel"],"picked":"Cleave","floor":18.0},{"not_picked":["Clash","Armaments","Sword Boomerang"],"picked":"SKIP","floor":21.0},{"not_picked":["Clash","Dropkick","Infernal Blade"],"picked":"SKIP","floor":24.0},{"not_picked":["Dropkick","Cleave"],"picked":"Pommel Strike+1","floor":28.0},{"not_picked":["Headbutt","Bloodletting"],"picked":"Shrug It Off","floor":30.0},{"not_picked":["Evolve","Carnage"],"picked":"Shrug It Off","floor":31.0},{"not_picked":["Feed","Dark Embrace"],"picked":"Reaper","floor":33.0},{"not_picked":["Wild Strike"],"picked":"SKIP","floor":35.0},{"not_picked":["Pommel Strike"],"picked":"SKIP","floor":37.0},{"not_picked":[],"picked":"Uppercut","floor":39.0},{"not_picked":["Shrug It Off"],"picked":"Singing Bowl","floor":40.0},{"not_picked":[],"picked":"True Grit","floor":41.0},{"not_picked":["Bloodletting"],"picked":"Singing Bowl","floor":42.0},{"not_picked":["Perfected Strike+1"],"picked":"Singing Bowl","floor":44.0},{"not_picked":["Perfected Strike"],"picked":"Singing Bowl","floor":46.0},{"not_picked":["True Grit"],"picked":"Singing Bowl","floor":47.0},{"not_picked":["Sword Boomerang"],"picked":"Singing Bowl","floor":48.0},{"not_picked":["Hemokinesis"],"picked":"Singing Bowl","floor":54}],"player_experience":701320,"relics_obtained":[{"floor":9.0,"key":"Centennial Puzzle"},{"floor":13.0,"key":"Sundial"},{"floor":24.0,"key":"Bottled Lightning"},{"floor":26.0,"key":"Ornamental Fan"},{"floor":28.0,"key":"PreservedInsect"},{"floor":40.0,"key":"Singing Bowl"},{"floor":42.0,"key":"Vajra"},{"floor":44.0,"key":"Gremlin Horn"},{"floor":46.0,"key":"Gambling Chip"},{"floor":48.0,"key":"MawBank"},{"floor":54,"key":"Blue Candle"}],"event_choices":[{"damage_healed":0.0,"max_hp_gain":0.0,"max_hp_loss":0.0,"gold_gain":0.0,"event_name":"Scrap Ooze","player_choice":"Success","floor":2.0,"gold_loss":0.0,"damage_taken":35.0,"relics_obtained":["Mummified Hand"]},{"damage_healed":0.0,"max_hp_gain":0.0,"max_hp_loss":0.0,"gold_gain":0.0,"event_name":"Lab","player_choice":"Got Potions","floor":3.0,"gold_loss":0.0,"damage_taken":0.0},{"damage_healed":0.0,"max_hp_gain":0.0,"max_hp_loss":0.0,"gold_gain":0.0,"event_name":"Shining Light","player_choice":"Entered Light","floor":11.0,"gold_loss":0.0,"damage_taken":23.0,"cards_upgraded":["Defend_R","True Grit"]},{"damage_healed":25.0,"max_hp_gain":0.0,"max_hp_loss":0.0,"gold_gain":0.0,"event_name":"Big Fish","player_choice":"Banana","floor":14.0,"gold_loss":0.0,"damage_taken":0.0},{"damage_healed":0.0,"max_hp_gain":0.0,"max_hp_loss":0.0,"gold_gain":0.0,"event_name":"Back to Basics","player_choice":"Simplicity","floor":20.0,"gold_loss":0.0,"damage_taken":0.0,"cards_upgraded":["Strike_R","Strike_R","Strike_R","Strike_R","Strike_R","Defend_R","Defend_R","Defend_R"]},{"damage_healed":0.0,"max_hp_gain":0.0,"max_hp_loss":0.0,"gold_gain":0.0,"event_name":"The Library","player_choice":"Read","floor":22.0,"gold_loss":0.0,"damage_taken":0.0,"cards_obtained":["Inflame"]},{"damage_healed":0.0,"max_hp_gain":0.0,"max_hp_loss":0.0,"gold_gain":50.0,"event_name":"Golden Shrine","player_choice":"Pray","floor":29.0,"gold_loss":0.0,"damage_taken":0.0},{"damage_healed":0.0,"max_hp_gain":0.0,"max_hp_loss":0.0,"gold_gain":0.0,"event_name":"The Woman in Blue","player_choice":"Bought 2 Potions","floor":36.0,"gold_loss":0.0,"damage_taken":0.0},{"damage_healed":0.0,"max_hp_gain":0.0,"max_hp_loss":0.0,"gold_gain":0.0,"event_name":"MindBloom","player_choice":"Fight","floor":46.0,"gold_loss":0.0,"damage_taken":0.0}],"is_beta":false,"boss_relics":[{"not_picked":["Empty Cage","Ectoplasm"],"picked":"Fusion Hammer"},{"not_picked":["Cursed Key","Orrery"],"picked":"Busted Crown"}],"items_purged_floors":[],"is_endless":false,"potions_floor_spawned":[1,7,21,24,28,35,41,44,47,48],"killed_by":"The Heart","ascension_level":15}