{"gold_per_floor":[109,109,129,129,304,304,331,331,331,21,41,66,66,86,86,86],"floor_reached":16,"playtime":2084,"items_purged":["Doubt"],"score":135,"play_id":"ef945845-fad1-4fab-b2ca-c623f4cf7b4e","local_time":"20190426234130","is_ascension_mode":true,"campfire_choices":[{"data":"Dualcast","floor":6,"key":"SMITH"},{"floor":8,"key":"REST"},{"data":"Echo Form","floor":13,"key":"SMITH"},{"floor":15,"key":"REST"}],"neow_cost":"NONE","seed_source_timestamp":195330020161472,"circlet_count":0,"master_deck":["Strike_B","Strike_B","Strike_B","Defend_B","Defend_B","Defend_B","Defend_B","Zap+1","Dualcast+1","Purity","Cold Snap","Cold Snap","Redo","Chill","Biased Cognition","Conserve Battery","Echo Form+1","Leap"],"relics":["Cracked Core","Bottled Flame","Unceasing Top","FossilizedHelix"],"potions_floor_usage":[7,14],"damage_taken":[{"damage":13,"enemies":"2 Louse","floor":1,"turns":3},{"damage":0,"enemies":"Small Slimes","floor":3,"turns":3},{"damage":35,"enemies":"Gremlin Nob","floor":7,"turns":5},{"damage":3,"enemies":"Jaw Worm","floor":11,"turns":3},{"damage":3,"enemies":"Lagavulin","floor":12,"turns":7},{"damage":0,"enemies":"Blue Slaver","floor":14,"turns":4},{"damage":41,"enemies":"Slime Boss","floor":16,"turns":11}],"seed_played":"-4481392943959593325","potions_obtained":[{"floor":1,"key":"PowerPotion"},{"floor":11,"key":"SkillPotion"}],"is_trial":false,"path_per_floor":["M","?","M","?","?","R","E","R","T","$","M","E","R","M","R","B"],"character_chosen":"DEFECT","items_purchased":["Chill","Biased Cognition"],"campfire_rested":2,"item_purchase_floors":[10,10],"current_hp_per_floor":[62,55,55,55,55,55,20,42,42,42,39,36,36,36,58,17],"gold":86,"neow_bonus":"RANDOM_COLORLESS","is_prod":false,"is_daily":false,"chose_seed":false,"campfire_upgraded":2,"win_rate":0,"timestamp":1556286090,"path_taken":["M","?","M","?","?","R","E","R","T","?","M","E","R","M","R","BOSS"],"build_version":"2019-01-23","purchased_purges":1,"victory":false,"max_hp_per_floor":[75,75,75,75,75,75,75,75,75,75,75,75,75,75,75,75],"card_choices":[{"not_picked":["Conserve Battery","Compile Driver"],"picked":"Cold Snap","floor":1},{"not_picked":["Steam","Stack"],"picked":"Cold Snap","floor":3},{"not_picked":["Stack","Go for the Eyes"],"picked":"Redo","floor":7},{"not_picked":["Skim","Hologram"],"picked":"Conserve Battery","floor":11},{"not_picked":["Redo","Skim"],"picked":"Echo Form","floor":12},{"not_picked":["Gash","Streamline"],"picked":"Leap","floor":14}],"player_experience":1435454,"relics_obtained":[{"floor":7,"key":"Bottled Flame"},{"floor":9,"key":"Unceasing Top"},{"floor":12,"key":"FossilizedHelix"}],"event_choices":[{"cards_removed":["Strike_B"],"damage_healed":0,"gold_gain":0,"player_choice":"Card Removal","damage_taken":7,"max_hp_gain":0,"max_hp_loss":0,"event_name":"Golden Wing","floor":2,"gold_loss":0},{"damage_healed":0,"gold_gain":0,"player_choice":"Grow","damage_taken":0,"max_hp_gain":0,"max_hp_loss":0,"event_name":"Living Wall","floor":4,"gold_loss":0,"cards_upgraded":["Zap"]},{"damage_healed":0,"gold_gain":175,"player_choice":"AGREE","damage_taken":0,"max_hp_gain":0,"max_hp_loss":0,"event_name":"Liars Game","floor":5,"gold_loss":0,"cards_obtained":["Doubt"]}],"is_beta":false,"boss_relics":[],"items_purged_floors":[10],"is_endless":false,"potions_floor_spawned":[1,11],"killed_by":"Slime Boss","ascension_level":5}