{"gold_per_floor":[119,8,27,27,37,37,63,74,119,44,58,2,36,46,46,118,118,135,135,55],"floor_reached":20,"playtime":866,"items_purged":["Injury"],"score":350,"play_id":"010937ab-5702-4bd8-9975-72ab7a30a848","local_time":"20190619171819","is_ascension_mode":true,"campfire_choices":[{"data":"Immolate","floor":6,"key":"SMITH"},{"data":"Dual Wield","floor":15,"key":"SMITH"}],"neow_cost":"CURSE","seed_source_timestamp":2262013717235,"circlet_count":0,"master_deck":["AscendersBane","Bash","Clothesline","Disarm","Immolate+1","Warcry","True Grit","Shrug It Off","Shockwave","Metallicize","Hemokinesis","Dual Wield+1","Spot Weakness","Offering","Dark Embrace","Barricade","Hemokinesis","Body Slam","Cleave","Wild Strike","Brutality","Hemokinesis","Feel No Pain","Warcry+1"],"relics":["Burning Blood","Ginger","Question Card","Centennial Puzzle","Pandora\u0027s Box","Nloth\u0027s Gift"],"potions_floor_usage":[7,13,16],"damage_taken":[{"damage":4,"enemies":"2 Louse","floor":1,"turns":3},{"damage":13,"enemies":"Cultist","floor":3,"turns":6},{"damage":4,"enemies":"Jaw Worm","floor":5,"turns":3},{"damage":10,"enemies":"3 Sentries","floor":7,"turns":5},{"damage":9,"enemies":"Red Slaver","floor":8,"turns":4},{"damage":2,"enemies":"3 Louse","floor":11,"turns":3},{"damage":26,"enemies":"Lagavulin","floor":13,"turns":6},{"damage":11,"enemies":"Exordium Thugs","floor":14,"turns":3},{"damage":27,"enemies":"Hexaghost","floor":16,"turns":13},{"damage":43,"enemies":"Shell Parasite","floor":18,"turns":6},{"damage":23,"enemies":"2 Thieves","floor":20,"turns":2}],"seed_played":"-9208420389953884058","potions_obtained":[{"floor":1,"key":"Ancient Potion"},{"floor":5,"key":"Strength Potion"},{"floor":13,"key":"Poison Potion"}],"is_trial":false,"path_per_floor":["M","$","M","?","M","R","E","M","T","$","M","$","E","M","R","B",null,"M","?","M"],"character_chosen":"IRONCLAD","items_purchased":["Disarm","Metallicize","PowerPotion"],"campfire_rested":0,"item_purchase_floors":[2,10,12],"current_hp_per_floor":[70,70,63,63,65,65,61,58,58,58,62,62,42,37,37,16,60,23,23,0],"gold":55,"neow_bonus":"ONE_RARE_RELIC","is_prod":false,"is_daily":false,"chose_seed":false,"campfire_upgraded":2,"win_rate":0,"timestamp":1560957499,"path_taken":["M","$","M","?","?","R","E","M","T","$","?","$","E","M","R","BOSS","M","?","M"],"build_version":"2019-01-23","purchased_purges":1,"victory":false,"max_hp_per_floor":[75,75,75,75,75,75,75,75,75,75,75,75,75,75,75,75,75,75,75,75],"card_choices":[{"not_picked":["Pommel Strike","Twin Strike"],"picked":"Clothesline","floor":1},{"not_picked":["Entrench","Shrug It Off"],"picked":"Immolate","floor":3},{"not_picked":["Bloodletting","Intimidate"],"picked":"True Grit","floor":5},{"not_picked":["Seeing Red","Armaments"],"picked":"Shrug It Off","floor":7},{"not_picked":["Sword Boomerang","Thunderclap","Brutality"],"picked":"Shockwave","floor":8},{"not_picked":["Combust","Thunderclap","Sword Boomerang"],"picked":"Hemokinesis","floor":11},{"not_picked":["Hemokinesis","Metallicize","Body Slam"],"picked":"Dual Wield","floor":13},{"not_picked":["Heavy Blade","Perfected Strike","Armaments"],"picked":"Spot Weakness","floor":14},{"not_picked":["Brutality","Feed","Fiend Fire"],"picked":"Offering","floor":16},{"not_picked":["Clothesline","Sentinel","Infernal Blade"],"picked":"Warcry+1","floor":18}],"player_experience":785961,"relics_obtained":[{"floor":7,"key":"Question Card"},{"floor":9,"key":"Potion Belt"},{"floor":13,"key":"Centennial Puzzle"}],"event_choices":[{"damage_healed":0,"gold_gain":0,"player_choice":"1 cards matched","damage_taken":0,"max_hp_gain":0,"max_hp_loss":0,"event_name":"Match and Keep!","floor":4,"gold_loss":0,"cards_obtained":["Warcry"]},{"damage_healed":0,"gold_gain":0,"player_choice":"Traded Relic","damage_taken":0,"relics_obtained":["Nloth\u0027s Gift"],"max_hp_gain":0,"max_hp_loss":0,"event_name":"N\u0027loth","floor":19,"relics_lost":["Potion Belt"],"gold_loss":0}],"is_beta":false,"boss_relics":[{"not_picked":["Mark of Pain","Tiny House"],"picked":"Pandora\u0027s Box"}],"items_purged_floors":[2],"is_endless":false,"potions_floor_spawned":[1,5,13],"killed_by":"2 Thieves","ascension_level":18}