{"gold_per_floor":[115,2,16,16,16,43,57,57,57,75,86,121,121,121],"floor_reached":14,"playtime":639,"items_purged":[],"score":140,"play_id":"4a3e8468-0a59-42be-8f94-46c885323de3","local_time":"20190616224512","is_ascension_mode":true,"campfire_choices":[{"data":"Dodge and Roll","floor":8.0,"key":"SMITH"},{"data":"Blur","floor":13.0,"key":"SMITH"}],"neow_cost":"NONE","seed_source_timestamp":868667403809652,"circlet_count":0,"master_deck":["Defend_G","Defend_G","Defend_G","Defend_G","Defend_G","Strike_G","Strike_G","Strike_G","Strike_G","Strike_G","Survivor","Neutralize","Underhanded Strike","Crippling Poison+1","Finisher","Cloak And Dagger","Blur+1","Dodge and Roll+1","Dodge and Roll+1","Outmaneuver+1","Prepared+1"],"special_seed":0,"relics":["Ring of the Snake","Pen Nib","Bottled Lightning","Toxic Egg 2","Dream Catcher"],"potions_floor_usage":[],"damage_taken":[{"damage":0.0,"enemies":"Cultist","floor":1.0,"turns":4.0},{"damage":0.0,"enemies":"2 Louse","floor":3.0,"turns":2.0},{"damage":7.0,"enemies":"Gremlin Nob","floor":6.0,"turns":3.0},{"damage":1.0,"enemies":"Jaw Worm","floor":7.0,"turns":4.0},{"damage":6.0,"enemies":"3 Louse","floor":10.0,"turns":2.0},{"damage":0.0,"enemies":"Exordium Thugs","floor":11.0,"turns":5.0},{"damage":17.0,"enemies":"Lagavulin","floor":12.0,"turns":6.0},{"damage":43,"enemies":"Gremlin Nob","floor":14,"turns":5}],"seed_played":"-1114123901513880122","potions_obtained":[{"floor":3.0,"key":"FearPotion"},{"floor":6.0,"key":"EntropicBrew"},{"floor":7.0,"key":"Dexterity Potion"},{"floor":11.0,"key":"Dexterity Potion"}],"is_trial":false,"path_per_floor":["M","$","M","$","?","E","M","R","T","M","M","E","R","E"],"character_chosen":"THE_SILENT","items_purchased":["Crippling Poison","Finisher"],"campfire_rested":0,"item_purchase_floors":[2,2],"current_hp_per_floor":[63,63,63,63,63,56,55,55,55,49,49,32,32,0],"gold":121,"neow_bonus":"RANDOM_COMMON_RELIC","is_prod":false,"is_daily":false,"chose_seed":false,"campfire_upgraded":2,"win_rate":0,"timestamp":1560689112,"path_taken":["M","$","M","?","?","E","M","R","T","M","?","E","R","E"],"build_version":"2019-01-23","purchased_purges":0,"victory":false,"max_hp_per_floor":[70,70,70,70,70,70,70,70,70,70,70,70,70,70],"card_choices":[{"not_picked":["Prepared","PiercingWail"],"picked":"Underhanded Strike","floor":1.0},{"not_picked":["Dagger Throw","Calculated Gamble"],"picked":"Cloak And Dagger","floor":3.0},{"not_picked":["Flying Knee","Envenom"],"picked":"Blur","floor":6.0},{"not_picked":["Outmaneuver","Endless Agony"],"picked":"Dodge and Roll","floor":7.0},{"not_picked":["Dagger Spray","Quick Slash"],"picked":"Dodge and Roll+1","floor":10.0},{"not_picked":["Dagger Throw","Quick Slash"],"picked":"Outmaneuver+1","floor":11.0},{"not_picked":["Quick Slash","Accuracy"],"picked":"Prepared+1","floor":12.0}],"player_experience":2208673,"relics_obtained":[{"floor":6.0,"key":"Bottled Lightning"},{"floor":9.0,"key":"Toxic Egg 2"},{"floor":12.0,"key":"Dream Catcher"}],"event_choices":[{"damage_healed":0.0,"max_hp_gain":0.0,"max_hp_loss":0.0,"gold_gain":0.0,"event_name":"Upgrade Shrine","player_choice":"Upgraded","floor":5.0,"gold_loss":0.0,"damage_taken":0.0,"cards_upgraded":["Crippling Poison"]}],"is_beta":false,"boss_relics":[],"items_purged_floors":[],"is_endless":false,"potions_floor_spawned":[3,6,7,11],"killed_by":"Gremlin Nob","ascension_level":8}