{"gold_per_floor":[115,190,4,19,37,37,112,112,112,112,127,162,162,162,162,261,261,233,37,53,53],"floor_reached":21,"playtime":1531,"items_purged":[],"score":230,"play_id":"d4d4809e-e1b6-4861-8093-e76356fd5714","local_time":"20190508000601","is_ascension_mode":true,"campfire_choices":[{"data":"Hello World","floor":6,"key":"SMITH"},{"data":"Capacitor","floor":8,"key":"SMITH"},{"data":"Zap","floor":10,"key":"SMITH"},{"floor":13,"key":"REST"},{"data":"Loop","floor":15,"key":"SMITH"}],"neow_cost":"NONE","seed_source_timestamp":516308899460386,"circlet_count":0,"master_deck":["Strike_B","Strike_B","Strike_B","Defend_B","Defend_B","Defend_B","Defend_B","Zap+1","Dualcast","Sweeping Beam","Capacitor+1","Sunder","Coolheaded","Hello World+1","Loop+1","Force Field","Rainbow","Loop+1","Apotheosis","Ball Lightning","Chill+1"],"special_seed":0,"relics":["Cracked Core","NeowsBlessing","Ginger","PreservedInsect","Inserter"],"potions_floor_usage":[12,18,21],"damage_taken":[{"damage":0.0,"enemies":"Jaw Worm","floor":1.0,"turns":1.0},{"damage":0,"enemies":"Cultist","floor":4,"turns":1},{"damage":0,"enemies":"2 Louse","floor":5,"turns":1},{"damage":13,"enemies":"2 Fungi Beasts","floor":11,"turns":3},{"damage":11,"enemies":"Lagavulin","floor":12,"turns":6},{"damage":36,"enemies":"The Guardian","floor":16,"turns":13},{"damage":33,"enemies":"2 Thieves","floor":18,"turns":5},{"damage":9,"enemies":"Chosen","floor":20,"turns":5},{"damage":20,"enemies":"Snake Plant","floor":21,"turns":2}],"seed_played":"-7407582803180388973","potions_obtained":[{"floor":12,"key":"Swift Potion"},{"floor":16,"key":"FearPotion"},{"floor":20,"key":"Block Potion"}],"is_trial":false,"path_per_floor":["M","?","$","M","M","R","?","R","T","R","M","E","R","?","R","B",null,"M","$","M","M"],"character_chosen":"DEFECT","items_purchased":["Capacitor","Sunder","Regen Potion","Apotheosis","Ball Lightning"],"campfire_rested":1,"item_purchase_floors":[3,3,3,19,19],"current_hp_per_floor":[68,61,61,61,61,61,50,50,50,50,37,41,63,56,56,20,61,28,28,19,0],"gold":53,"neow_bonus":"THREE_ENEMY_KILL","is_prod":false,"is_daily":false,"chose_seed":false,"campfire_upgraded":4,"win_rate":0,"timestamp":1557237961,"path_taken":["M","?","?","M","M","R","?","R","T","R","M","E","R","?","R","BOSS","M","$","M","M"],"build_version":"2019-01-23","purchased_purges":0,"victory":false,"max_hp_per_floor":[75,75,75,75,75,75,75,75,75,75,75,75,75,75,75,75,75,75,75,75,75],"card_choices":[{"not_picked":["Stack","Turbo"],"picked":"Sweeping Beam","floor":1.0},{"not_picked":["Rebound","Compile Driver"],"picked":"Coolheaded","floor":4},{"not_picked":["Undo","Hologram"],"picked":"Hello World","floor":5},{"not_picked":["Fission","Undo"],"picked":"Loop","floor":11},{"not_picked":["Redo","Hologram"],"picked":"Force Field","floor":12},{"not_picked":["Biased Cognition","Seek"],"picked":"Rainbow","floor":16},{"not_picked":["Gash","Hologram"],"picked":"Loop+1","floor":18},{"not_picked":["Redo","Rebound"],"picked":"Chill+1","floor":20}],"player_experience":1692482,"relics_obtained":[{"floor":9,"key":"Ginger"},{"floor":12,"key":"PreservedInsect"}],"event_choices":[{"damage_healed":0,"gold_gain":75,"player_choice":"Touch","damage_taken":7,"max_hp_gain":0,"max_hp_loss":0,"event_name":"FaceTrader","floor":2,"gold_loss":0},{"damage_healed":0,"gold_gain":75,"player_choice":"Gather Gold","damage_taken":11,"max_hp_gain":0,"max_hp_loss":0,"event_name":"World of Goop","floor":7,"gold_loss":0},{"cards_removed":["Strike_B"],"damage_healed":0,"gold_gain":0,"player_choice":"Card Removal","damage_taken":7,"max_hp_gain":0,"max_hp_loss":0,"event_name":"Golden Wing","floor":14,"gold_loss":0}],"is_beta":false,"boss_relics":[{"not_picked":["Philosopher\u0027s Stone","Cursed Key"],"picked":"Inserter"}],"items_purged_floors":[],"is_endless":false,"potions_floor_spawned":[12,16,20],"killed_by":"Snake Plant","ascension_level":6}