{"gold_per_floor":[117,117,128,13,13,48,60,82,142,154,116,128,170,182,194,307,319,348,360,44,44,44,44,73,73,73,101,114,146,173,13,13,113,163,182,205,217,229,229,229,262,262,262,262,281,281,311,311,311,311],"floor_reached":51,"playtime":2305,"items_purged":["Strike_G"],"score":1279,"play_id":"5ccfb05a-ef7a-4abc-9a24-5433b6fbef01","local_time":"20190620235122","is_ascension_mode":true,"campfire_choices":[{"data":"Well Laid Plans","floor":7,"key":"SMITH"},{"data":"Dash","floor":12,"key":"SMITH"},{"data":"Blade Dance","floor":15,"key":"SMITH"},{"data":"Choke","floor":23,"key":"SMITH"},{"data":"Noxious Fumes","floor":25,"key":"SMITH"},{"data":"Footwork","floor":32,"key":"SMITH"},{"data":"Mind Blast","floor":40,"key":"SMITH"},{"floor":42,"key":"REST"},{"data":"Wraith Form v2","floor":44,"key":"SMITH"},{"data":"Finisher","floor":49,"key":"SMITH"}],"neow_cost":"NONE","seed_source_timestamp":94185383286915,"circlet_count":0,"master_deck":["Survivor","Neutralize","Backstab","Dagger Spray","Well Laid Plans+1","Grand Finale","Sucker Punch","Neutralize","Bullet Time","Dash+1","Blade Dance+1","Parasite","Die Die Die","Glass Knife","Riddle With Holes","Die Die Die","Choke+1","Bullet Time","Quick Slash","Noxious Fumes+1","Grand Finale","Flying Knee","Prepared","Backstab","Writhe","Flying Knee","Backflip+1","Cloak And Dagger","Underhanded Strike","Dagger Throw","Footwork+1","PanicButton","Wraith Form v2+1","Masterful Stab","Quick Slash+1","Tactician+1","Mind Blast+1","Finisher+1"],"relics":["Ring of the Snake","NeowsBlessing","Bag of Marbles","MawBank","Vajra","Shuriken","Du-Vu Doll","Pandora\u0027s Box","MutagenicStrength","Bottled Flame","Ancient Tea Set","Ornamental Fan","Bottled Tornado","Bronze Scales","Ninja Scroll","Red Mask","Tiny House","Boot","Paper Crane","Frozen Egg 2","Orichalcum"],"potions_floor_usage":[13,29,50,50,50],"damage_taken":[{"damage":0,"enemies":"Small Slimes","floor":1,"turns":1},{"damage":0,"enemies":"Jaw Worm","floor":3,"turns":1},{"damage":0,"enemies":"Gremlin Nob","floor":6,"turns":1},{"damage":0,"enemies":"Cultist","floor":8,"turns":3},{"damage":8,"enemies":"Lagavulin","floor":13,"turns":6},{"damage":16,"enemies":"The Guardian","floor":16,"turns":10},{"damage":11,"enemies":"Spheric Guardian","floor":18,"turns":3},{"damage":0,"enemies":"Gremlin Leader","floor":24,"turns":1},{"damage":10,"enemies":"Book of Stabbing","floor":27,"turns":2},{"damage":0,"enemies":"Chosen","floor":28,"turns":1},{"damage":0,"enemies":"Slavers","floor":29,"turns":2},{"damage":0,"enemies":"Masked Bandits","floor":30,"turns":1},{"damage":41,"enemies":"Champ","floor":33,"turns":5},{"damage":4,"enemies":"3 Shapes","floor":35,"turns":1},{"damage":0,"enemies":"Orb Walker","floor":37,"turns":1},{"damage":0,"enemies":"3 Darklings","floor":38,"turns":2},{"damage":9,"enemies":"Giant Head","floor":41,"turns":4},{"damage":0,"enemies":"Maw","floor":45,"turns":3},{"damage":0,"enemies":"Reptomancer","floor":47,"turns":1},{"damage":65,"enemies":"Awakened One","floor":50,"turns":9}],"seed_played":"6917696776067645639","potions_obtained":[{"floor":1,"key":"Block Potion"},{"floor":6,"key":"Explosive Potion"},{"floor":13,"key":"PowerPotion"},{"floor":16,"key":"Ancient Potion"},{"floor":33,"key":"GhostInAJar"},{"floor":35,"key":"SteroidPotion"},{"floor":45,"key":"Energy Potion"}],"is_trial":false,"path_per_floor":["M","?","M","$","?","E","R","M","T","?","?","R","E","?","R","B",null,"M","?","$","?","?","R","E","R","T","E","M","E","?","$","R","B",null,"M","T","M","M","?","R","E","R","T","R","M","?","E","?","R","B",null],"character_chosen":"THE_SILENT","items_purchased":["Well Laid Plans","Bottled Flame","Backstab","Footwork","PanicButton"],"campfire_rested":1,"item_purchase_floors":[4,20,20,31,31],"current_hp_per_floor":[63,56,56,56,56,56,56,56,56,56,56,56,48,65,65,49,65,54,54,54,54,54,54,54,54,54,44,44,44,44,44,44,3,58,54,54,54,54,54,54,45,67,67,67,67,67,67,67,67,2],"gold":311,"neow_bonus":"THREE_ENEMY_KILL","is_prod":false,"is_daily":false,"chose_seed":false,"campfire_upgraded":9,"win_rate":0,"timestamp":1561038682,"path_taken":["M","?","M","$","?","E","R","?","T","?","?","R","E","?","R","BOSS","M","?","$","?","?","R","E","R","T","E","M","E","?","?","R","BOSS","M","?","M","M","?","R","E","R","T","R","M","?","E","?","R","BOSS"],"build_version":"2019-01-23","purchased_purges":1,"victory":true,"max_hp_per_floor":[70,70,70,70,70,70,70,70,70,70,70,70,70,70,70,70,70,70,70,70,70,70,70,70,70,70,70,70,70,70,70,70,70,75,75,75,75,75,75,75,75,75,75,75,75,75,75,75,75,75],"card_choices":[{"not_picked":["Blade Dance","Acrobatics"],"picked":"Backstab","floor":1},{"not_picked":["Slice","Backflip"],"picked":"Dagger Spray","floor":3},{"not_picked":["Poisoned Stab","Prepared"],"picked":"Bullet Time","floor":6},{"not_picked":["Poisoned Stab","Caltrops"],"picked":"Dash","floor":8},{"not_picked":["Footwork","Die Die Die"],"picked":"Blade Dance","floor":13},{"not_picked":["Unload","A Thousand Cuts"],"picked":"Die Die Die","floor":16},{"not_picked":["Terror","Eviscerate"],"picked":"Prepared","floor":18},{"not_picked":["Dash","Bouncing Flask"],"picked":"Flying Knee","floor":24},{"not_picked":["PiercingWail+1","Distraction"],"picked":"Backflip","floor":27},{"not_picked":["Calculated Gamble+1","Sucker Punch"],"picked":"Cloak And Dagger","floor":28},{"not_picked":["Dodge and Roll","Flechettes"],"picked":"Underhanded Strike","floor":29},{"not_picked":["Flechettes","Dash"],"picked":"Dagger Throw","floor":30},{"not_picked":["Die Die Die","Phantasmal Killer"],"picked":"Wraith Form v2","floor":33},{"not_picked":["Prepared+1","Underhanded Strike+1"],"picked":"Masterful Stab","floor":34},{"not_picked":["Calculated Gamble+1","Backflip","Sucker Punch+1"],"picked":"SKIP","floor":35},{"not_picked":["Dagger Throw","Deflect"],"picked":"Quick Slash+1","floor":37},{"not_picked":["Acrobatics+1","Deadly Poison"],"picked":"Tactician+1","floor":38},{"not_picked":["Secret Technique","Enlightenment"],"picked":"Mind Blast","floor":39},{"not_picked":["Quick Slash+1","Backflip+1"],"picked":"Footwork","floor":41},{"not_picked":["Bane","Backflip"],"picked":"Finisher","floor":45},{"not_picked":["Prepared","Acrobatics","Grand Finale"],"picked":"SKIP","floor":47}],"player_experience":2228085,"relics_obtained":[{"floor":6,"key":"MawBank"},{"floor":9,"key":"Vajra"},{"floor":13,"key":"Du-Vu Doll"},{"floor":24,"key":"Ornamental Fan"},{"floor":26,"key":"Bottled Tornado"},{"floor":27,"key":"Bronze Scales"},{"floor":29,"key":"Ninja Scroll"},{"floor":30,"key":"Red Mask"},{"floor":36,"key":"Boot"},{"floor":41,"key":"Paper Crane"},{"floor":43,"key":"Frozen Egg 2"},{"floor":47,"key":"Orichalcum"}],"event_choices":[{"damage_healed":0,"gold_gain":0,"player_choice":"Success","damage_taken":7,"relics_obtained":["Bag of Marbles"],"max_hp_gain":0,"max_hp_loss":0,"event_name":"Scrap Ooze","floor":2,"gold_loss":0},{"damage_healed":0,"gold_gain":0,"player_choice":"3 cards matched","damage_taken":0,"max_hp_gain":0,"max_hp_loss":0,"event_name":"Match and Keep!","floor":5,"gold_loss":0,"cards_obtained":["Grand Finale","Sucker Punch","Neutralize"]},{"damage_healed":0,"gold_gain":0,"player_choice":"Box","damage_taken":0,"relics_obtained":["Shuriken"],"max_hp_gain":0,"max_hp_loss":0,"event_name":"Big Fish","floor":10,"gold_loss":0,"cards_obtained":["Regret"]},{"cards_removed":["Regret"],"damage_healed":0,"gold_gain":0,"player_choice":"Card Removal","damage_taken":0,"max_hp_gain":0,"max_hp_loss":0,"event_name":"The Cleric","floor":11,"gold_loss":50},{"damage_healed":17,"gold_gain":0,"player_choice":"Healed and dodged fight","damage_taken":0,"max_hp_gain":0,"max_hp_loss":0,"event_name":"Mushrooms","floor":14,"gold_loss":0,"cards_obtained":["Parasite"]},{"damage_healed":0,"gold_gain":0,"player_choice":"Inject Mutagens","damage_taken":0,"relics_obtained":["MutagenicStrength"],"max_hp_gain":0,"max_hp_loss":0,"event_name":"Drug Dealer","floor":19,"gold_loss":0},{"damage_healed":0,"gold_gain":0,"player_choice":"Ignored","damage_taken":0,"max_hp_gain":0,"max_hp_loss":0,"event_name":"Vampires","floor":21,"gold_loss":0},{"damage_healed":0,"gold_gain":0,"player_choice":"Opened","damage_taken":0,"relics_obtained":["Ancient Tea Set"],"max_hp_gain":0,"max_hp_loss":0,"event_name":"The Mausoleum","floor":22,"gold_loss":0,"cards_obtained":["Writhe"]},{"damage_healed":0,"gold_gain":0,"player_choice":"Fought Bandits","damage_taken":0,"max_hp_gain":0,"max_hp_loss":0,"event_name":"Masked Bandits","floor":30,"gold_loss":0},{"damage_healed":0,"gold_gain":0,"player_choice":"Memory 1","damage_taken":0,"max_hp_gain":0,"max_hp_loss":0,"event_name":"SensoryStone","floor":39,"gold_loss":0},{"damage_healed":0,"gold_gain":0,"player_choice":"Ignored","damage_taken":0,"max_hp_gain":0,"max_hp_loss":0,"event_name":"Tomb of Lord Red Mask","floor":46,"gold_loss":0},{"cards_removed":["Footwork"],"damage_healed":0,"gold_gain":0,"player_choice":"Removed Power","damage_taken":0,"max_hp_gain":0,"max_hp_loss":0,"event_name":"Falling","floor":48,"gold_loss":0}],"is_beta":false,"boss_relics":[{"not_picked":["Coffee Dripper","Orrery"],"picked":"Pandora\u0027s Box"},{"not_picked":["Busted Crown","White Beast Statue"],"picked":"Tiny House"}],"items_purged_floors":[4],"is_endless":false,"potions_floor_spawned":[1,6,13,16,18,28,33,35,37,45],"ascension_level":9}