{"gold_per_floor":[116,126,28,28,28,58,58,85,108,121,134,166,0,0],"floor_reached":14,"playtime":1971,"items_purged":[],"score":160,"play_id":"92ba3ca1-7d6f-4902-b82e-115c3b24f160","local_time":"20190206215115","is_ascension_mode":true,"campfire_choices":[{"data":"Immolate","floor":7,"key":"SMITH"}],"neow_cost":"NONE","seed_source_timestamp":99890735106182,"circlet_count":0,"master_deck":["Strike_R","Strike_R","Strike_R","Strike_R+1","Strike_R","Defend_R","Defend_R","Defend_R","Defend_R","Bash","Inflame","Body Slam+1","Rupture","Twin Strike","Regret","Immolate+1","Sword Boomerang","Hemokinesis","Barricade","Seeing Red","Enlightenment","Entrench","Shrug It Off"],"relics":["Burning Blood","NeowsBlessing","Ancient Tea Set","Happy Flower","The Courier","Whetstone","Juzu Bracelet"],"potions_floor_usage":[11,14,14],"damage_taken":[{"damage":0,"enemies":"Small Slimes","floor":1,"turns":1},{"damage":0,"enemies":"2 Louse","floor":2,"turns":1},{"damage":0,"enemies":"3 Sentries","floor":6,"turns":1},{"damage":37,"enemies":"Lagavulin","floor":8,"turns":5},{"damage":12,"enemies":"Jaw Worm","floor":10,"turns":2},{"damage":8,"enemies":"Lots of Slimes","floor":11,"turns":2},{"damage":32,"enemies":"3 Sentries","floor":12,"turns":4},{"damage":15,"enemies":"Exordium Wildlife","floor":14,"turns":2}],"seed_played":"8840668588935017954","potions_obtained":[{"floor":6,"key":"LiquidBronze"},{"floor":8,"key":"Explosive Potion"},{"floor":12,"key":"LiquidBronze"}],"is_trial":false,"path_per_floor":["M","M","$","?","?","E","R","E","T","M","M","E","$","M"],"character_chosen":"IRONCLAD","items_purchased":["Rupture","Twin Strike","Enlightenment","Entrench","Shrug It Off"],"campfire_rested":0,"item_purchase_floors":[3,3,13,13,13],"current_hp_per_floor":[80,80,80,80,80,80,80,49,49,43,41,15,15,0],"gold":0,"neow_bonus":"THREE_ENEMY_KILL","is_prod":false,"is_daily":false,"chose_seed":false,"campfire_upgraded":1,"win_rate":0,"timestamp":1549450275,"path_taken":["M","M","$","?","?","E","R","E","T","M","?","E","?","M"],"build_version":"2019-01-23","purchased_purges":0,"victory":false,"max_hp_per_floor":[80,80,80,80,80,80,80,80,80,80,80,80,80,80],"card_choices":[{"not_picked":["Armaments","Infernal Blade"],"picked":"Inflame","floor":1},{"not_picked":["Dropkick","Iron Wave"],"picked":"Body Slam","floor":2},{"not_picked":["Flex","Twin Strike"],"picked":"Immolate","floor":6},{"not_picked":["Warcry","Pommel Strike"],"picked":"Sword Boomerang","floor":8},{"not_picked":["Twin Strike","Havoc"],"picked":"Hemokinesis","floor":10},{"not_picked":["Heavy Blade","Twin Strike"],"picked":"Barricade","floor":11},{"not_picked":["Bludgeon","Whirlwind"],"picked":"Seeing Red","floor":12}],"player_experience":281817,"relics_obtained":[{"floor":6,"key":"Happy Flower"},{"floor":8,"key":"The Courier"},{"floor":9,"key":"Whetstone"},{"floor":12,"key":"Juzu Bracelet"}],"event_choices":[{"damage_healed":0,"gold_gain":0,"player_choice":"Leave","damage_taken":0,"max_hp_gain":0,"max_hp_loss":0,"event_name":"The Cleric","floor":4,"gold_loss":0},{"damage_healed":0,"gold_gain":0,"player_choice":"Box","damage_taken":0,"relics_obtained":["Ancient Tea Set"],"max_hp_gain":0,"max_hp_loss":0,"event_name":"Big Fish","floor":5,"gold_loss":0,"cards_obtained":["Regret"]}],"is_beta":false,"boss_relics":[],"items_purged_floors":[],"is_endless":false,"potions_floor_spawned":[6,8,12],"killed_by":"Exordium Wildlife","ascension_level":4}