{"gold_per_floor":[110,122,122,47,62,62,89,89,89,103,50,63,63,74,74,153,153,169,179,179],"floor_reached":20,"playtime":1642,"items_purged":[],"score":334,"play_id":"f3d84ac0-a8be-4d37-9c3f-50aaf7ec5c0f","local_time":"20190619174607","is_ascension_mode":true,"campfire_choices":[{"data":"Neutralize","floor":6.0,"key":"SMITH"},{"data":"Leg Sweep","floor":8.0,"key":"SMITH"},{"floor":15,"key":"REST"}],"neow_cost":"CURSE","seed_source_timestamp":3138393449785,"circlet_count":0,"master_deck":["AscendersBane","Defend_G","Defend_G","Defend_G","Defend_G","Defend_G","Strike_G","Strike_G","Strike_G","Strike_G","Strike_G","Survivor","Neutralize+1","Masterful Stab","Leg Sweep+1","Heel Hook","Predator","Deadly Poison","PiercingWail","Catalyst","Backflip","Malaise","Bouncing Flask","PiercingWail","Backflip","Dodge and Roll","Footwork"],"special_seed":0,"relics":["Ring of the Snake","Thread and Needle","Bottled Lightning","Sundial","Orrery"],"potions_floor_usage":[16,16,18],"damage_taken":[{"damage":4.0,"enemies":"Small Slimes","floor":1.0,"turns":5.0},{"damage":7.0,"enemies":"Jaw Worm","floor":2.0,"turns":6.0},{"damage":0.0,"enemies":"Cultist","floor":5.0,"turns":5.0},{"damage":42.0,"enemies":"3 Sentries","floor":7.0,"turns":20.0},{"damage":0.0,"enemies":"Lots of Slimes","floor":10.0,"turns":6.0},{"damage":0.0,"enemies":"3 Louse","floor":12.0,"turns":4.0},{"damage":18,"enemies":"Gremlin Gang","floor":14,"turns":6},{"damage":18,"enemies":"Hexaghost","floor":16,"turns":15},{"damage":18,"enemies":"3 Byrds","floor":18,"turns":10},{"damage":0,"enemies":"Spheric Guardian","floor":19,"turns":5},{"damage":35,"enemies":"Chosen and Byrds","floor":20,"turns":7}],"seed_played":"-3954778900644338634","potions_obtained":[{"floor":1.0,"key":"Fire Potion"},{"floor":5.0,"key":"Energy Potion"},{"floor":12.0,"key":"Strength Potion"},{"floor":16,"key":"Fire Potion"}],"is_trial":false,"path_per_floor":["M","M","?","?","M","R","E","R","T","M","$","M","$","M","R","B",null,"M","M","M"],"character_chosen":"THE_SILENT","items_purchased":["PiercingWail"],"campfire_rested":1,"item_purchase_floors":[11],"current_hp_per_floor":[55,48,66,66,66,66,24,24,24,24,24,24,24,6,25,7,51,33,33,0],"gold":179,"neow_bonus":"ONE_RARE_RELIC","is_prod":false,"is_daily":false,"chose_seed":false,"campfire_upgraded":2,"win_rate":0,"timestamp":1560959167,"path_taken":["M","M","?","?","M","R","E","R","T","M","?","M","$","?","R","BOSS","M","M","?"],"build_version":"2019-01-23","purchased_purges":0,"victory":false,"max_hp_per_floor":[66,66,66,66,66,66,66,66,66,66,66,66,66,66,66,66,66,66,66,66],"card_choices":[{"not_picked":["Infinite Blades","Outmaneuver"],"picked":"Masterful Stab","floor":1.0},{"not_picked":["Endless Agony","Dagger Spray"],"picked":"Leg Sweep","floor":2.0},{"not_picked":["Infinite Blades","Cloak And Dagger"],"picked":"Heel Hook","floor":5.0},{"not_picked":["Eviscerate","A Thousand Cuts"],"picked":"Predator","floor":7.0},{"not_picked":["Prepared","Underhanded Strike"],"picked":"Deadly Poison","floor":10.0},{"not_picked":["Outmaneuver","Envenom"],"picked":"Catalyst","floor":12.0},{"not_picked":["Flying Knee","Tactician"],"picked":"Backflip","floor":14},{"not_picked":["Burst","Unload"],"picked":"Malaise","floor":16},{"not_picked":["Prepared","Endless Agony"],"picked":"Bouncing Flask","floor":17},{"not_picked":["Backflip","Cloak And Dagger"],"picked":"PiercingWail","floor":17},{"not_picked":["Deflect","Bane"],"picked":"Backflip","floor":17},{"not_picked":["Riddle With Holes","Poisoned Stab"],"picked":"Dodge and Roll","floor":17},{"not_picked":["Outmaneuver","Sucker Punch"],"picked":"Footwork","floor":18},{"not_picked":["Eviscerate+1","Distraction","Masterful Stab"],"picked":"SKIP","floor":19}],"player_experience":786827,"relics_obtained":[{"floor":7.0,"key":"Bottled Lightning"},{"floor":9.0,"key":"Sundial"}],"event_choices":[{"damage_healed":22.0,"max_hp_gain":0.0,"max_hp_loss":0.0,"gold_gain":0.0,"event_name":"Big Fish","player_choice":"Banana","floor":3.0,"gold_loss":0.0,"damage_taken":0.0},{"cards_removed":["Regret"],"damage_healed":0.0,"max_hp_gain":0.0,"max_hp_loss":0.0,"gold_gain":0.0,"event_name":"The Cleric","player_choice":"Card Removal","floor":4.0,"gold_loss":75.0,"damage_taken":0.0}],"is_beta":false,"boss_relics":[{"not_picked":["Empty Cage","Lizard Tail"],"picked":"Orrery"}],"items_purged_floors":[],"is_endless":false,"potions_floor_spawned":[1,5,7,12,16],"killed_by":"Chosen and Byrds","ascension_level":18}