{"gold_per_floor":[117,65,140,315,265,290,290,315,315,347,36,50,50,75,75,180,180,196,211,230,242,5,5,31,31,31,31,31,131,131,166,166,262,262,278,278,293,34,51,78,78,113,113,113,213,228,228,228,228,228],"floor_reached":50,"playtime":5335,"items_purged":[],"score":982,"play_id":"e4b6c1fe-6474-4249-94e3-f10c4fcac823","local_time":"20190205004056","is_ascension_mode":true,"campfire_choices":[{"data":"Shockwave","floor":7,"key":"SMITH"},{"floor":15,"key":"REST"},{"floor":23,"key":"REST"},{"data":"Barricade","floor":25,"key":"SMITH"},{"data":"Limit Break","floor":27,"key":"SMITH"},{"data":"1","floor":32,"key":"LIFT"},{"floor":41,"key":"REST"},{"floor":44,"key":"REST"},{"data":"Heavy Blade","floor":47,"key":"SMITH"},{"data":"2","floor":49,"key":"LIFT"}],"neow_cost":"NONE","seed_source_timestamp":136454326385074,"circlet_count":0,"master_deck":["Strike_R","Strike_R","Strike_R","Strike_R","Defend_R","Defend_R","Defend_R","Defend_R","Bash","Shockwave+1","Heavy Blade+1","Barricade+1","Carnage+1","Feed+1","Pommel Strike+1","Flex","Ghostly Armor","Flame Barrier+1","Body Slam+1","Dropkick+1","Limit Break+1","Normality","Decay","Shame","Havoc+1","Pummel+1","Flex+1","Ghostly Armor+1","Entrench+1","Ghostly Armor+1","Havoc+1","Battle Trance+1","Necronomicurse","Brutality","Dark Embrace","Flex+1","Fiend Fire+1","True Grit+1","Parasite","Combust","Bludgeon+1","Disarm+1","Evolve","Apotheosis+1"],"relics":["Burning Blood","NeowsBlessing","Juzu Bracelet","Art of War","Molten Egg 2","Dream Catcher","Sundial","Du-Vu Doll","Calling Bell","Anchor","Toxic Egg 2","WingedGreaves","Oddly Smooth Stone","Gremlin Horn","Letter Opener","Girya","Mercury Hourglass","Necronomicon","Blue Candle","Philosopher\u0027s Stone","Dodecahedron","Ancient Tea Set","Regal Pillow","Bottled Tornado","Peace Pipe"],"potions_floor_usage":[10,10,10,10,14,24,24,29,29,29,33,40,40,50,50],"damage_taken":[{"damage":0,"enemies":"Small Slimes","floor":1,"turns":2},{"damage":0,"enemies":"3 Sentries","floor":6,"turns":2},{"damage":0,"enemies":"Lagavulin","floor":8,"turns":1},{"damage":17,"enemies":"Gremlin Nob","floor":10,"turns":4},{"damage":1,"enemies":"Cultist","floor":12,"turns":3},{"damage":40,"enemies":"3 Sentries","floor":14,"turns":6},{"damage":15,"enemies":"The Guardian","floor":16,"turns":9},{"damage":25,"enemies":"Spheric Guardian","floor":18,"turns":4},{"damage":0,"enemies":"3 Byrds","floor":19,"turns":7},{"damage":16,"enemies":"Snake Plant","floor":20,"turns":4},{"damage":25,"enemies":"Centurion and Healer","floor":21,"turns":4},{"damage":6,"enemies":"Slavers","floor":24,"turns":3},{"damage":0,"enemies":"Colosseum Slavers","floor":29,"turns":3},{"damage":18,"enemies":"Colosseum Nobs","floor":29,"turns":4},{"damage":20,"enemies":"Gremlin Leader","floor":31,"turns":4},{"damage":19,"enemies":"Champ","floor":33,"turns":7},{"damage":3,"enemies":"3 Darklings","floor":35,"turns":4},{"damage":0,"enemies":"Orb Walker","floor":37,"turns":1},{"damage":14,"enemies":"Writhing Mass","floor":39,"turns":4},{"damage":68,"enemies":"Giant Head","floor":40,"turns":7},{"damage":37,"enemies":"Nemesis","floor":42,"turns":3},{"damage":0,"enemies":"Mind Bloom Boss Battle","floor":45,"turns":5},{"damage":16,"enemies":"Transient","floor":46,"turns":5},{"damage":107,"enemies":"Awakened One","floor":50,"turns":8}],"seed_played":"-5085921754357664686","potions_obtained":[{"floor":1,"key":"EntropicBrew"},{"floor":12,"key":"PowerPotion"},{"floor":14,"key":"Poison Potion"},{"floor":18,"key":"SkillPotion"},{"floor":28,"key":"GamblersBrew"},{"floor":28,"key":"Swift Potion"},{"floor":28,"key":"Dexterity Potion"},{"floor":31,"key":"Swift Potion"},{"floor":33,"key":"Regen Potion"},{"floor":35,"key":"Block Potion"},{"floor":40,"key":"LiquidBronze"},{"floor":46,"key":"PowerPotion"}],"is_trial":false,"path_per_floor":["M","?","?","?","?","E","R","E","T","E","$","M","?","E","R","B",null,"M","M","M","M","$","R","E","R","T","R","?","?","?","E","R","B",null,"M","?","M","$","M","E","R","E","T","R","?","M","R","?","R","B"],"character_chosen":"IRONCLAD","items_purchased":["Feed+1","Pommel Strike+1","Flex","Ghostly Armor","Oddly Smooth Stone","Entrench+1","Dodecahedron"],"campfire_rested":4,"item_purchase_floors":[11,11,11,11,22,22,38],"current_hp_per_floor":[80,80,69,69,69,75,75,80,80,69,69,78,78,48,74,69,92,73,83,77,62,62,93,97,97,97,97,97,91,75,61,61,48,108,112,112,112,112,104,57,90,59,59,107,112,102,102,102,102,0],"gold":228,"neow_bonus":"THREE_ENEMY_KILL","is_prod":false,"is_daily":false,"chose_seed":false,"campfire_upgraded":4,"win_rate":0,"timestamp":1549287656,"path_taken":["M","?","?","?","?","E","R","E","T","E","$","M","?","E","R","BOSS","M","M","M","M","$","R","E","R","T","R","?","?","?","E","R","BOSS","M","?","M","$","M","E","R","E","T","R","?","M","R","?","R","BOSS"],"build_version":"2019-01-23","purchased_purges":0,"victory":false,"max_hp_per_floor":[80,80,80,80,80,80,80,80,80,80,80,84,84,88,88,92,92,92,96,100,104,104,104,108,108,108,108,108,108,108,108,108,108,108,112,112,112,112,112,112,112,112,112,112,112,112,112,112,112,116],"card_choices":[{"not_picked":["Bloodletting","Iron Wave"],"picked":"Shockwave","floor":1},{"not_picked":["Warcry","Hemokinesis"],"picked":"Heavy Blade","floor":6},{"not_picked":["Inflame","Perfected Strike"],"picked":"Barricade","floor":8},{"not_picked":["Warcry","Clash+1"],"picked":"Carnage+1","floor":10},{"not_picked":["Clash+1","Clothesline+1"],"picked":"Flame Barrier","floor":12},{"not_picked":["Hemokinesis+1","Wild Strike+1"],"picked":"Body Slam+1","floor":14},{"not_picked":["Battle Trance","Headbutt+1"],"picked":"Dropkick+1","floor":15},{"not_picked":["Bludgeon+1","Berserk"],"picked":"Limit Break","floor":16},{"not_picked":["Wild Strike+1","Twin Strike+1"],"picked":"Havoc+1","floor":18},{"not_picked":["Anger+1","Cleave+1"],"picked":"Pummel+1","floor":19},{"not_picked":["Headbutt+1","Perfected Strike+1"],"picked":"Flex+1","floor":20},{"not_picked":["Uppercut+1","Corruption"],"picked":"Ghostly Armor+1","floor":21},{"not_picked":["Twin Strike+1","True Grit+1"],"picked":"Ghostly Armor+1","floor":23},{"not_picked":["Second Wind+1","Clash+1"],"picked":"Havoc+1","floor":24},{"not_picked":["Anger+1","Wild Strike+1"],"picked":"Battle Trance+1","floor":29},{"not_picked":["Bloodletting+1","True Grit+1"],"picked":"Brutality","floor":31},{"not_picked":["Demon Form","Fiend Fire+1"],"picked":"Dark Embrace","floor":33},{"not_picked":["Perfected Strike+1","Havoc+1"],"picked":"Flex+1","floor":35},{"not_picked":["Rampage+1","Armaments+1"],"picked":"True Grit+1","floor":37},{"not_picked":["Clothesline+1","Headbutt+1"],"picked":"Combust","floor":39},{"not_picked":["Searing Blow+1","Burning Pact+1","True Grit+1"],"picked":"SKIP","floor":40},{"not_picked":["True Grit+1","Perfected Strike+1"],"picked":"Bludgeon+1","floor":41},{"not_picked":["Flex+1","Blood for Blood+1"],"picked":"Disarm+1","floor":42},{"not_picked":["Dropkick+1","Havoc+1"],"picked":"Evolve","floor":44},{"not_picked":["Bloodletting+1","Metallicize","Perfected Strike+1"],"picked":"SKIP","floor":46},{"not_picked":["Transmutation+1","Good Instincts+1"],"picked":"Apotheosis+1","floor":48}],"player_experience":276255,"relics_obtained":[{"floor":6,"key":"Art of War"},{"floor":8,"key":"Molten Egg 2"},{"floor":9,"key":"Dream Catcher"},{"floor":10,"key":"Sundial"},{"floor":14,"key":"Du-Vu Doll"},{"floor":17,"key":"Anchor"},{"floor":17,"key":"Toxic Egg 2"},{"floor":17,"key":"WingedGreaves"},{"floor":24,"key":"Gremlin Horn"},{"floor":26,"key":"Letter Opener"},{"floor":29,"key":"Girya"},{"floor":29,"key":"Mercury Hourglass"},{"floor":30,"key":"Necronomicon"},{"floor":31,"key":"Blue Candle"},{"floor":40,"key":"Ancient Tea Set"},{"floor":42,"key":"Regal Pillow"},{"floor":43,"key":"Bottled Tornado"},{"floor":45,"key":"Peace Pipe"}],"event_choices":[{"damage_healed":0,"gold_gain":0,"player_choice":"Paid Gold","damage_taken":0,"relics_obtained":["Juzu Bracelet"],"max_hp_gain":0,"max_hp_loss":0,"event_name":"WeMeetAgain","floor":2,"gold_loss":52},{"damage_healed":0,"gold_gain":75,"player_choice":"Gather Gold","damage_taken":11,"max_hp_gain":0,"max_hp_loss":0,"event_name":"World of Goop","floor":3,"gold_loss":0},{"damage_healed":0,"gold_gain":175,"player_choice":"AGREE","damage_taken":0,"max_hp_gain":0,"max_hp_loss":0,"event_name":"Liars Game","floor":4,"gold_loss":0,"cards_obtained":["Doubt"]},{"cards_removed":["Doubt"],"damage_healed":0,"gold_gain":0,"player_choice":"Card Removal","damage_taken":0,"max_hp_gain":0,"max_hp_loss":0,"event_name":"The Cleric","floor":5,"gold_loss":50},{"damage_healed":0,"gold_gain":0,"player_choice":"Upgraded","damage_taken":0,"max_hp_gain":0,"max_hp_loss":0,"event_name":"Upgrade Shrine","floor":13,"gold_loss":0,"cards_upgraded":["Flame Barrier"]},{"damage_healed":0,"gold_gain":0,"player_choice":"Got Potions","damage_taken":0,"max_hp_gain":0,"max_hp_loss":0,"event_name":"Lab","floor":28,"gold_loss":0},{"damage_healed":0,"gold_gain":0,"player_choice":"Fight","damage_taken":0,"max_hp_gain":0,"max_hp_loss":0,"event_name":"Colosseum","floor":29,"gold_loss":0},{"damage_healed":0,"gold_gain":0,"player_choice":"Fought Nobs","damage_taken":0,"max_hp_gain":0,"max_hp_loss":0,"event_name":"Colosseum","floor":29,"gold_loss":0},{"damage_healed":0,"gold_gain":0,"player_choice":"Obtained Book","damage_taken":16,"max_hp_gain":0,"max_hp_loss":0,"event_name":"Cursed Tome","floor":30,"gold_loss":0},{"damage_healed":0,"gold_gain":0,"cards_transformed":["Strike_R"],"player_choice":"Transformed","damage_taken":0,"max_hp_gain":0,"max_hp_loss":0,"event_name":"Transmorgrifier","floor":36,"gold_loss":0,"cards_obtained":["Fiend Fire"]},{"damage_healed":0,"gold_gain":0,"player_choice":"Fight","damage_taken":0,"max_hp_gain":0,"max_hp_loss":0,"event_name":"MindBloom","floor":45,"gold_loss":0},{"damage_healed":0,"gold_gain":0,"player_choice":"Memory 1","damage_taken":0,"max_hp_gain":0,"max_hp_loss":0,"event_name":"SensoryStone","floor":48,"gold_loss":0}],"is_beta":false,"boss_relics":[{"not_picked":["Empty Cage","Ectoplasm"],"picked":"Calling Bell"},{"not_picked":["Orrery","Black Star"],"picked":"Philosopher\u0027s Stone"}],"items_purged_floors":[],"is_endless":false,"potions_floor_spawned":[1,12,14,18,31,33,35,40,46],"killed_by":"Awakened One","ascension_level":4}