{"gold_per_floor":[365,377,64,64,79,79,89,89,116,116,131,58,85,85,85,214,214,239,257,257,55,68,68,68,68,68,112,127,127,127,143,143,273,273,287,89,104,104,117,117,117,44,44,62,62,87,12,12,12,12],"floor_reached":50,"playtime":3374,"items_purged":["Injury"],"score":729,"play_id":"3b145543-5a6a-43a3-b74a-68bee3d7c1f0","local_time":"20190614171924","is_ascension_mode":true,"campfire_choices":[{"data":"Crippling Poison","floor":6.0,"key":"SMITH"},{"data":"Cloak And Dagger","floor":8.0,"key":"SMITH"},{"data":"A Thousand Cuts","floor":10.0,"key":"SMITH"},{"floor":15.0,"key":"REST"},{"data":"Adrenaline","floor":23.0,"key":"SMITH"},{"data":"Adrenaline","floor":25.0,"key":"SMITH"},{"data":"Blade Dance","floor":29.0,"key":"SMITH"},{"data":"Catalyst","floor":32.0,"key":"SMITH"},{"floor":40.0,"key":"REST"},{"data":"Night Terror","floor":45.0,"key":"SMITH"},{"floor":49.0,"key":"REST"}],"neow_cost":"PERCENT_DAMAGE","seed_source_timestamp":0,"circlet_count":0,"master_deck":["Survivor","Neutralize","Crippling Poison+1","PiercingWail","Bane","Dagger Spray","Cloak And Dagger+1","A Thousand Cuts+1","Prepared","Accuracy","Noxious Fumes","Adrenaline+1","Adrenaline+1","Setup","All Out Attack","Sucker Punch","Corpse Explosion","Catalyst+1","Poisoned Stab","Well Laid Plans","Cloak And Dagger","Cloak And Dagger","Finisher","Metamorphosis","Dagger Throw","Footwork","Blade Dance+1","Night Terror+1","Cloak And Dagger","Dash+1","PiercingWail","Infinite Blades","Infinite Blades+1","Deadly Poison+1","Neutralize","Decay","Prepared"],"special_seed":0,"relics":["Ring of the Snake","Matryoshka","Bag of Marbles","Boot","Ice Cream","Golden Idol","Pandora\u0027s Box","Snake Skull","Ornamental Fan","Orichalcum","WristBlade","Anchor","Sundial"],"potions_floor_usage":[50,50,50],"damage_taken":[{"damage":3.0,"enemies":"2 Louse","floor":1.0,"turns":4.0},{"damage":0.0,"enemies":"Cultist","floor":2.0,"turns":6.0},{"damage":3.0,"enemies":"Small Slimes","floor":5.0,"turns":4.0},{"damage":3.0,"enemies":"2 Fungi Beasts","floor":7.0,"turns":3.0},{"damage":0.0,"enemies":"Gremlin Gang","floor":11.0,"turns":1.0},{"damage":18.0,"enemies":"3 Sentries","floor":13.0,"turns":5.0},{"damage":25.0,"enemies":"Hexaghost","floor":16.0,"turns":9.0},{"damage":20.0,"enemies":"Spheric Guardian","floor":18.0,"turns":5.0},{"damage":0.0,"enemies":"3 Byrds","floor":19.0,"turns":2.0},{"damage":17.0,"enemies":"Snake Plant","floor":22.0,"turns":4.0},{"damage":0.0,"enemies":"Gremlin Leader","floor":27.0,"turns":5.0},{"damage":15.0,"enemies":"Shelled Parasite and Fungi","floor":28.0,"turns":5.0},{"damage":2.0,"enemies":"Chosen and Byrds","floor":31.0,"turns":4.0},{"damage":22.0,"enemies":"Champ","floor":33.0,"turns":8.0},{"damage":25.0,"enemies":"3 Darklings","floor":35.0,"turns":4.0},{"damage":2.0,"enemies":"Orb Walker","floor":37.0,"turns":3.0},{"damage":20.0,"enemies":"Spire Growth","floor":39.0,"turns":5.0},{"damage":0.0,"enemies":"3 Darklings","floor":44.0,"turns":1.0},{"damage":3.0,"enemies":"Maw","floor":46.0,"turns":5.0},{"damage":64,"enemies":"Time Eater","floor":50,"turns":8}],"seed_played":"4828346211588597477","potions_obtained":[{"floor":1.0,"key":"PowerPotion"},{"floor":2.0,"key":"SteroidPotion"},{"floor":18.0,"key":"Regen Potion"},{"floor":30.0,"key":"SpeedPotion"},{"floor":30.0,"key":"FairyPotion"},{"floor":30.0,"key":"Ancient Potion"},{"floor":33.0,"key":"Block Potion"},{"floor":35.0,"key":"PowerPotion"},{"floor":39.0,"key":"Energy Potion"},{"floor":44.0,"key":"Energy Potion"}],"is_trial":false,"path_per_floor":["M","M","$","?","M","R","M","R","T","R","M","$","E","?","R","B",null,"M","M","?","$","M","R","?","R","T","E","M","R","?","M","R","B",null,"M","$","M","?","M","R","?","$","T","M","R","M","$","?","R","B"],"character_chosen":"THE_SILENT","items_purchased":["Matryoshka","Bane","Dagger Spray","Accuracy","Finisher","Metamorphosis","Anchor","Strength Potion","Infinite Blades"],"campfire_rested":3,"item_purchase_floors":[3,3,3,12,21,21,36,36,42],"current_hp_per_floor":[42,42,42,42,39,39,36,36,36,36,36,36,18,18,39,14,56,36,45,80,80,63,63,63,63,63,63,48,48,48,46,46,24,66,41,41,39,39,19,43,43,43,43,43,43,40,40,40,64,0],"gold":12,"neow_bonus":"TWO_FIFTY_GOLD","is_prod":false,"is_daily":false,"chose_seed":false,"campfire_upgraded":8,"win_rate":0,"timestamp":1560496764,"path_taken":["M","M","$","?","M","R","?","R","T","R","M","$","E","?","R","BOSS","M","M","?","$","?","R","?","R","T","E","M","R","?","M","R","BOSS","M","$","M","?","M","R","?","$","T","M","R","M","$","?","R","BOSS"],"build_version":"2019-01-23","purchased_purges":1,"victory":false,"max_hp_per_floor":[70,70,70,70,70,70,70,70,70,70,70,70,70,70,70,70,70,70,70,80,80,80,80,80,80,80,80,80,80,80,80,80,80,80,80,80,80,80,80,80,80,80,80,80,80,80,80,80,80,80],"card_choices":[{"not_picked":["Bouncing Flask","Poisoned Stab"],"picked":"Crippling Poison","floor":1.0},{"not_picked":["Poisoned Stab","Deflect"],"picked":"PiercingWail","floor":2.0},{"not_picked":["Dodge and Roll","Masterful Stab"],"picked":"Cloak And Dagger","floor":5.0},{"not_picked":["All Out Attack","Outmaneuver"],"picked":"A Thousand Cuts","floor":7.0},{"not_picked":["Outmaneuver","Masterful Stab"],"picked":"Prepared","floor":11.0},{"not_picked":["PiercingWail","Outmaneuver"],"picked":"Noxious Fumes","floor":13.0},{"not_picked":["Die Die Die","Storm of Steel"],"picked":"Adrenaline","floor":16.0},{"not_picked":["Acrobatics","Slice"],"picked":"Cloak And Dagger","floor":18.0},{"not_picked":["Dash","Terror"],"picked":"Cloak And Dagger","floor":19.0},{"not_picked":["Dagger Spray","Acrobatics"],"picked":"Dagger Throw","floor":22.0},{"not_picked":["Prepared","Cloak And Dagger"],"picked":"Footwork","floor":27.0},{"not_picked":["Noxious Fumes+1","Poisoned Stab"],"picked":"Blade Dance","floor":28.0},{"not_picked":["Riddle With Holes","Poisoned Stab","Eviscerate"],"picked":"SKIP","floor":31.0},{"not_picked":["Storm of Steel","A Thousand Cuts"],"picked":"Night Terror","floor":33.0},{"not_picked":["Concentrate","Dagger Throw"],"picked":"Cloak And Dagger","floor":35.0},{"not_picked":["Deadly Poison","Dagger Throw"],"picked":"Dash+1","floor":37.0},{"not_picked":["Reflex+1","Flying Knee+1"],"picked":"PiercingWail","floor":39.0},{"not_picked":["Escape Plan+1","Finisher+1"],"picked":"Infinite Blades+1","floor":44.0},{"not_picked":["Distraction+1","Underhanded Strike"],"picked":"Deadly Poison+1","floor":46.0}],"player_experience":2114031,"relics_obtained":[{"floor":9.0,"key":"Bag of Marbles"},{"floor":9.0,"key":"Boot"},{"floor":13.0,"key":"Ice Cream"},{"floor":26.0,"key":"Snake Skull"},{"floor":26.0,"key":"Ornamental Fan"},{"floor":27.0,"key":"Orichalcum"},{"floor":43.0,"key":"Sundial"}],"event_choices":[{"damage_healed":0.0,"max_hp_gain":0.0,"max_hp_loss":0.0,"gold_gain":0.0,"event_name":"The Woman in Blue","player_choice":"Bought 0 Potions","floor":4.0,"gold_loss":0.0,"damage_taken":0.0},{"damage_healed":0.0,"max_hp_gain":0.0,"max_hp_loss":0.0,"gold_gain":0.0,"event_name":"Golden Idol","player_choice":"Take Wound","floor":14.0,"gold_loss":0.0,"damage_taken":0.0,"relics_obtained":["Golden Idol"],"cards_obtained":["Injury"]},{"cards_removed":["Corpse Explosion"],"damage_healed":25.0,"max_hp_gain":10.0,"max_hp_loss":0.0,"gold_gain":0.0,"event_name":"Bonfire Elementals","player_choice":"Offered Rare","floor":20.0,"gold_loss":0.0,"damage_taken":0.0},{"damage_healed":0.0,"max_hp_gain":0.0,"max_hp_loss":0.0,"gold_gain":0.0,"event_name":"Beggar","player_choice":"Ignored","floor":24.0,"gold_loss":0.0,"damage_taken":0.0},{"damage_healed":0.0,"max_hp_gain":0.0,"max_hp_loss":0.0,"gold_gain":0.0,"event_name":"Lab","player_choice":"Got Potions","floor":30.0,"gold_loss":0.0,"damage_taken":0.0},{"cards_removed":["Well Laid Plans"],"damage_healed":0.0,"max_hp_gain":0.0,"max_hp_loss":0.0,"gold_gain":0.0,"event_name":"Falling","player_choice":"Removed Power","floor":38.0,"gold_loss":0.0,"damage_taken":0.0},{"damage_healed":0.0,"max_hp_gain":0.0,"max_hp_loss":0.0,"gold_gain":0.0,"event_name":"Tomb of Lord Red Mask","player_choice":"Ignored","floor":41.0,"gold_loss":0.0,"damage_taken":0.0},{"damage_healed":0.0,"max_hp_gain":0.0,"max_hp_loss":0.0,"gold_gain":0.0,"event_name":"Match and Keep!","player_choice":"3 cards matched","floor":48.0,"gold_loss":0.0,"damage_taken":0.0,"cards_obtained":["Neutralize","Decay","Prepared"]}],"is_beta":false,"boss_relics":[{"not_picked":["Snecko Eye","Ring of the Serpent"],"picked":"Pandora\u0027s Box"},{"not_picked":["Coffee Dripper","Eternal Feather"],"picked":"WristBlade"}],"items_purged_floors":[47],"is_endless":false,"potions_floor_spawned":[1,2,18,33,35,39,44],"killed_by":"Time Eater","ascension_level":8}