{"gold_per_floor":[113,132,207,11,26,56,56,88,88,88,113,113,143,158,158,262,262,275,295,315,335,34,59,59,88,111,111,15,34,61,11,11,106,106,125,44,60,0,20,45,45,60,60,78,78,78,78,107,107,107,107,107,7,41,41],"floor_reached":55,"playtime":6465,"items_purged":["Armaments"],"score":889,"play_id":"11c481b9-e4cd-404c-ba6d-fdc7d93b411f","local_time":"20190131014649","is_ascension_mode":true,"campfire_choices":[{"floor":10,"key":"RECALL"},{"data":"Apotheosis","floor":12,"key":"SMITH"},{"data":"Flex","floor":15,"key":"SMITH"},{"data":"Seeing Red","floor":24,"key":"SMITH"},{"floor":27,"key":"REST"},{"floor":32,"key":"REST"},{"floor":41,"key":"REST"},{"floor":49,"key":"REST"},{"data":"Demon Form","floor":52,"key":"SMITH"}],"neow_cost":"NONE","seed_source_timestamp":111329615518486,"circlet_count":0,"master_deck":["Bash","Disarm","Clash","Apotheosis+1","Shrug It Off","Flex+1","Sever Soul","Anger","Demon Form+1","Power Through","Shockwave","True Grit","Blood for Blood","Evolve","Seeing Red+1","Power Through","Carnage","Clash","Headbutt","Disarm","Flame Barrier","Anger","Cleave","Fire Breathing","Entrench+1","Flex","Cleave","Seeing Red","Rampage","Anger","Reaper","Flame Barrier+1","Flame Barrier","Flex+1","Warcry+1","Wild Strike","Parasite","Spot Weakness","Thinking Ahead","Anger","Clothesline+1"],"relics":["Burning Blood","NeowsBlessing","Mercury Hourglass","Gambling Chip","Calipers","Smiling Mask","Pandora\u0027s Box","Ancient Tea Set","Blood Vial","Juzu Bracelet","Regal Pillow","Kunai","Busted Crown","Red Mask","Lantern","Oddly Smooth Stone","Frozen Egg 2","Bottled Lightning"],"potions_floor_usage":[11,18,20,21,33,40,40,40,42,44,50,54,54],"damage_taken":[{"damage":0,"enemies":"Small Slimes","floor":1,"turns":1},{"damage":0,"enemies":"2 Louse","floor":2,"turns":1},{"damage":0,"enemies":"Cultist","floor":5,"turns":1},{"damage":14,"enemies":"3 Sentries","floor":6,"turns":9},{"damage":13,"enemies":"Lagavulin","floor":8,"turns":8},{"damage":10,"enemies":"3 Sentries","floor":11,"turns":7},{"damage":15,"enemies":"Lagavulin","floor":13,"turns":7},{"damage":1,"enemies":"Blue Slaver","floor":14,"turns":3},{"damage":14,"enemies":"Slime Boss","floor":16,"turns":6},{"damage":11,"enemies":"Spheric Guardian","floor":18,"turns":4},{"damage":19,"enemies":"2 Thieves","floor":19,"turns":3},{"damage":16,"enemies":"Snake Plant","floor":20,"turns":4},{"damage":3,"enemies":"Chosen and Byrds","floor":21,"turns":6},{"damage":6,"enemies":"Book of Stabbing","floor":23,"turns":6},{"damage":10,"enemies":"Gremlin Leader","floor":25,"turns":8},{"damage":8,"enemies":"Cultist and Chosen","floor":29,"turns":5},{"damage":56,"enemies":"Slavers","floor":30,"turns":6},{"damage":36,"enemies":"Collector","floor":33,"turns":9},{"damage":1,"enemies":"Orb Walker","floor":35,"turns":3},{"damage":32,"enemies":"3 Darklings","floor":37,"turns":5},{"damage":42,"enemies":"Sphere and 2 Shapes","floor":39,"turns":6},{"damage":40,"enemies":"Giant Head","floor":40,"turns":9},{"damage":23,"enemies":"Writhing Mass","floor":42,"turns":8},{"damage":26,"enemies":"Transient","floor":44,"turns":5},{"damage":30,"enemies":"Reptomancer","floor":48,"turns":4},{"damage":62,"enemies":"Donu and Deca","floor":50,"turns":9},{"damage":97,"enemies":"Shield and Spear","floor":54,"turns":7},{"damage":21,"enemies":"The Heart","floor":55,"turns":2}],"seed_played":"-4559231981262847343","potions_obtained":[{"floor":5,"key":"Fire Potion"},{"floor":6,"key":"PowerPotion"},{"floor":8,"key":"FearPotion"},{"floor":14,"key":"Energy Potion"},{"floor":20,"key":"Poison Potion"},{"floor":23,"key":"Explosive Potion"},{"floor":29,"key":"SteroidPotion"},{"floor":33,"key":"SkillPotion"},{"floor":35,"key":"SpeedPotion"},{"floor":40,"key":"Energy Potion"},{"floor":42,"key":"Fire Potion"},{"floor":48,"key":"Weak Potion"}],"is_trial":false,"path_per_floor":["M","M","?","$","M","E","?","E","T","R","E","R","E","M","R","B",null,"M","M","M","M","$","E","R","E","T","R","$","M","E","$","R","B",null,"M","$","M","?","M","E","R","M","T","M","?","?","?","E","R","B",null,"R","$","E","B"],"character_chosen":"IRONCLAD","items_purchased":["Apotheosis","Anger","Ancient Tea Set","Cleave","Fire Breathing","Cleave","Anger","Flame Barrier","Fire Potion","SpeedPotion"],"campfire_rested":4,"item_purchase_floors":[4,22,22,22,22,28,31,36,53,53],"current_hp_per_floor":[80,80,69,69,75,67,72,65,65,65,61,61,52,57,57,49,80,75,62,52,55,55,55,55,53,53,80,80,78,30,30,69,41,80,80,80,54,54,38,21,60,49,49,31,70,70,70,46,70,62,70,70,70,19,0],"gold":41,"neow_bonus":"THREE_ENEMY_KILL","is_prod":false,"is_daily":false,"chose_seed":false,"campfire_upgraded":4,"win_rate":0,"timestamp":1548859609,"path_taken":["M","M","?","$","M","E","?","E","T","R","E","R","E","M","R","BOSS","M","M","?","M","$","E","R","E","T","R","$","M","E","$","R","BOSS","M","$","M","?","M","E","R","M","T","M","?","?","?","E","R","BOSS","R","$","E","BOSS"],"build_version":"2019-01-23","purchased_purges":1,"victory":false,"max_hp_per_floor":[80,80,80,80,80,80,80,80,80,80,80,80,80,80,80,80,80,80,80,80,80,80,80,80,80,80,80,80,80,80,80,80,80,80,80,80,80,80,80,80,80,80,80,80,70,70,70,70,70,70,70,70,70,70,70],"card_choices":[{"not_picked":["Warcry","Perfected Strike"],"picked":"Disarm","floor":1},{"not_picked":["Sever Soul","Sword Boomerang"],"picked":"Clash","floor":2},{"not_picked":["Intimidate","Reckless Charge"],"picked":"Clash","floor":5},{"not_picked":["Entrench","Clash"],"picked":"Shrug It Off","floor":6},{"not_picked":["Body Slam","Perfected Strike"],"picked":"Armaments","floor":8},{"not_picked":["Double Tap","Warcry"],"picked":"Flex","floor":11},{"not_picked":["Cleave","Sword Boomerang"],"picked":"Sever Soul","floor":13},{"not_picked":["Warcry","Sentinel"],"picked":"Anger","floor":14},{"not_picked":["Dark Embrace","Limit Break"],"picked":"Demon Form","floor":16},{"not_picked":["Sword Boomerang","Cleave"],"picked":"Clash","floor":18},{"not_picked":["Pommel Strike","Body Slam+1"],"picked":"Headbutt","floor":19},{"not_picked":["Offering","Ghostly Armor"],"picked":"Disarm","floor":20},{"not_picked":["Dual Wield","Pommel Strike"],"picked":"Flame Barrier","floor":21},{"not_picked":["Perfected Strike+1","Thunderclap"],"picked":"Entrench+1","floor":23},{"not_picked":["Iron Wave","Clash"],"picked":"Flex","floor":25},{"not_picked":["Spot Weakness","Rupture"],"picked":"Seeing Red","floor":29},{"not_picked":["Shrug It Off+1","Wild Strike"],"picked":"Rampage","floor":30},{"not_picked":["Impervious","Offering"],"picked":"Reaper","floor":33},{"not_picked":[],"picked":"Flame Barrier+1","floor":35},{"not_picked":[],"picked":"Flex+1","floor":37},{"not_picked":[],"picked":"Warcry+1","floor":39},{"not_picked":[],"picked":"Wild Strike","floor":40},{"not_picked":["Thunderclap"],"picked":"SKIP","floor":42},{"not_picked":[],"picked":"Spot Weakness","floor":44},{"not_picked":[],"picked":"Thinking Ahead","floor":46},{"not_picked":[],"picked":"Clothesline+1","floor":48},{"not_picked":["Perfected Strike+1"],"picked":"SKIP","floor":54}],"player_experience":193772,"relics_obtained":[{"floor":6,"key":"Mercury Hourglass"},{"floor":8,"key":"Gambling Chip"},{"floor":11,"key":"Calipers"},{"floor":13,"key":"Smiling Mask"},{"floor":23,"key":"Blood Vial"},{"floor":25,"key":"Juzu Bracelet"},{"floor":26,"key":"Regal Pillow"},{"floor":30,"key":"Kunai"},{"floor":40,"key":"Lantern"},{"floor":43,"key":"Oddly Smooth Stone"},{"floor":48,"key":"Frozen Egg 2"},{"floor":54,"key":"Bottled Lightning"}],"event_choices":[{"damage_healed":0,"gold_gain":75,"player_choice":"Gather Gold","damage_taken":11,"max_hp_gain":0,"max_hp_loss":0,"event_name":"World of Goop","floor":3,"gold_loss":0},{"cards_removed":["Clash"],"damage_healed":5,"gold_gain":0,"player_choice":"Offered Common","damage_taken":0,"max_hp_gain":0,"max_hp_loss":0,"event_name":"Bonfire Elementals","floor":7,"gold_loss":0},{"cards_removed":["Clash"],"damage_healed":5,"gold_gain":0,"player_choice":"Offered Special","damage_taken":0,"max_hp_gain":0,"max_hp_loss":0,"event_name":"Bonfire Elementals","floor":7,"gold_loss":0},{"damage_healed":0,"gold_gain":0,"player_choice":"Paid","damage_taken":0,"relics_obtained":["Red Mask"],"max_hp_gain":0,"max_hp_loss":0,"event_name":"Tomb of Lord Red Mask","floor":38,"gold_loss":60},{"damage_healed":70,"gold_gain":0,"player_choice":"Heal","damage_taken":0,"max_hp_gain":0,"max_hp_loss":10,"event_name":"The Moai Head","floor":45,"gold_loss":0},{"damage_healed":0,"gold_gain":0,"player_choice":"Memory 1","damage_taken":0,"max_hp_gain":0,"max_hp_loss":0,"event_name":"SensoryStone","floor":46,"gold_loss":0},{"damage_healed":0,"gold_gain":0,"cards_transformed":["Power Through"],"player_choice":"Transformed","damage_taken":0,"max_hp_gain":0,"max_hp_loss":0,"event_name":"Transmorgrifier","floor":47,"gold_loss":0,"cards_obtained":["Anger"]}],"is_beta":false,"boss_relics":[{"not_picked":["Black Blood","Orrery"],"picked":"Pandora\u0027s Box"},{"not_picked":["Runic Cube","Black Star"],"picked":"Busted Crown"}],"items_purged_floors":[28],"is_endless":false,"potions_floor_spawned":[5,6,8,14,20,23,29,33,35,40,42,48],"killed_by":"The Heart","ascension_level":2}