{"gold_per_floor":[119,119,20,20,20,53,73,89,114,131,106,106,124,124,124,224,224,243,258,258,37,37,68,68,94,94,113,113,113,133,147,147,243,243,253,253,253,265,282,307,307,2,28,128,154,154,166,185,185,185],"floor_reached":50,"playtime":13653,"items_purged":[],"score":763,"play_id":"40151eb2-6817-4134-98f0-01a8b7386b7a","local_time":"20190419235423","is_ascension_mode":true,"campfire_choices":[{"data":"Blade Dance","floor":12.0,"key":"SMITH"},{"floor":15.0,"key":"REST"},{"floor":24.0,"key":"REST"},{"floor":28.0,"key":"REST"},{"floor":32.0,"key":"REST"},{"floor":41.0,"key":"REST"},{"floor":46.0,"key":"REST"},{"floor":49.0,"key":"REST"}],"neow_cost":"NONE","seed_source_timestamp":244006140368183,"circlet_count":0,"master_deck":["Defend_G+1","Defend_G+1","Defend_G+1","Defend_G+1","Defend_G+1","Strike_G+1","Strike_G+1","Survivor","Neutralize","Blade Dance+1","Accuracy+1","Dagger Spray","Underhanded Strike","Acrobatics","Deadly Poison","Terror","Cloak And Dagger+1","Die Die Die","Deflect","Poisoned Stab+1","Noxious Fumes","Slice","Infinite Blades","Quick Slash","Phantasmal Killer","Dagger Spray","Flying Knee","Tactician+1","Skewer+1"],"special_seed":0,"relics":["Ring of the Snake","NeowsBlessing","Happy Flower","Potion Belt","Busted Crown","Ancient Tea Set","Shuriken","Ornamental Fan","Bottled Flame","Singing Bowl","Lizard Tail","Omamori","Bottled Tornado","Bag of Preparation","Gambling Chip","Lantern"],"potions_floor_usage":[50],"damage_taken":[{"damage":0.0,"enemies":"2 Louse","floor":1.0,"turns":1.0},{"damage":0.0,"enemies":"3 Sentries","floor":6.0,"turns":1.0},{"damage":0.0,"enemies":"Jaw Worm","floor":7.0,"turns":1.0},{"damage":0.0,"enemies":"Cultist","floor":8.0,"turns":3.0},{"damage":5.0,"enemies":"Looter","floor":10.0,"turns":5.0},{"damage":14.0,"enemies":"Exordium Wildlife","floor":13.0,"turns":3.0},{"damage":16.0,"enemies":"Slime Boss","floor":16.0,"turns":8.0},{"damage":11.0,"enemies":"2 Thieves","floor":18.0,"turns":2.0},{"damage":0.0,"enemies":"3 Byrds","floor":19.0,"turns":2.0},{"damage":33.0,"enemies":"Book of Stabbing","floor":23.0,"turns":5.0},{"damage":22.0,"enemies":"Slavers","floor":25.0,"turns":5.0},{"damage":0.0,"enemies":"3 Cultists","floor":27.0,"turns":4.0},{"damage":12.0,"enemies":"Snake Plant","floor":30.0,"turns":3.0},{"damage":4.0,"enemies":"Cultist and Chosen","floor":31.0,"turns":3.0},{"damage":34.0,"enemies":"Collector","floor":33.0,"turns":7.0},{"damage":0.0,"enemies":"Orb Walker","floor":35.0,"turns":3.0},{"damage":2.0,"enemies":"3 Darklings","floor":38.0,"turns":4.0},{"damage":10.0,"enemies":"Sphere and 2 Shapes","floor":39.0,"turns":5.0},{"damage":14.0,"enemies":"Giant Head","floor":40.0,"turns":6.0},{"damage":20.0,"enemies":"Mind Bloom Boss Battle","floor":44.0,"turns":5.0},{"damage":42.0,"enemies":"Nemesis","floor":45.0,"turns":5.0},{"damage":0.0,"enemies":"Maw","floor":47.0,"turns":5.0},{"damage":27.0,"enemies":"Jaw Worm Horde","floor":48.0,"turns":4.0},{"damage":88,"enemies":"Awakened One","floor":50,"turns":7}],"seed_played":"-5653178530999790271","potions_obtained":[{"floor":6.0,"key":"Poison Potion"},{"floor":19.0,"key":"PowerPotion"},{"floor":25.0,"key":"FearPotion"},{"floor":30.0,"key":"FearPotion"},{"floor":31.0,"key":"Poison Potion"},{"floor":35.0,"key":"SteroidPotion"},{"floor":44.0,"key":"AttackPotion"},{"floor":48.0,"key":"AttackPotion"}],"is_trial":false,"path_per_floor":["M","?","$","?","?","E","M","M","T","M","?","R","M","?","R","B",null,"M","M","?","$","T","E","R","E","T","M","R","?","M","M","R","B",null,"M","?","?","M","M","E","R","$","T","?","E","R","M","M","R","B"],"character_chosen":"THE_SILENT","items_purchased":["Accuracy","Dagger Spray","Ancient Tea Set","Noxious Fumes","Bottled Tornado","Flying Knee"],"campfire_rested":7,"item_purchase_floors":[3,3,21,21,42,42],"current_hp_per_floor":[63,56,56,42,65,65,65,65,65,60,60,60,46,46,67,51,65,54,54,54,54,54,21,42,20,20,20,41,41,31,29,51,17,60,60,60,60,60,52,40,64,64,64,44,4,28,30,3,28,0],"gold":185,"neow_bonus":"THREE_ENEMY_KILL","is_prod":false,"is_daily":false,"chose_seed":false,"campfire_upgraded":1,"win_rate":0,"timestamp":1555682063,"path_taken":["M","?","$","?","?","E","M","M","T","M","?","R","?","?","R","BOSS","M","M","?","$","?","E","R","E","T","M","R","?","?","M","R","BOSS","M","?","?","?","M","E","R","$","T","?","E","R","M","M","R","BOSS"],"build_version":"2019-01-23","purchased_purges":0,"victory":false,"max_hp_per_floor":[70,70,70,70,70,70,70,70,70,70,70,70,70,70,70,70,70,70,70,70,70,70,70,70,70,70,70,70,70,72,74,74,74,74,74,74,74,76,78,80,80,80,80,80,82,82,84,84,84,84],"card_choices":[{"not_picked":["Cloak And Dagger","Quick Slash"],"picked":"Blade Dance","floor":1.0},{"not_picked":["Expertise","Escape Plan"],"picked":"Underhanded Strike","floor":6.0},{"not_picked":["Backflip","Choke"],"picked":"Acrobatics","floor":7.0},{"not_picked":["Leg Sweep","Bane"],"picked":"Deadly Poison","floor":8.0},{"not_picked":["Dagger Spray","Slice"],"picked":"Terror","floor":10.0},{"not_picked":["Acrobatics","Deflect"],"picked":"Cloak And Dagger","floor":13.0},{"not_picked":["Envenom","Glass Knife"],"picked":"Die Die Die","floor":16.0},{"not_picked":[],"picked":"Deflect","floor":18.0},{"not_picked":[],"picked":"Poisoned Stab+1","floor":19.0},{"not_picked":[],"picked":"Slice","floor":23.0},{"not_picked":[],"picked":"Infinite Blades","floor":25.0},{"not_picked":[],"picked":"Quick Slash","floor":27.0},{"not_picked":["Deflect"],"picked":"Singing Bowl","floor":30.0},{"not_picked":["Flying Knee"],"picked":"Singing Bowl","floor":31.0},{"not_picked":[],"picked":"Phantasmal Killer","floor":33.0},{"not_picked":[],"picked":"Dagger Spray","floor":35.0},{"not_picked":["Calculated Gamble"],"picked":"Singing Bowl","floor":38.0},{"not_picked":["Backflip"],"picked":"Singing Bowl","floor":39.0},{"not_picked":["Escape Plan"],"picked":"Singing Bowl","floor":40.0},{"not_picked":[],"picked":"Tactician+1","floor":44.0},{"not_picked":["Quick Slash"],"picked":"Singing Bowl","floor":45.0},{"not_picked":["Slice+1"],"picked":"Singing Bowl","floor":47.0},{"not_picked":[],"picked":"Skewer+1","floor":48.0}],"player_experience":1263703,"relics_obtained":[{"floor":6.0,"key":"Happy Flower"},{"floor":9.0,"key":"Potion Belt"},{"floor":22.0,"key":"Shuriken"},{"floor":23.0,"key":"Ornamental Fan"},{"floor":25.0,"key":"Bottled Flame"},{"floor":26.0,"key":"Singing Bowl"},{"floor":40.0,"key":"Omamori"},{"floor":43.0,"key":"Bag of Preparation"},{"floor":44.0,"key":"Gambling Chip"},{"floor":45.0,"key":"Lantern"}],"event_choices":[{"cards_removed":["Strike_G"],"damage_healed":0.0,"max_hp_gain":0.0,"max_hp_loss":0.0,"gold_gain":0.0,"event_name":"Golden Wing","player_choice":"Card Removal","floor":2.0,"gold_loss":0.0,"damage_taken":7.0},{"damage_healed":0.0,"max_hp_gain":0.0,"max_hp_loss":0.0,"gold_gain":0.0,"event_name":"Shining Light","player_choice":"Entered Light","floor":4.0,"gold_loss":0.0,"damage_taken":14.0,"cards_upgraded":["Accuracy","Strike_G"]},{"damage_healed":23.0,"max_hp_gain":0.0,"max_hp_loss":0.0,"gold_gain":0.0,"event_name":"Big Fish","player_choice":"Banana","floor":5.0,"gold_loss":0.0,"damage_taken":0.0},{"damage_healed":0.0,"max_hp_gain":0.0,"max_hp_loss":0.0,"gold_gain":0.0,"event_name":"World of Goop","player_choice":"Left Gold","floor":11.0,"gold_loss":25.0,"damage_taken":0.0},{"damage_healed":0.0,"max_hp_gain":0.0,"max_hp_loss":0.0,"gold_gain":0.0,"event_name":"Living Wall","player_choice":"Grow","floor":14.0,"gold_loss":0.0,"damage_taken":0.0,"cards_upgraded":["Cloak And Dagger"]},{"cards_removed":["Strike_G"],"damage_healed":0.0,"max_hp_gain":0.0,"max_hp_loss":0.0,"gold_gain":0.0,"event_name":"Bonfire Elementals","player_choice":"Offered Basic","floor":20.0,"gold_loss":0.0,"damage_taken":0.0},{"damage_healed":0.0,"max_hp_gain":0.0,"max_hp_loss":0.0,"gold_gain":0.0,"event_name":"Back to Basics","player_choice":"Simplicity","floor":29.0,"gold_loss":0.0,"damage_taken":0.0,"cards_upgraded":["Defend_G","Defend_G","Defend_G","Defend_G","Defend_G","Strike_G","Strike_G"]},{"damage_healed":0.0,"max_hp_gain":0.0,"max_hp_loss":0.0,"gold_gain":0.0,"event_name":"Tomb of Lord Red Mask","player_choice":"Ignored","floor":36.0,"gold_loss":0.0,"damage_taken":0.0},{"cards_removed":["Strike_G"],"damage_healed":0.0,"max_hp_gain":0.0,"max_hp_loss":0.0,"gold_gain":0.0,"event_name":"Purifier","player_choice":"Purged","floor":37.0,"gold_loss":0.0,"damage_taken":0.0},{"damage_healed":0.0,"max_hp_gain":0.0,"max_hp_loss":0.0,"gold_gain":0.0,"event_name":"MindBloom","player_choice":"Fight","floor":44.0,"gold_loss":0.0,"damage_taken":0.0}],"is_beta":false,"boss_relics":[{"not_picked":["Coffee Dripper","Fusion Hammer"],"picked":"Busted Crown"},{"not_picked":["HoveringKite","Runic Dome"],"picked":"Lizard Tail"}],"items_purged_floors":[],"is_endless":false,"potions_floor_spawned":[6,19,25,30,31,35,44,48],"killed_by":"Awakened One","ascension_level":7}