{"gold_per_floor":[113,44,44,58,73,103,103,117,117,117,135,149,165,191,191,191],"floor_reached":16,"playtime":769,"items_purged":[],"score":160,"play_id":"6645679a-cb43-4fad-a7f8-87c095e4c6fc","local_time":"20190611215234","is_ascension_mode":true,"campfire_choices":[{"floor":7,"key":"REST"},{"floor":10,"key":"REST"},{"floor":15,"key":"REST"}],"neow_cost":"TEN_PERCENT_HP_LOSS","seed_source_timestamp":433397654666516,"circlet_count":0,"master_deck":["Defend_G","Defend_G","Defend_G","Defend_G","Defend_G","Strike_G","Strike_G","Strike_G","Strike_G","Strike_G","Survivor","Neutralize","Burst","Choke","Finisher","Decay","Dagger Spray","Underhanded Strike","Dagger Throw","Blade Dance","Accuracy","Flying Knee","Dagger Spray","Footwork"],"relics":["Ring of the Snake","Happy Flower","Lantern","Darkstone Periapt"],"potions_floor_usage":[12,12,13],"damage_taken":[{"damage":0,"enemies":"2 Louse","floor":1,"turns":4},{"damage":3,"enemies":"Cultist","floor":4,"turns":3},{"damage":0,"enemies":"Small Slimes","floor":5,"turns":2},{"damage":44,"enemies":"Gremlin Nob","floor":6,"turns":5},{"damage":6,"enemies":"Blue Slaver","floor":8,"turns":4},{"damage":9,"enemies":"Red Slaver","floor":11,"turns":4},{"damage":2,"enemies":"Large Slime","floor":12,"turns":5},{"damage":17,"enemies":"Exordium Thugs","floor":13,"turns":4},{"damage":22,"enemies":"3 Sentries","floor":14,"turns":4},{"damage":21,"enemies":"The Guardian","floor":16,"turns":4}],"seed_played":"-8751690661651376428","potions_obtained":[{"floor":4,"key":"Strength Potion"},{"floor":8,"key":"Weak Potion"},{"floor":11,"key":"Fruit Juice"}],"is_trial":false,"path_per_floor":["M","$","?","M","M","E","R","M","T","R","M","M","M","E","R","B"],"character_chosen":"THE_SILENT","items_purchased":["Finisher"],"campfire_rested":3,"item_purchase_floors":[2],"current_hp_per_floor":[63,63,63,60,60,16,34,28,28,46,37,40,23,1,21,0],"gold":191,"neow_bonus":"THREE_RARE_CARDS","is_prod":false,"is_daily":false,"chose_seed":false,"campfire_upgraded":0,"win_rate":0,"timestamp":1560253954,"path_taken":["M","$","?","M","M","E","R","?","T","R","M","M","M","E","R","BOSS"],"build_version":"2019-01-23","purchased_purges":0,"victory":false,"max_hp_per_floor":[63,63,63,63,63,63,63,63,63,63,63,68,68,68,68,68],"card_choices":[{"not_picked":["Malaise","A Thousand Cuts"],"picked":"Burst","floor":0},{"not_picked":["Deflect","Endless Agony"],"picked":"Choke","floor":1},{"not_picked":["Slice","Poisoned Stab"],"picked":"Dagger Spray","floor":4},{"not_picked":["Outmaneuver","Prepared"],"picked":"Underhanded Strike","floor":5},{"not_picked":["All Out Attack","Finisher"],"picked":"Dagger Throw","floor":6},{"not_picked":["Noxious Fumes","Bane"],"picked":"Blade Dance","floor":8},{"not_picked":["Dodge and Roll","Poisoned Stab"],"picked":"Accuracy","floor":11},{"not_picked":["Quick Slash","Outmaneuver"],"picked":"Flying Knee","floor":12},{"not_picked":["Eviscerate","Poisoned Stab"],"picked":"Dagger Spray","floor":13},{"not_picked":["Acrobatics","Bane"],"picked":"Footwork","floor":14}],"player_experience":2018084,"relics_obtained":[{"floor":6,"key":"Happy Flower"},{"floor":9,"key":"Lantern"},{"floor":14,"key":"Darkstone Periapt"}],"event_choices":[{"damage_healed":0,"gold_gain":0,"player_choice":"Cursed","damage_taken":0,"max_hp_gain":0,"max_hp_loss":0,"event_name":"Wheel of Change","floor":3,"gold_loss":0,"cards_obtained":["Decay"]}],"is_beta":false,"boss_relics":[],"items_purged_floors":[],"is_endless":false,"potions_floor_spawned":[4,8,11],"killed_by":"The Guardian","ascension_level":8}