{"gold_per_floor":[115,126,126,126,126,126,76,76,76,154,195,195,2,17,17,145,145,170,170,170,170,95,95,116,116,116,116],"floor_reached":27,"playtime":2645,"items_purged":["Writhe"],"score":281,"play_id":"2c2882c4-31bc-474b-8de2-41837293250f","local_time":"20190219112456","is_ascension_mode":true,"campfire_choices":[{"data":"Rupture","floor":6.0,"key":"SMITH"},{"data":"Bash","floor":8.0,"key":"SMITH"},{"floor":12.0,"key":"REST"},{"floor":15.0,"key":"REST"},{"data":"Heavy Blade","floor":23.0,"key":"SMITH"},{"data":"Limit Break","floor":25.0,"key":"SMITH"}],"neow_cost":"NONE","seed_source_timestamp":466469187180921,"circlet_count":0,"master_deck":["Defend_R","Defend_R","Defend_R","Defend_R","Bash+1","Demon Form+1","Rupture+1","Dropkick","Injury","Cleave","Metallicize","Bandage Up","Heavy Blade+1","Anger","Limit Break+1","Clumsy","Clumsy","Heavy Blade+1","Bite","Bite","Bite","Bite","Bite","Anger","Intimidate+1"],"special_seed":0,"relics":["Burning Blood","Shuriken","Golden Idol","Bottled Tornado","Dodecahedron","Paper Frog","Calling Bell","Mummified Hand","Omamori","Peace Pipe","MutagenicStrength","Juzu Bracelet"],"potions_floor_usage":[],"damage_taken":[{"damage":24.0,"enemies":"Jaw Worm","floor":1.0,"turns":5.0},{"damage":2.0,"enemies":"Small Slimes","floor":2.0,"turns":2.0},{"damage":13.0,"enemies":"Gremlin Nob","floor":10.0,"turns":3.0},{"damage":40.0,"enemies":"3 Sentries","floor":11.0,"turns":6.0},{"damage":8.0,"enemies":"2 Louse","floor":14.0,"turns":3.0},{"damage":33.0,"enemies":"Hexaghost","floor":16.0,"turns":6.0},{"damage":28.0,"enemies":"2 Thieves","floor":18.0,"turns":3.0},{"damage":15.0,"enemies":"Spheric Guardian","floor":24.0,"turns":4.0},{"damage":63,"enemies":"Slavers","floor":27,"turns":3}],"seed_played":"-9089264741437825676","potions_obtained":[{"floor":1.0,"key":"Explosive Potion"},{"floor":2.0,"key":"AttackPotion"},{"floor":16.0,"key":"FearPotion"},{"floor":18.0,"key":"EssenceOfSteel"}],"is_trial":false,"path_per_floor":["M","M","?","?","?","R","?","R","T","?","E","R","$","M","R","B",null,"M","?","?","?","$","R","M","R","T","E"],"character_chosen":"IRONCLAD","items_purchased":["Bandage Up","Block Potion","Heavy Blade"],"campfire_rested":2,"item_purchase_floors":[13,13,13],"current_hp_per_floor":[62,66,66,63,63,63,63,63,63,56,22,46,46,48,72,49,72,50,50,50,50,50,50,49,49,49,0],"gold":116,"neow_bonus":"TRANSFORM_CARD","is_prod":false,"is_daily":false,"chose_seed":false,"campfire_upgraded":4,"win_rate":0,"timestamp":1550535896,"path_taken":["M","M","?","?","?","R","?","R","T","?","E","R","?","M","R","BOSS","M","?","?","?","$","R","M","R","T","E"],"build_version":"2019-01-23","purchased_purges":1,"victory":false,"max_hp_per_floor":[80,80,80,80,80,80,80,80,80,80,80,80,80,80,80,80,80,80,56,56,56,56,56,56,56,56,56],"card_choices":[{"not_picked":["True Grit","Corruption"],"picked":"Rupture","floor":1.0},{"not_picked":["True Grit","Battle Trance"],"picked":"Dropkick","floor":2.0},{"not_picked":["Clash","Carnage"],"picked":"Cleave","floor":10.0},{"not_picked":["Blood for Blood","Demon Form"],"picked":"Metallicize","floor":11.0},{"not_picked":["Headbutt","True Grit"],"picked":"Anger","floor":14.0},{"not_picked":["Berserk","Fiend Fire"],"picked":"Limit Break","floor":16.0},{"not_picked":["Warcry","Inflame"],"picked":"Heavy Blade+1","floor":18.0},{"not_picked":["Cleave","Wild Strike"],"picked":"Intimidate+1","floor":24.0}],"player_experience":553819,"relics_obtained":[{"floor":9.0,"key":"Bottled Tornado"},{"floor":10.0,"key":"Dodecahedron"},{"floor":11.0,"key":"Paper Frog"},{"floor":17.0,"key":"Mummified Hand"},{"floor":17.0,"key":"Omamori"},{"floor":17.0,"key":"Peace Pipe"},{"floor":26.0,"key":"Juzu Bracelet"}],"event_choices":[{"damage_healed":0.0,"max_hp_gain":0.0,"max_hp_loss":0.0,"gold_gain":0.0,"event_name":"Living Wall","player_choice":"Grow","floor":3.0,"gold_loss":0.0,"damage_taken":0.0,"cards_upgraded":["Demon Form"]},{"damage_healed":0.0,"max_hp_gain":0.0,"max_hp_loss":0.0,"gold_gain":0.0,"event_name":"Scrap Ooze","player_choice":"Success","floor":4.0,"gold_loss":0.0,"damage_taken":3.0,"relics_obtained":["Shuriken"]},{"damage_healed":0.0,"max_hp_gain":0.0,"max_hp_loss":0.0,"gold_gain":0.0,"event_name":"Golden Idol","player_choice":"Take Wound","floor":5.0,"gold_loss":0.0,"damage_taken":0.0,"relics_obtained":["Golden Idol"],"cards_obtained":["Injury"]},{"cards_removed":["Strike_R"],"damage_healed":0.0,"max_hp_gain":0.0,"max_hp_loss":0.0,"gold_gain":0.0,"event_name":"The Cleric","player_choice":"Card Removal","floor":7.0,"gold_loss":50.0,"damage_taken":0.0},{"damage_healed":0.0,"max_hp_gain":0.0,"max_hp_loss":0.0,"gold_gain":0.0,"event_name":"Dead Adventurer","player_choice":"Searched \u00271\u0027 times","floor":10.0,"gold_loss":0.0,"damage_taken":0.0},{"damage_healed":0.0,"max_hp_gain":0.0,"max_hp_loss":24.0,"gold_gain":0.0,"event_name":"Vampires","player_choice":"Became a vampire","floor":19.0,"gold_loss":0.0,"damage_taken":0.0,"cards_obtained":["Bite","Bite","Bite","Bite","Bite"]},{"damage_healed":0.0,"max_hp_gain":0.0,"max_hp_loss":0.0,"gold_gain":0.0,"event_name":"The Library","player_choice":"Read","floor":20.0,"gold_loss":0.0,"damage_taken":0.0,"cards_obtained":["Anger"]},{"damage_healed":0.0,"max_hp_gain":0.0,"max_hp_loss":0.0,"gold_gain":0.0,"event_name":"Drug Dealer","player_choice":"Inject Mutagens","floor":21.0,"gold_loss":0.0,"damage_taken":0.0,"relics_obtained":["MutagenicStrength"]}],"is_beta":false,"boss_relics":[{"not_picked":["Busted Crown","Snecko Eye"],"picked":"Calling Bell"}],"items_purged_floors":[22],"is_endless":false,"potions_floor_spawned":[1,2,16,18],"killed_by":"Slavers","ascension_level":5}