{"gold_per_floor":[119,294,313,313,313,313,349,363,363,363,313,313,327,357,357,477,477,501,501,270,288,26,26,59,59,59,59,59,59,82,101,101,101],"floor_reached":33,"playtime":2062,"items_purged":["Injury"],"score":458,"play_id":"7fe6889f-6342-4eff-b765-edb6753d3026","local_time":"20190321233329","is_ascension_mode":true,"campfire_choices":[{"data":"Flex","floor":6.0,"key":"SMITH"},{"data":"Heavy Blade","floor":10.0,"key":"SMITH"},{"data":"Bash","floor":12.0,"key":"SMITH"},{"data":"Flex","floor":15.0,"key":"SMITH"},{"data":"Chrysalis","floor":23.0,"key":"SMITH"},{"data":"Flame Barrier","floor":25.0,"key":"SMITH"},{"floor":28.0,"key":"REST"},{"data":"Flex","floor":32.0,"key":"SMITH"}],"neow_cost":"NONE","seed_source_timestamp":179096202788953,"circlet_count":0,"master_deck":["AscendersBane","Bash+1","Heavy Blade+1","Flex+1","Cleave+1","Sword Boomerang+1","Flex+1","Impervious","Dropkick+1","Cleave+1","Feed+1","Rampage+1","Bludgeon+1","Power Through","Exhume","Flame Barrier+1","Dark Embrace","Sword Boomerang+1","Iron Wave+1","Flex+1","Feed+1","Chrysalis+1","Anger+1","Power Through","Anger+1"],"special_seed":0,"relics":["Burning Blood","NeowsBlessing","Golden Idol","Molten Egg 2","Orichalcum","Bottled Flame","Tiny Chest","Pandora\u0027s Box","Centennial Puzzle","Question Card","Blood Vial"],"potions_floor_usage":[33],"damage_taken":[{"damage":0.0,"enemies":"Small Slimes","floor":1.0,"turns":1.0},{"damage":0.0,"enemies":"2 Louse","floor":3.0,"turns":1.0},{"damage":0.0,"enemies":"Lagavulin","floor":7.0,"turns":1.0},{"damage":8.0,"enemies":"Jaw Worm","floor":8.0,"turns":2.0},{"damage":3.0,"enemies":"Exordium Wildlife","floor":13.0,"turns":2.0},{"damage":36.0,"enemies":"Slime Boss","floor":16.0,"turns":11.0},{"damage":30.0,"enemies":"2 Thieves","floor":18.0,"turns":4.0},{"damage":0.0,"enemies":"Chosen","floor":21.0,"turns":3.0},{"damage":27.0,"enemies":"Book of Stabbing","floor":24.0,"turns":4.0},{"damage":3.0,"enemies":"Snecko","floor":30.0,"turns":4.0},{"damage":29.0,"enemies":"Chosen and Byrds","floor":31.0,"turns":7.0},{"damage":114,"enemies":"Automaton","floor":33,"turns":12}],"seed_played":"6991881743271501661","potions_obtained":[{"floor":3.0,"key":"Energy Potion"},{"floor":8.0,"key":"AttackPotion"},{"floor":21.0,"key":"SpeedPotion"},{"floor":30.0,"key":"Strength Potion"},{"floor":31.0,"key":"PowerPotion"}],"is_trial":false,"path_per_floor":["M","?","M","?","?","R","E","M","T","R","?","R","M","T","R","B",null,"M","?","$","M","$","R","E","R","T","?","R","T","M","M","R","B"],"character_chosen":"IRONCLAD","items_purchased":["Iron Wave+1","Strength Potion","Regen Potion","Feed+1","Chrysalis"],"campfire_rested":1,"item_purchase_floors":[20,20,20,22,22],"current_hp_per_floor":[78,78,80,80,80,80,80,78,78,78,78,78,80,80,80,50,73,53,53,53,68,68,68,47,47,47,47,72,72,77,60,60,0],"gold":101,"neow_bonus":"THREE_ENEMY_KILL","is_prod":false,"is_daily":false,"chose_seed":false,"campfire_upgraded":7,"win_rate":0,"timestamp":1553171609,"path_taken":["M","?","M","?","?","R","E","M","T","R","?","R","?","?","R","BOSS","M","?","?","M","$","R","E","R","T","?","R","?","M","?","R","BOSS"],"build_version":"2019-01-23","purchased_purges":1,"victory":false,"max_hp_per_floor":[80,80,80,80,80,80,80,80,80,80,80,80,80,80,80,80,80,84,84,84,84,84,84,84,84,84,84,84,84,84,88,88,88],"card_choices":[{"not_picked":["Perfected Strike","Clothesline"],"picked":"Heavy Blade","floor":1.0},{"not_picked":["Sword Boomerang","Heavy Blade"],"picked":"Flex","floor":3.0},{"not_picked":["Dual Wield","Thunderclap+1"],"picked":"Cleave+1","floor":7.0},{"not_picked":["Clash+1","Pummel+1"],"picked":"Sword Boomerang+1","floor":8.0},{"not_picked":["Headbutt+1","Warcry"],"picked":"Flex","floor":13.0},{"not_picked":["Brutality","Demon Form"],"picked":"Impervious","floor":16.0},{"not_picked":["Twin Strike+1","Warcry"],"picked":"Sword Boomerang+1","floor":18.0},{"not_picked":["Twin Strike+1","Anger+1"],"picked":"Flex","floor":21.0},{"not_picked":["Rage+1","Wild Strike+1"],"picked":"Anger+1","floor":24.0},{"not_picked":["Sever Soul+1","Heavy Blade+1","Bloodletting"],"picked":"Power Through","floor":30.0},{"not_picked":["Clothesline+1","Shrug It Off","Headbutt+1"],"picked":"Anger+1","floor":31.0}],"player_experience":1050362,"relics_obtained":[{"floor":7.0,"key":"Orichalcum"},{"floor":9.0,"key":"Bottled Flame"},{"floor":14.0,"key":"Tiny Chest"},{"floor":24.0,"key":"Centennial Puzzle"},{"floor":26.0,"key":"Question Card"},{"floor":29.0,"key":"Blood Vial"}],"event_choices":[{"damage_healed":0.0,"max_hp_gain":0.0,"max_hp_loss":0.0,"gold_gain":175.0,"event_name":"Liars Game","player_choice":"AGREE","floor":2.0,"gold_loss":0.0,"damage_taken":0.0,"cards_obtained":["Doubt"]},{"damage_healed":0.0,"max_hp_gain":0.0,"max_hp_loss":0.0,"gold_gain":0.0,"event_name":"Golden Idol","player_choice":"Take Wound","floor":4.0,"gold_loss":0.0,"damage_taken":0.0,"relics_obtained":["Golden Idol"],"cards_obtained":["Injury"]},{"damage_healed":0.0,"max_hp_gain":0.0,"max_hp_loss":0.0,"gold_gain":0.0,"event_name":"Big Fish","player_choice":"Box","floor":5.0,"gold_loss":0.0,"damage_taken":0.0,"relics_obtained":["Molten Egg 2"],"cards_obtained":["Regret"]},{"cards_removed":["Doubt"],"damage_healed":0.0,"max_hp_gain":0.0,"max_hp_loss":0.0,"gold_gain":0.0,"event_name":"The Cleric","player_choice":"Card Removal","floor":11.0,"gold_loss":50.0,"damage_taken":0.0},{"cards_removed":["Regret"],"damage_healed":0.0,"max_hp_gain":0.0,"max_hp_loss":0.0,"gold_gain":0.0,"event_name":"Purifier","player_choice":"Purged","floor":19.0,"gold_loss":0.0,"damage_taken":0.0},{"damage_healed":0.0,"max_hp_gain":0.0,"max_hp_loss":0.0,"gold_gain":0.0,"event_name":"Beggar","player_choice":"Ignored","floor":27.0,"gold_loss":0.0,"damage_taken":0.0}],"is_beta":false,"boss_relics":[{"not_picked":["Black Star","Sozu"],"picked":"Pandora\u0027s Box"}],"items_purged_floors":[20],"is_endless":false,"potions_floor_spawned":[3,8,21,30,31],"killed_by":"Automaton","ascension_level":12}