{"gold_per_floor":[116,63,63,24,24,59,83,83,152,44,69,219,189,202,202,295,295,310,293,32,32,32],"floor_reached":22,"playtime":702,"items_purged":["Doubt"],"score":383,"play_id":"24b47378-9e37-4e85-80d0-a2d991d1fc30","local_time":"20190611130526","is_ascension_mode":true,"campfire_choices":[{"floor":8,"key":"REST"},{"floor":15,"key":"REST"}],"neow_cost":"NONE","seed_source_timestamp":719847701949,"circlet_count":0,"master_deck":["AscendersBane","Defend_G","Defend_G","Defend_G","Defend_G","Defend_G","Strike_G","Strike_G","Strike_G","Survivor","Neutralize","Skewer","Backflip","Noxious Fumes","Deadly Poison","Deflect","Noxious Fumes","Escape Plan","Well Laid Plans","Doppelganger","Dagger Spray","Calculated Gamble","Corpse Explosion","Deflect","Leg Sweep"],"relics":["Ring of the Snake","NeowsBlessing","Golden Idol","The Courier","Pocketwatch","Letter Opener","Fusion Hammer","Oddly Smooth Stone"],"potions_floor_usage":[16,16,19],"damage_taken":[{"damage":0,"enemies":"Jaw Worm","floor":1,"turns":1},{"damage":0,"enemies":"Lagavulin","floor":6,"turns":1},{"damage":0,"enemies":"2 Louse","floor":7,"turns":1},{"damage":0,"enemies":"Cultist","floor":11,"turns":4},{"damage":12,"enemies":"2 Fungi Beasts","floor":14,"turns":5},{"damage":11,"enemies":"Slime Boss","floor":16,"turns":8},{"damage":34,"enemies":"Shell Parasite","floor":18,"turns":6},{"damage":19,"enemies":"2 Thieves","floor":19,"turns":4},{"damage":10,"enemies":"Sentry and Sphere","floor":22,"turns":3}],"seed_played":"-6289078650246687860","potions_obtained":[{"floor":1,"key":"SmokeBomb"},{"floor":11,"key":"Explosive Potion"},{"floor":13,"key":"Weak Potion"},{"floor":13,"key":"AttackPotion"},{"floor":18,"key":"EssenceOfSteel"}],"is_trial":false,"path_per_floor":["M","$","?","$","?","E","M","R","T","$","M","?","?","M","R","B",null,"M","M","$","?","M"],"character_chosen":"THE_SILENT","items_purchased":["Backflip","Noxious Fumes","Deflect","Noxious Fumes","Oddly Smooth Stone","Corpse Explosion"],"campfire_rested":2,"item_purchase_floors":[2,4,10,10,20,20],"current_hp_per_floor":[59,59,36,36,1,1,1,20,20,20,20,20,20,8,27,16,54,20,1,1,1,0],"gold":32,"neow_bonus":"THREE_ENEMY_KILL","is_prod":false,"is_daily":false,"chose_seed":false,"campfire_upgraded":0,"win_rate":0,"timestamp":1560251126,"path_taken":["M","$","?","$","?","E","M","R","T","$","?","?","?","M","R","BOSS","M","M","?","?","M"],"build_version":"2019-01-23","purchased_purges":1,"victory":false,"max_hp_per_floor":[66,66,66,66,66,66,66,66,66,66,66,66,66,66,66,66,66,66,66,66,66,66],"card_choices":[{"not_picked":["Finisher","Eviscerate"],"picked":"Skewer","floor":1},{"not_picked":["Underhanded Strike","Unload"],"picked":"Deadly Poison","floor":6},{"not_picked":["Acrobatics","Sucker Punch","Deadly Poison"],"picked":"SKIP","floor":7},{"not_picked":["Slice","Bouncing Flask"],"picked":"Escape Plan","floor":11},{"not_picked":["Masterful Stab","Setup"],"picked":"Well Laid Plans","floor":14},{"not_picked":["Tools of the Trade","Phantasmal Killer"],"picked":"Doppelganger","floor":16},{"not_picked":["Underhanded Strike","Well Laid Plans+1"],"picked":"Dagger Spray","floor":18},{"not_picked":["Dagger Spray+1","Bane"],"picked":"Calculated Gamble","floor":19}],"player_experience":741309,"relics_obtained":[{"floor":6,"key":"Pocketwatch"},{"floor":9,"key":"Letter Opener"}],"event_choices":[{"damage_healed":0,"gold_gain":0,"player_choice":"Take Damage","damage_taken":23,"relics_obtained":["Golden Idol"],"max_hp_gain":0,"max_hp_loss":0,"event_name":"Golden Idol","floor":3,"gold_loss":0},{"damage_healed":0,"gold_gain":0,"player_choice":"Success","damage_taken":35,"relics_obtained":["The Courier"],"max_hp_gain":0,"max_hp_loss":0,"event_name":"Scrap Ooze","floor":5,"gold_loss":0},{"damage_healed":0,"gold_gain":150,"player_choice":"AGREE","damage_taken":0,"max_hp_gain":0,"max_hp_loss":0,"event_name":"Liars Game","floor":12,"gold_loss":0,"cards_obtained":["Doubt"]},{"damage_healed":0,"gold_gain":0,"player_choice":"Bought 2 Potions","damage_taken":0,"max_hp_gain":0,"max_hp_loss":0,"event_name":"The Woman in Blue","floor":13,"gold_loss":0},{"damage_healed":0,"gold_gain":0,"cards_transformed":["Strike_G","Strike_G"],"player_choice":"Became Test Subject","damage_taken":0,"max_hp_gain":0,"max_hp_loss":0,"event_name":"Drug Dealer","floor":21,"gold_loss":0,"cards_obtained":["Deflect","Leg Sweep"]}],"is_beta":false,"boss_relics":[{"not_picked":["Astrolabe","Calling Bell"],"picked":"Fusion Hammer"}],"items_purged_floors":[20],"is_endless":false,"potions_floor_spawned":[1,11,18],"killed_by":"Sentry and Sphere","ascension_level":17}