{"gold_per_floor":[112,112,31,51,4,4,21,21,21,21,32,51,51,69,69,164,164,181,197,197],"floor_reached":20,"playtime":950,"items_purged":[],"score":241,"play_id":"6950fc61-bb7e-42fe-beab-6e517a314925","local_time":"20190617220252","is_ascension_mode":true,"campfire_choices":[{"data":"Footwork","floor":6.0,"key":"SMITH"},{"data":"Noxious Fumes","floor":8.0,"key":"SMITH"},{"data":"Bane","floor":10.0,"key":"SMITH"},{"data":"Crippling Poison","floor":13.0,"key":"SMITH"},{"data":"Bane","floor":15.0,"key":"SMITH"}],"neow_cost":"NONE","seed_source_timestamp":74568299631474,"circlet_count":0,"master_deck":["Survivor","Neutralize","Flying Knee","Footwork+1","Noxious Fumes+1","Underhanded Strike","Bane+1","Crippling Poison+1","Bane+1","Dodge and Roll","Bullet Time","Concentrate","Accuracy","Adrenaline","Envenom","Dagger Throw","Phantasmal Killer","Endless Agony","Leg Sweep","Distraction","Blur","Footwork+1"],"special_seed":0,"relics":["Ring of the Snake","Ninja Scroll","Pandora\u0027s Box"],"potions_floor_usage":[20],"damage_taken":[{"damage":0.0,"enemies":"Small Slimes","floor":1.0,"turns":5.0},{"damage":10.0,"enemies":"Jaw Worm","floor":4.0,"turns":5.0},{"damage":4.0,"enemies":"2 Louse","floor":7.0,"turns":4.0},{"damage":1.0,"enemies":"Red Slaver","floor":11.0,"turns":3.0},{"damage":1.0,"enemies":"Blue Slaver","floor":12.0,"turns":2.0},{"damage":6.0,"enemies":"3 Louse","floor":14.0,"turns":2.0},{"damage":36.0,"enemies":"Slime Boss","floor":16.0,"turns":10.0},{"damage":12.0,"enemies":"Shell Parasite","floor":18.0,"turns":6.0},{"damage":30.0,"enemies":"Spheric Guardian","floor":19.0,"turns":6.0},{"damage":15,"enemies":"Snake Plant","floor":20,"turns":3}],"seed_played":"-1953194933827451746","potions_obtained":[{"floor":7.0,"key":"Fire Potion"},{"floor":14.0,"key":"Block Potion"},{"floor":18.0,"key":"FearPotion"},{"floor":19.0,"key":"Poison Potion"}],"is_trial":false,"path_per_floor":["M","?","$","M","$","R","M","R","T","R","M","M","R","M","R","B",null,"M","M","M"],"character_chosen":"THE_SILENT","items_purchased":["Footwork","Underhanded Strike"],"campfire_rested":0,"item_purchase_floors":[3,5],"current_hp_per_floor":[63,63,63,53,53,53,49,49,49,49,48,47,47,41,41,5,54,42,12,0],"gold":197,"neow_bonus":"REMOVE_CARD","is_prod":false,"is_daily":false,"chose_seed":false,"campfire_upgraded":5,"win_rate":0,"timestamp":1560772972,"path_taken":["M","?","$","M","$","R","M","R","T","R","M","M","R","M","R","BOSS","M","M","M"],"build_version":"2019-01-23","purchased_purges":0,"victory":false,"max_hp_per_floor":[70,70,70,70,70,70,70,70,70,70,70,70,70,70,70,70,70,70,70,70],"card_choices":[{"not_picked":["Dagger Spray","Prepared"],"picked":"Flying Knee","floor":1.0},{"not_picked":["All Out Attack","Deflect"],"picked":"Noxious Fumes","floor":4.0},{"not_picked":["Cloak And Dagger","Prepared"],"picked":"Bane","floor":7.0},{"not_picked":["Dagger Spray","Acrobatics"],"picked":"Crippling Poison","floor":11.0},{"not_picked":["Slice","Dagger Spray"],"picked":"Bane","floor":12.0},{"not_picked":["Cloak And Dagger","Blade Dance"],"picked":"Dodge and Roll","floor":14.0},{"not_picked":["Envenom","After Image"],"picked":"Bullet Time","floor":16.0},{"not_picked":["Slice","Dagger Spray"],"picked":"Blur","floor":18.0},{"not_picked":["Dagger Spray+1","Dodge and Roll"],"picked":"Footwork+1","floor":19.0}],"player_experience":2214233,"relics_obtained":[{"floor":9.0,"key":"Ninja Scroll"}],"event_choices":[{"damage_healed":0.0,"max_hp_gain":0.0,"max_hp_loss":0.0,"gold_gain":0.0,"event_name":"Shining Light","player_choice":"Ignored","floor":2.0,"gold_loss":0.0,"damage_taken":0.0}],"is_beta":false,"boss_relics":[{"not_picked":["Velvet Choker","Astrolabe"],"picked":"Pandora\u0027s Box"}],"items_purged_floors":[],"is_endless":false,"potions_floor_spawned":[7,14,18,19],"killed_by":"Snake Plant","ascension_level":9}