{"gold_per_floor":[115,265,279,36,48,48,59,92,92,103,103,178,190,200,200,279,279,245,257,268,1,1,1],"floor_reached":23,"playtime":1550,"items_purged":["Doubt"],"score":351,"play_id":"9a660bc3-c69e-4d54-b762-ea3bdd447a61","local_time":"20190528173009","is_ascension_mode":true,"campfire_choices":[{"data":"Neutralize","floor":6,"key":"SMITH"},{"floor":11,"key":"REST"},{"floor":15,"key":"REST"}],"neow_cost":"NONE","seed_source_timestamp":2118371021002,"circlet_count":0,"master_deck":["AscendersBane","Defend_G","Defend_G","Defend_G","Defend_G","Defend_G","Strike_G","Strike_G","Strike_G","Strike_G","Strike_G","Survivor","Neutralize+1","Well Laid Plans","Calculated Gamble","Bouncing Flask","Acrobatics","PiercingWail","Deadly Poison","Backstab","Dodge and Roll","Backflip","Venomology","Malaise","Bane","Dagger Spray","Decay"],"relics":["Ring of the Snake","Bag of Preparation","Sundial","The Courier","HoveringKite","Paper Crane"],"potions_floor_usage":[8,16,16,16,18,19,20,23,23],"damage_taken":[{"damage":4,"enemies":"Jaw Worm","floor":1,"turns":7},{"damage":15,"enemies":"2 Louse","floor":3,"turns":3},{"damage":3,"enemies":"Cultist","floor":5,"turns":4},{"damage":0,"enemies":"Large Slime","floor":7,"turns":5},{"damage":23,"enemies":"Gremlin Nob","floor":8,"turns":4},{"damage":3,"enemies":"Blue Slaver","floor":10,"turns":4},{"damage":15,"enemies":"Lots of Slimes","floor":13,"turns":4},{"damage":0,"enemies":"2 Fungi Beasts","floor":14,"turns":4},{"damage":35,"enemies":"Slime Boss","floor":16,"turns":15},{"damage":21,"enemies":"2 Thieves","floor":18,"turns":5},{"damage":28,"enemies":"Shell Parasite","floor":19,"turns":8},{"damage":9,"enemies":"Centurion and Healer","floor":20,"turns":9},{"damage":9,"enemies":"Gremlin Leader","floor":23,"turns":3}],"seed_played":"-24617351192176198","potions_obtained":[{"floor":1,"key":"Dexterity Potion"},{"floor":13,"key":"Regen Potion"},{"floor":18,"key":"FearPotion"},{"floor":20,"key":"Weak Potion"}],"is_trial":false,"path_per_floor":["M","?","M","$","M","R","M","E","T","M","R","?","M","M","R","B",null,"M","M","M","$","?","E"],"character_chosen":"THE_SILENT","items_purchased":["Bouncing Flask","Acrobatics","AttackPotion","Paper Crane","Dagger Spray"],"campfire_rested":2,"item_purchase_floors":[4,4,4,21,21],"current_hp_per_floor":[55,55,40,40,37,37,37,14,14,11,30,19,4,4,23,3,50,29,16,7,7,7,0],"gold":1,"neow_bonus":"RANDOM_COMMON_RELIC","is_prod":false,"is_daily":false,"chose_seed":false,"campfire_upgraded":1,"win_rate":0,"timestamp":1559057409,"path_taken":["M","?","M","$","M","R","M","E","T","M","R","?","?","M","R","BOSS","M","M","M","$","?","E"],"build_version":"2019-01-23","purchased_purges":1,"victory":false,"max_hp_per_floor":[66,66,66,66,66,66,66,66,66,66,66,66,66,66,66,66,66,66,66,66,66,66,66],"card_choices":[{"not_picked":["Flying Knee","Bane"],"picked":"Well Laid Plans","floor":1},{"not_picked":["Quick Slash","Underhanded Strike"],"picked":"Calculated Gamble","floor":3},{"not_picked":["Dagger Throw","Sucker Punch"],"picked":"PiercingWail","floor":5},{"not_picked":["Cloak And Dagger","Endless Agony"],"picked":"Deadly Poison","floor":7},{"not_picked":["Bouncing Flask","Heel Hook"],"picked":"Backstab","floor":8},{"not_picked":["Slice","Masterful Stab"],"picked":"Dodge and Roll","floor":10},{"not_picked":["Slice","Poisoned Stab"],"picked":"Backflip","floor":13},{"not_picked":["Dagger Throw","Outmaneuver"],"picked":"Venomology","floor":14},{"not_picked":["Tools of the Trade","Doppelganger"],"picked":"Malaise","floor":16},{"not_picked":["Prepared","Flying Knee","Quick Slash"],"picked":"SKIP","floor":18},{"not_picked":["Dodge and Roll","Deflect"],"picked":"Bane","floor":19},{"not_picked":["Dagger Throw","Well Laid Plans","Poisoned Stab"],"picked":"SKIP","floor":20}],"player_experience":692602,"relics_obtained":[{"floor":8,"key":"Sundial"},{"floor":9,"key":"The Courier"}],"event_choices":[{"damage_healed":0,"gold_gain":150,"player_choice":"AGREE","damage_taken":0,"max_hp_gain":0,"max_hp_loss":0,"event_name":"Liars Game","floor":2,"gold_loss":0,"cards_obtained":["Doubt"]},{"damage_healed":0,"gold_gain":75,"player_choice":"Gather Gold","damage_taken":11,"max_hp_gain":0,"max_hp_loss":0,"event_name":"World of Goop","floor":12,"gold_loss":0},{"damage_healed":0,"gold_gain":0,"player_choice":"Smashed Altar","damage_taken":0,"max_hp_gain":0,"max_hp_loss":0,"event_name":"Forgotten Altar","floor":22,"gold_loss":0,"cards_obtained":["Decay"]}],"is_beta":false,"boss_relics":[{"not_picked":["White Beast Statue","Runic Dome"],"picked":"HoveringKite"}],"items_purged_floors":[4],"is_endless":false,"potions_floor_spawned":[1,7,13,14,18,20],"killed_by":"Gremlin Leader","ascension_level":16}