{"gold_per_floor":[10,23,39,114,114,140,140,65,65,80,92,92,103,113,113,210,210,175,175,175,190,190],"floor_reached":22,"playtime":899,"items_purged":["Regret"],"score":298,"play_id":"f0239d02-9e5e-4372-a4c4-698937d4b5ae","local_time":"20190619223914","is_ascension_mode":true,"campfire_choices":[{"floor":7.0,"key":"REST"},{"data":"Defragment","floor":12.0,"key":"SMITH"},{"floor":15,"key":"REST"}],"neow_cost":"NO_GOLD","seed_source_timestamp":4846702824084,"circlet_count":0,"master_deck":["Defend_B","Defend_B","Defend_B","Defend_B","Zap","Dualcast","Buffer","Cold Snap","Defragment+1","Genetic Algorithm","Conserve Battery","Redo","Streamline","Conserve Battery","Creative AI","Chaos","Writhe","Bite","Bite","Bite","Bite","Bite","Defragment"],"special_seed":0,"relics":["Cracked Core","Lantern","Symbiotic Virus","Question Card","Inserter","Toxic Egg 2"],"potions_floor_usage":[],"damage_taken":[{"damage":0.0,"enemies":"Small Slimes","floor":1.0,"turns":3.0},{"damage":0.0,"enemies":"2 Louse","floor":2.0,"turns":2.0},{"damage":0.0,"enemies":"Jaw Worm","floor":3.0,"turns":2.0},{"damage":39.0,"enemies":"Gremlin Nob","floor":6.0,"turns":5.0},{"damage":10.0,"enemies":"Lots of Slimes","floor":10.0,"turns":4.0},{"damage":2.0,"enemies":"Blue Slaver","floor":11.0,"turns":4.0},{"damage":24,"enemies":"Large Slime","floor":13,"turns":6},{"damage":2,"enemies":"2 Fungi Beasts","floor":14,"turns":3},{"damage":8,"enemies":"Slime Boss","floor":16,"turns":10},{"damage":31,"enemies":"2 Thieves","floor":18,"turns":5},{"damage":36,"enemies":"Spheric Guardian","floor":21,"turns":6},{"damage":10,"enemies":"Centurion and Healer","floor":22,"turns":5}],"seed_played":"-1570482404942677517","potions_obtained":[{"floor":2.0,"key":"AttackPotion"},{"floor":3.0,"key":"Ancient Potion"},{"floor":11.0,"key":"Dexterity Potion"},{"floor":13,"key":"FearPotion"},{"floor":16,"key":"Explosive Potion"}],"is_trial":false,"path_per_floor":["M","M","M","?","?","E","R","$","T","M","M","R","M","M","R","B",null,"M","?","?","M","M"],"character_chosen":"DEFECT","items_purchased":[],"campfire_rested":2,"item_purchase_floors":[],"current_hp_per_floor":[68,68,68,57,57,18,40,40,40,30,28,28,4,2,24,16,60,29,29,29,1,0],"gold":190,"neow_bonus":"THREE_RARE_CARDS","is_prod":false,"is_daily":false,"chose_seed":false,"campfire_upgraded":1,"win_rate":0,"timestamp":1560947954,"path_taken":["M","M","M","?","?","E","R","?","T","M","?","R","M","M","R","BOSS","M","?","?","M","M"],"build_version":"2019-01-23","purchased_purges":1,"victory":false,"max_hp_per_floor":[75,75,75,75,75,75,75,75,75,75,75,75,75,75,75,75,75,75,75,52,52,52],"card_choices":[{"not_picked":["Machine Learning","Thunder Strike"],"picked":"Buffer","floor":0.0},{"not_picked":["Stack","Beam Cell","Compile Driver"],"picked":"SKIP","floor":1.0},{"not_picked":["Reinforced Body","Recycle"],"picked":"Cold Snap","floor":2.0},{"not_picked":["Streamline","Compile Driver"],"picked":"Defragment","floor":3.0},{"not_picked":["Hologram","Aggregate"],"picked":"Genetic Algorithm","floor":6.0},{"not_picked":["Cold Snap","Sweeping Beam","Skim"],"picked":"Conserve Battery","floor":10.0},{"not_picked":["Meteor Strike","Reinforced Body","Barrage"],"picked":"Redo","floor":11.0},{"not_picked":["Auto Shields","Redo","Gash"],"picked":"Streamline","floor":13},{"not_picked":["Undo","Rebound","Beam Cell"],"picked":"Conserve Battery","floor":14},{"not_picked":["Amplify","Hyperbeam","Seek"],"picked":"Creative AI","floor":16},{"not_picked":["Cold Snap","Coolheaded","Double Energy"],"picked":"Chaos","floor":18},{"not_picked":["Cold Snap","Stack+1","Force Field+1"],"picked":"Defragment","floor":21}],"player_experience":2224621,"relics_obtained":[{"floor":6.0,"key":"Symbiotic Virus"},{"floor":9.0,"key":"Question Card"}],"event_choices":[{"damage_healed":0.0,"max_hp_gain":0.0,"max_hp_loss":0.0,"gold_gain":75.0,"event_name":"World of Goop","player_choice":"Gather Gold","floor":4.0,"gold_loss":0.0,"damage_taken":11.0},{"damage_healed":0.0,"max_hp_gain":0.0,"max_hp_loss":0.0,"gold_gain":0.0,"event_name":"Big Fish","player_choice":"Box","floor":5.0,"gold_loss":0.0,"damage_taken":0.0,"relics_obtained":["Lantern"],"cards_obtained":["Regret"]},{"damage_healed":0,"gold_gain":0,"player_choice":"Opened","damage_taken":0,"relics_obtained":["Toxic Egg 2"],"max_hp_gain":0,"max_hp_loss":0,"event_name":"The Mausoleum","floor":19,"gold_loss":0,"cards_obtained":["Writhe"]},{"damage_healed":0,"gold_gain":0,"player_choice":"Became a vampire","damage_taken":0,"max_hp_gain":0,"max_hp_loss":23,"event_name":"Vampires","floor":20,"gold_loss":0,"cards_obtained":["Bite","Bite","Bite","Bite","Bite"]}],"is_beta":false,"boss_relics":[{"not_picked":["Snecko Eye","Lizard Tail"],"picked":"Inserter"}],"items_purged_floors":[8],"is_endless":false,"potions_floor_spawned":[2,3,11,13,16],"killed_by":"Centurion and Healer","ascension_level":9}