{"gold_per_floor":[114,131,306,306,319,319,319,339,339,339,349,374,374,392,392,492,492,505,505,505,520,540,540],"floor_reached":23,"playtime":1534,"items_purged":[],"score":309,"play_id":"e50f7cd0-8c2e-4ee5-85e2-57ad6bc6cf16","local_time":"20190328003153","is_ascension_mode":true,"campfire_choices":[{"data":"Shockwave","floor":7,"key":"SMITH"},{"data":"Flame Barrier","floor":10,"key":"SMITH"},{"data":"Sever Soul","floor":15,"key":"SMITH"}],"neow_cost":"NONE","seed_source_timestamp":100314824451800,"circlet_count":0,"master_deck":["AscendersBane","Strike_R","Strike_R","Strike_R","Strike_R","Defend_R","Defend_R","Defend_R","Defend_R","Bash","Shockwave+1","Flame Barrier+1","Carnage","Evolve","Sever Soul+1","Pommel Strike","Cleave","Reaper","Corruption","Spot Weakness+1","Power Through"],"relics":["Burning Blood","NeowsBlessing","Matryoshka","Kunai","Mark of Pain","GremlinMask"],"potions_floor_usage":[16,18,22,23],"damage_taken":[{"damage":0,"enemies":"Cultist","floor":1,"turns":1},{"damage":0,"enemies":"Jaw Worm","floor":2,"turns":1},{"damage":0,"enemies":"Small Slimes","floor":5,"turns":1},{"damage":0,"enemies":"Exordium Wildlife","floor":8,"turns":3},{"damage":21,"enemies":"3 Louse","floor":11,"turns":5},{"damage":35,"enemies":"Lagavulin","floor":12,"turns":7},{"damage":18,"enemies":"Exordium Thugs","floor":14,"turns":4},{"damage":37,"enemies":"Slime Boss","floor":16,"turns":9},{"damage":17,"enemies":"3 Byrds","floor":18,"turns":6},{"damage":26,"enemies":"Spheric Guardian","floor":21,"turns":5},{"damage":35,"enemies":"Shelled Parasite and Fungi","floor":22,"turns":4},{"damage":33,"enemies":"Slavers","floor":23,"turns":2}],"seed_played":"1049166120814732362","potions_obtained":[{"floor":1,"key":"Strength Potion"},{"floor":12,"key":"SkillPotion"},{"floor":16,"key":"Block Potion"},{"floor":21,"key":"LiquidBronze"}],"is_trial":false,"path_per_floor":["M","M","?","?","M","?","R","M","T","R","M","E","?","M","R","B",null,"M","?","?","M","M","E"],"character_chosen":"IRONCLAD","items_purchased":[],"campfire_rested":0,"item_purchase_floors":[],"current_hp_per_floor":[78,80,80,80,80,73,73,79,79,79,64,35,61,49,49,18,65,63,63,63,43,14,0],"gold":540,"neow_bonus":"THREE_ENEMY_KILL","is_prod":false,"is_daily":false,"chose_seed":false,"campfire_upgraded":3,"win_rate":0,"timestamp":1553693513,"path_taken":["M","?","?","?","M","?","R","?","T","R","M","E","?","M","R","BOSS","M","?","?","?","?","E"],"build_version":"2019-01-23","purchased_purges":0,"victory":false,"max_hp_per_floor":[80,80,80,80,80,80,80,80,80,80,80,80,80,80,80,80,80,80,80,80,80,80,80],"card_choices":[{"not_picked":["Entrench","Perfected Strike"],"picked":"Shockwave","floor":1},{"not_picked":["Twin Strike","Havoc"],"picked":"Flame Barrier","floor":2},{"not_picked":["Body Slam","Anger"],"picked":"Carnage","floor":5},{"not_picked":["Heavy Blade","Wild Strike"],"picked":"Evolve","floor":8},{"not_picked":["Disarm","Twin Strike"],"picked":"Sever Soul","floor":11},{"not_picked":["Warcry","Clothesline"],"picked":"Pommel Strike","floor":12},{"not_picked":["Thunderclap","Evolve"],"picked":"Cleave","floor":14},{"not_picked":["Barricade","Exhume"],"picked":"Reaper","floor":16},{"not_picked":["Carnage+1","Heavy Blade"],"picked":"Corruption","floor":18},{"not_picked":["Perfected Strike","Carnage"],"picked":"Spot Weakness+1","floor":21},{"not_picked":["Rupture","Searing Blow"],"picked":"Power Through","floor":22}],"player_experience":1103467,"relics_obtained":[{"floor":9,"key":"Matryoshka"},{"floor":12,"key":"Kunai"}],"event_choices":[{"damage_healed":0,"gold_gain":175,"player_choice":"AGREE","damage_taken":0,"max_hp_gain":0,"max_hp_loss":0,"event_name":"Liars Game","floor":3,"gold_loss":0,"cards_obtained":["Doubt"]},{"cards_removed":["Doubt"],"damage_healed":0,"gold_gain":0,"player_choice":"Forget","damage_taken":0,"max_hp_gain":0,"max_hp_loss":0,"event_name":"Living Wall","floor":4,"gold_loss":0},{"cards_removed":["Strike_R"],"damage_healed":0,"gold_gain":0,"player_choice":"Card Removal","damage_taken":7,"max_hp_gain":0,"max_hp_loss":0,"event_name":"Golden Wing","floor":6,"gold_loss":0},{"damage_healed":26,"gold_gain":0,"player_choice":"Banana","damage_taken":0,"max_hp_gain":0,"max_hp_loss":0,"event_name":"Big Fish","floor":13,"gold_loss":0},{"damage_healed":0,"gold_gain":0,"player_choice":"Ignored","damage_taken":0,"max_hp_gain":0,"max_hp_loss":0,"event_name":"Ghosts","floor":19,"gold_loss":0},{"damage_healed":0,"gold_gain":0,"player_choice":"Trade","damage_taken":0,"relics_obtained":["GremlinMask"],"max_hp_gain":0,"max_hp_loss":0,"event_name":"FaceTrader","floor":20,"gold_loss":0}],"is_beta":false,"boss_relics":[{"not_picked":["Runic Pyramid","Philosopher\u0027s Stone"],"picked":"Mark of Pain"}],"items_purged_floors":[],"is_endless":false,"potions_floor_spawned":[1,12,14,16,18,21],"killed_by":"Slavers","ascension_level":12}