{"gold_per_floor":[116,391,402,419,81,81,112,131,131,131,160,172,172,27,27,126,126,143,163,163,9,0,0,0],"floor_reached":24,"playtime":22029,"items_purged":["Regret"],"score":291,"play_id":"4d96849f-237c-4e4e-9a78-a1ad5ccebc25","local_time":"20190308221509","is_ascension_mode":true,"campfire_choices":[{"data":"Double Tap","floor":6,"key":"SMITH"},{"data":"Flex","floor":10,"key":"SMITH"},{"floor":13,"key":"REST"},{"data":"Fiend Fire","floor":15,"key":"SMITH"},{"data":"Demon Form","floor":23,"key":"SMITH"}],"neow_cost":"NONE","seed_source_timestamp":3470770729327,"circlet_count":0,"master_deck":["AscendersBane","Strike_R","Strike_R","Strike_R","Strike_R","Strike_R","Defend_R","Defend_R","Defend_R+1","Defend_R","Bash+1","Shrug It Off","Heavy Blade","Flex+1","Double Tap+1","Shrug It Off","Fire Breathing","Evolve","Sword Boomerang","Anger","Anger","Fiend Fire+1","Demon Form+1","Wild Strike","Entrench+1","Shame"],"relics":["Burning Blood","Paper Frog","Bottled Flame","Odd Mushroom","Sozu","Frozen Egg 2","War Paint"],"potions_floor_usage":[7,11],"damage_taken":[{"damage":0,"enemies":"2 Louse","floor":1,"turns":4},{"damage":9,"enemies":"Cultist","floor":3,"turns":5},{"damage":4,"enemies":"Jaw Worm","floor":4,"turns":3},{"damage":39,"enemies":"Lagavulin","floor":7,"turns":8},{"damage":9,"enemies":"Looter","floor":8,"turns":4},{"damage":17,"enemies":"The Mushroom Lair","floor":11,"turns":4},{"damage":7,"enemies":"3 Louse","floor":12,"turns":4},{"damage":47,"enemies":"Slime Boss","floor":16,"turns":10},{"damage":29,"enemies":"Shell Parasite","floor":18,"turns":4},{"damage":12,"enemies":"Chosen","floor":19,"turns":4},{"damage":37,"enemies":"Slavers","floor":24,"turns":2}],"seed_played":"1679915427176361591","potions_obtained":[{"floor":1,"key":"BloodPotion"},{"floor":7,"key":"Energy Potion"}],"is_trial":false,"path_per_floor":["M","?","M","M","$","R","E","M","T","R","?","M","R","$","R","B",null,"M","M","?","$","?","R","E"],"character_chosen":"IRONCLAD","items_purchased":["Double Tap","Shrug It Off","Fire Breathing","Fiend Fire","War Paint"],"campfire_rested":1,"item_purchase_floors":[5,5,5,14,21],"current_hp_per_floor":[78,78,75,77,77,77,52,49,49,49,38,37,61,61,61,20,65,42,36,36,36,36,36,0],"gold":0,"neow_bonus":"UPGRADE_CARD","is_prod":false,"is_daily":false,"chose_seed":false,"campfire_upgraded":4,"win_rate":0,"timestamp":1552043709,"path_taken":["M","?","?","M","?","R","E","M","T","R","?","M","R","$","R","BOSS","M","M","?","$","?","R","E"],"build_version":"2019-01-23","purchased_purges":1,"victory":false,"max_hp_per_floor":[80,80,80,80,80,80,80,80,80,80,80,80,80,80,80,80,80,80,80,80,80,80,80,80],"card_choices":[{"not_picked":["Sever Soul","Clash"],"picked":"Shrug It Off","floor":1},{"not_picked":["Armaments","Rampage"],"picked":"Heavy Blade","floor":3},{"not_picked":["True Grit","Second Wind"],"picked":"Flex","floor":4},{"not_picked":["Armaments","Rage"],"picked":"Evolve","floor":7},{"not_picked":["Burning Pact","Wild Strike"],"picked":"Sword Boomerang","floor":8},{"not_picked":["Body Slam","Carnage"],"picked":"Anger","floor":11},{"not_picked":["Iron Wave","Havoc"],"picked":"Anger","floor":12},{"not_picked":["Immolate","Reaper"],"picked":"Demon Form","floor":16},{"not_picked":["Clothesline","Havoc"],"picked":"Wild Strike","floor":18},{"not_picked":["Pommel Strike","Thunderclap"],"picked":"Entrench","floor":19}],"player_experience":850993,"relics_obtained":[{"floor":7,"key":"Paper Frog"},{"floor":9,"key":"Bottled Flame"},{"floor":11,"key":"Odd Mushroom"}],"event_choices":[{"damage_healed":0,"gold_gain":275,"player_choice":"Desecrate","damage_taken":0,"max_hp_gain":0,"max_hp_loss":0,"event_name":"Golden Shrine","floor":2,"gold_loss":0,"cards_obtained":["Regret"]},{"damage_healed":0,"gold_gain":0,"player_choice":"Fought Mushrooms","damage_taken":0,"max_hp_gain":0,"max_hp_loss":0,"event_name":"Mushrooms","floor":11,"gold_loss":0},{"damage_healed":0,"gold_gain":0,"player_choice":"Stole Relic","damage_taken":0,"relics_obtained":["Frozen Egg 2"],"max_hp_gain":0,"max_hp_loss":0,"event_name":"Addict","floor":20,"gold_loss":0,"cards_obtained":["Shame"]},{"damage_healed":0,"gold_gain":0,"player_choice":"Paid Fearfully","damage_taken":0,"max_hp_gain":0,"max_hp_loss":0,"event_name":"Masked Bandits","floor":22,"gold_loss":9}],"is_beta":false,"boss_relics":[{"not_picked":["Runic Cube","Snecko Eye"],"picked":"Sozu"}],"items_purged_floors":[5],"is_endless":false,"potions_floor_spawned":[1,7,18],"killed_by":"Slavers","ascension_level":10}