{"gold_per_floor":[216,166,16,29,45,45,73,93,119,119,138,165,165,190,190,283,283,303,323,21,21,21,21,21,21,46,46],"floor_reached":27,"playtime":960,"items_purged":["Strike_B","Pain"],"score":376,"play_id":"6dbd5c5c-9d15-400f-8683-543e3166abde","local_time":"20190530220915","is_ascension_mode":true,"campfire_choices":[{"data":"Doom and Gloom","floor":6,"key":"SMITH"},{"floor":10,"key":"REST"},{"floor":15,"key":"REST"},{"floor":23,"key":"REST"},{"data":"White Noise","floor":24,"key":"SMITH"},{"data":"Hologram","floor":25,"key":"SMITH"}],"neow_cost":"NONE","seed_source_timestamp":31334479827402,"circlet_count":0,"master_deck":["AscendersBane","Strike_B","Strike_B","Defend_B","Defend_B","Defend_B","Defend_B","Zap","Dualcast","Gash","Doom and Gloom+1","Steam","Ball Lightning","Cold Snap","Electrodynamics","Hologram+1","Injury","Reinforced Body","Amplify","Injury","Regret","Coolheaded","Turbo","White Noise+1","Capacitor"],"relics":["Cracked Core","Blood Vial","Anchor","DataDisk","Golden Idol","Art of War","Question Card","WingedGreaves","Membership Card","Nloth\u0027s Gift","Vajra"],"potions_floor_usage":[7,8,12,19],"damage_taken":[{"damage":0,"enemies":"2 Louse","floor":1,"turns":4},{"damage":0,"enemies":"Small Slimes","floor":4,"turns":3},{"damage":1,"enemies":"Jaw Worm","floor":5,"turns":3},{"damage":28,"enemies":"Gremlin Nob","floor":7,"turns":4},{"damage":6,"enemies":"Exordium Thugs","floor":8,"turns":3},{"damage":0,"enemies":"Looter","floor":11,"turns":3},{"damage":24,"enemies":"Lagavulin","floor":12,"turns":6},{"damage":0,"enemies":"Large Slime","floor":14,"turns":4},{"damage":8,"enemies":"The Guardian","floor":16,"turns":14},{"damage":24,"enemies":"2 Thieves","floor":18,"turns":4},{"damage":26,"enemies":"Shell Parasite","floor":19,"turns":10},{"damage":6,"enemies":"Colosseum Slavers","floor":21,"turns":2},{"damage":42,"enemies":"Book of Stabbing","floor":27,"turns":4}],"seed_played":"2836639405148116703","potions_obtained":[{"floor":1,"key":"AttackPotion"},{"floor":7,"key":"Explosive Potion"},{"floor":8,"key":"GamblersBrew"},{"floor":11,"key":"EssenceOfSteel"}],"is_trial":false,"path_per_floor":["M","?","$","M","M","R","E","M","T","R","M","E","?","M","R","B",null,"M","M","$","?","?","R","R","R","T","E"],"character_chosen":"DEFECT","items_purchased":["Doom and Gloom","Membership Card","White Noise","Capacitor"],"campfire_rested":3,"item_purchase_floors":[3,20,20,20],"current_hp_per_floor":[64,64,64,64,63,63,35,31,31,52,54,32,32,34,55,49,66,44,20,20,16,16,37,37,37,37,0],"gold":46,"neow_bonus":"HUNDRED_GOLD","is_prod":false,"is_daily":false,"chose_seed":false,"campfire_upgraded":3,"win_rate":0,"timestamp":1559246955,"path_taken":["M","?","$","M","M","R","E","M","T","R","M","E","?","M","R","BOSS","M","M","$","?","?","R","R","R","T","E"],"build_version":"2019-01-23","purchased_purges":2,"victory":false,"max_hp_per_floor":[71,71,71,71,71,71,71,71,71,71,71,71,71,71,71,71,71,71,71,71,71,71,71,71,71,71,71],"card_choices":[{"not_picked":["Barrage","Rip and Tear"],"picked":"Gash","floor":1},{"not_picked":["Barrage","Turbo"],"picked":"Steam","floor":4},{"not_picked":["Hello World","Rebound","Streamline"],"picked":"SKIP","floor":5},{"not_picked":["Leap","Conserve Battery"],"picked":"Ball Lightning","floor":7},{"not_picked":["Beam Cell","Rebound"],"picked":"Cold Snap","floor":8},{"not_picked":["Coolheaded","Ball Lightning"],"picked":"Electrodynamics","floor":11},{"not_picked":["Beam Cell","Compile Driver"],"picked":"Hologram","floor":12},{"not_picked":["Streamline","Gash"],"picked":"Reinforced Body","floor":14},{"not_picked":["Core Surge","Fission"],"picked":"Amplify","floor":16},{"not_picked":["Ball Lightning","Scrape+1","Sweeping Beam"],"picked":"Coolheaded","floor":18},{"not_picked":["Beam Cell","Genetic Algorithm","Compile Driver"],"picked":"Turbo","floor":19}],"player_experience":720789,"relics_obtained":[{"floor":7,"key":"Blood Vial"},{"floor":9,"key":"Anchor"},{"floor":12,"key":"DataDisk"},{"floor":17,"key":"Art of War"},{"floor":17,"key":"Question Card"},{"floor":17,"key":"WingedGreaves"},{"floor":26,"key":"Vajra"}],"event_choices":[{"cards_removed":["Strike_B"],"damage_healed":0,"gold_gain":0,"player_choice":"Card Removal","damage_taken":0,"max_hp_gain":0,"max_hp_loss":0,"event_name":"The Cleric","floor":2,"gold_loss":50},{"damage_healed":0,"gold_gain":0,"player_choice":"Take Wound","damage_taken":0,"relics_obtained":["Golden Idol"],"max_hp_gain":0,"max_hp_loss":0,"event_name":"Golden Idol","floor":13,"gold_loss":0,"cards_obtained":["Injury"]},{"damage_healed":0,"gold_gain":0,"player_choice":"Fight","damage_taken":0,"max_hp_gain":0,"max_hp_loss":0,"event_name":"Colosseum","floor":21,"gold_loss":0},{"damage_healed":0,"gold_gain":0,"player_choice":"Fled From Nobs","damage_taken":0,"max_hp_gain":0,"max_hp_loss":0,"event_name":"Colosseum","floor":21,"gold_loss":0},{"damage_healed":0,"gold_gain":0,"player_choice":"Traded Relic","damage_taken":0,"relics_obtained":["Nloth\u0027s Gift"],"max_hp_gain":0,"max_hp_loss":0,"event_name":"N\u0027loth","floor":22,"relics_lost":["Calling Bell"],"gold_loss":0}],"is_beta":false,"boss_relics":[{"not_picked":["Tiny House","Runic Dome"],"picked":"Calling Bell"}],"items_purged_floors":[3,20],"is_endless":false,"potions_floor_spawned":[1,7,8,11,21],"killed_by":"Book of Stabbing","ascension_level":14}