{"gold_per_floor":[10,10,27,42,16,16,30,30,30,30,42,106,106,281,281,358,358,377,377,387,398,408,437,437,463,463,463,473,473,473,61,61,140,140,160,120,120,139,86,86,105,105,105,132,132,132,143,162,162,162],"floor_reached":50,"playtime":3305,"items_purged":["Defend_R"],"score":799,"play_id":"86e81ac0-8882-458d-b152-3e6d3a589faf","local_time":"20190403005342","is_ascension_mode":true,"campfire_choices":[{"data":"Combust","floor":6.0,"key":"SMITH"},{"data":"Flame Barrier","floor":8.0,"key":"SMITH"},{"data":"Bash","floor":10.0,"key":"SMITH"},{"data":"Body Slam","floor":13.0,"key":"SMITH"},{"data":"Iron Wave","floor":15.0,"key":"SMITH"},{"floor":24.0,"key":"REST"},{"floor":27.0,"key":"REST"},{"floor":29.0,"key":"REST"},{"data":"Demon Form","floor":32.0,"key":"SMITH"},{"data":"Flame Barrier","floor":40.0,"key":"SMITH"},{"floor":42.0,"key":"REST"},{"data":"True Grit","floor":46.0,"key":"SMITH"},{"floor":49.0,"key":"REST"}],"neow_cost":"NO_GOLD","seed_source_timestamp":618038151460748,"circlet_count":0,"master_deck":["AscendersBane","Bash+1","Disarm","Combust+1","Flame Barrier+1","Iron Wave+1","Cleave","Pommel Strike","Body Slam+1","Demon Form+1","Spot Weakness","Inflame","Reckless Charge","Flex+1","Pummel+1","True Grit","Shockwave+1","Immolate","Anger","Whirlwind","Flame Barrier+1","Limit Break+1","Wild Strike","Searing Blow","Inflame","Dual Wield","Armaments+1","Flex+1","Sword Boomerang+1","True Grit+1","Pummel","Limit Break+1","Carnage+1","Iron Wave"],"special_seed":0,"relics":["Burning Blood","FossilizedHelix","Shuriken","Mercury Hourglass","Velvet Choker","Ornamental Fan","Turnip","Regal Pillow","Juzu Bracelet","Pandora\u0027s Box","Paper Frog","Bronze Scales"],"potions_floor_usage":[50],"damage_taken":[{"damage":0.0,"enemies":"Small Slimes","floor":1.0,"turns":3.0},{"damage":3.0,"enemies":"Cultist","floor":3.0,"turns":4.0},{"damage":9.0,"enemies":"Jaw Worm","floor":4.0,"turns":4.0},{"damage":1.0,"enemies":"3 Louse","floor":7.0,"turns":2.0},{"damage":16.0,"enemies":"Exordium Wildlife","floor":11.0,"turns":5.0},{"damage":17.0,"enemies":"Lagavulin Event","floor":12.0,"turns":6.0},{"damage":22.0,"enemies":"The Guardian","floor":16.0,"turns":10.0},{"damage":20.0,"enemies":"2 Thieves","floor":18.0,"turns":4.0},{"damage":24.0,"enemies":"3 Byrds","floor":20.0,"turns":4.0},{"damage":7.0,"enemies":"Centurion and Healer","floor":21.0,"turns":5.0},{"damage":3.0,"enemies":"3 Cultists","floor":22.0,"turns":4.0},{"damage":31.0,"enemies":"Book of Stabbing","floor":23.0,"turns":5.0},{"damage":34.0,"enemies":"Slavers","floor":25.0,"turns":4.0},{"damage":24.0,"enemies":"Shelled Parasite and Fungi","floor":28.0,"turns":3.0},{"damage":46.0,"enemies":"Automaton","floor":33.0,"turns":6.0},{"damage":13.0,"enemies":"3 Shapes","floor":35.0,"turns":3.0},{"damage":0.0,"enemies":"Orb Walker","floor":38.0,"turns":3.0},{"damage":22.0,"enemies":"Spire Growth","floor":41.0,"turns":5.0},{"damage":28.0,"enemies":"Jaw Worm Horde","floor":47.0,"turns":4.0},{"damage":44.0,"enemies":"3 Darklings","floor":48.0,"turns":4.0},{"damage":69,"enemies":"Donu and Deca","floor":50,"turns":4}],"seed_played":"-1550725679874494042","potions_obtained":[{"floor":3.0,"key":"Weak Potion"},{"floor":7.0,"key":"Regen Potion"},{"floor":12.0,"key":"Fire Potion"},{"floor":21.0,"key":"GamblersBrew"},{"floor":23.0,"key":"Strength Potion"},{"floor":28.0,"key":"Energy Potion"},{"floor":33.0,"key":"FearPotion"},{"floor":38.0,"key":"Weak Potion"},{"floor":41.0,"key":"Explosive Potion"},{"floor":48.0,"key":"BloodPotion"}],"is_trial":false,"path_per_floor":["M","?","M","M","$","R","M","R","T","R","M","?","R","?","R","B",null,"M","?","M","M","M","E","R","E","T","R","M","R","?","$","R","B",null,"M","?","?","M","$","R","M","R","T","T","?","R","M","M","R","B"],"character_chosen":"IRONCLAD","items_purchased":["Iron Wave","Whirlwind","Juzu Bracelet","Flame Barrier","Regen Potion","True Grit"],"campfire_rested":5,"item_purchase_floors":[5,31,31,31,31,39],"current_hp_per_floor":[74,67,70,67,67,67,72,72,72,72,62,65,65,65,65,49,69,55,55,37,36,39,14,36,8,8,45,27,64,64,64,64,39,66,59,59,59,65,65,65,49,75,75,75,75,75,53,15,52,0],"gold":162,"neow_bonus":"ONE_RARE_RELIC","is_prod":false,"is_daily":false,"chose_seed":false,"campfire_upgraded":8,"win_rate":0,"timestamp":1554213222,"path_taken":["M","?","?","M","?","R","?","R","T","R","M","?","R","?","R","BOSS","M","?","M","M","M","E","R","E","T","R","M","R","?","$","R","BOSS","M","?","?","M","$","R","M","R","T","?","?","R","M","M","R","BOSS"],"build_version":"2019-01-23","purchased_purges":1,"victory":false,"max_hp_per_floor":[75,75,75,75,75,75,75,75,75,75,75,75,75,75,75,75,75,75,75,75,75,75,75,75,75,75,75,75,75,75,75,75,75,75,75,75,75,75,75,75,75,75,75,75,75,75,75,75,75,75],"card_choices":[{"not_picked":["Thunderclap","True Grit"],"picked":"Disarm","floor":1.0},{"not_picked":["Clash","Entrench"],"picked":"Combust","floor":3.0},{"not_picked":["Blood for Blood","Warcry"],"picked":"Flame Barrier","floor":4.0},{"not_picked":["Twin Strike","Clash"],"picked":"Cleave","floor":7.0},{"not_picked":["Cleave","Headbutt"],"picked":"Pommel Strike","floor":11.0},{"not_picked":["Evolve","Dual Wield"],"picked":"Body Slam","floor":12.0},{"not_picked":["Exhume","Barricade"],"picked":"Demon Form","floor":16.0},{"not_picked":["Wild Strike","Warcry"],"picked":"Spot Weakness","floor":18.0},{"not_picked":["Whirlwind","Wild Strike"],"picked":"Flex+1","floor":20.0},{"not_picked":["Twin Strike","Pommel Strike"],"picked":"Pummel+1","floor":21.0},{"not_picked":["Flex","Iron Wave"],"picked":"True Grit","floor":22.0},{"not_picked":["Pommel Strike","Havoc"],"picked":"Shockwave+1","floor":23.0},{"not_picked":["Twin Strike+1","Intimidate"],"picked":"Immolate","floor":25.0},{"not_picked":["Perfected Strike","Evolve"],"picked":"Anger","floor":28.0},{"not_picked":["Berserk","Barricade"],"picked":"Limit Break","floor":33.0},{"not_picked":["Twin Strike+1","Thunderclap"],"picked":"Flex+1","floor":35.0},{"not_picked":["Entrench","Bloodletting+1"],"picked":"Sword Boomerang+1","floor":38.0},{"not_picked":["Inflame+1","Body Slam"],"picked":"Pummel","floor":41.0},{"not_picked":["Dual Wield","Headbutt"],"picked":"Carnage+1","floor":47.0},{"not_picked":["Body Slam","Fire Breathing"],"picked":"Iron Wave","floor":48.0}],"player_experience":1133139,"relics_obtained":[{"floor":9.0,"key":"Shuriken"},{"floor":12.0,"key":"Mercury Hourglass"},{"floor":23.0,"key":"Ornamental Fan"},{"floor":25.0,"key":"Turnip"},{"floor":26.0,"key":"Regal Pillow"},{"floor":43.0,"key":"Paper Frog"},{"floor":44.0,"key":"Bronze Scales"}],"event_choices":[{"damage_healed":0.0,"max_hp_gain":0.0,"max_hp_loss":0.0,"gold_gain":0.0,"event_name":"Wheel of Change","player_choice":"Damaged","floor":2.0,"gold_loss":0.0,"damage_taken":7.0},{"damage_healed":0.0,"max_hp_gain":0.0,"max_hp_loss":0.0,"gold_gain":0.0,"event_name":"Dead Adventurer","player_choice":"Searched \u00271\u0027 times","floor":12.0,"gold_loss":0.0,"damage_taken":0.0},{"damage_healed":0.0,"max_hp_gain":0.0,"max_hp_loss":0.0,"gold_gain":175.0,"event_name":"Liars Game","player_choice":"AGREE","floor":14.0,"gold_loss":0.0,"damage_taken":0.0,"cards_obtained":["Doubt"]},{"damage_healed":0.0,"max_hp_gain":0.0,"max_hp_loss":0.0,"gold_gain":0.0,"cards_transformed":["Strike_R","Strike_R"],"event_name":"Drug Dealer","player_choice":"Became Test Subject","floor":19.0,"gold_loss":0.0,"damage_taken":0.0,"cards_obtained":["Inflame","Reckless Charge"]},{"cards_removed":["Doubt"],"damage_healed":0.0,"max_hp_gain":0.0,"max_hp_loss":0.0,"gold_gain":0.0,"event_name":"Purifier","player_choice":"Purged","floor":30.0,"gold_loss":0.0,"damage_taken":0.0},{"damage_healed":0.0,"max_hp_gain":0.0,"max_hp_loss":0.0,"gold_gain":0.0,"event_name":"Designer","player_choice":"Upgraded Two","floor":36.0,"gold_loss":40.0,"damage_taken":0.0,"cards_upgraded":["Armaments","Limit Break"]},{"cards_removed":["Dark Embrace"],"damage_healed":0.0,"max_hp_gain":0.0,"max_hp_loss":0.0,"gold_gain":0.0,"event_name":"Falling","player_choice":"Removed Power","floor":37.0,"gold_loss":0.0,"damage_taken":0.0},{"damage_healed":0.0,"max_hp_gain":0.0,"max_hp_loss":0.0,"gold_gain":0.0,"event_name":"Duplicator","player_choice":"Copied","floor":45.0,"gold_loss":0.0,"damage_taken":0.0,"cards_obtained":["Limit Break"]}],"is_beta":false,"boss_relics":[{"not_picked":["Orrery","Fusion Hammer"],"picked":"Velvet Choker"},{"not_picked":["Runic Cube","Eternal Feather"],"picked":"Pandora\u0027s Box"}],"items_purged_floors":[31],"is_endless":false,"potions_floor_spawned":[3,7,12,21,23,28,33,38,41,48],"killed_by":"Donu and Deca","ascension_level":14}