{"gold_per_floor":[109,120,120,135,145,145,176,176,176,189,205,205,205],"floor_reached":13,"playtime":295,"items_purged":[],"score":152,"play_id":"54fb0feb-ffd0-4e64-a178-a94548b05f67","local_time":"20190612124652","is_ascension_mode":true,"campfire_choices":[{"data":"Echo Form","floor":6.0,"key":"SMITH"},{"data":"Hologram","floor":8.0,"key":"SMITH"}],"neow_cost":"NONE","seed_source_timestamp":4181502458907,"circlet_count":0,"master_deck":["AscendersBane","Strike_B","Strike_B","Strike_B","Strike_B","Defend_B","Defend_B","Defend_B","Defend_B","Zap","Dualcast","Hyperbeam+1","Hologram+1","Cold Snap","Go for the Eyes","Echo Form+1","Double Energy","Hologram"],"special_seed":0,"relics":["Cracked Core","Cables","Bottled Flame","Ornamental Fan"],"potions_floor_usage":[],"damage_taken":[{"damage":0.0,"enemies":"Cultist","floor":1.0,"turns":2.0},{"damage":0.0,"enemies":"Small Slimes","floor":2.0,"turns":1.0},{"damage":0.0,"enemies":"2 Louse","floor":4.0,"turns":1.0},{"damage":14.0,"enemies":"Exordium Wildlife","floor":5.0,"turns":3.0},{"damage":18.0,"enemies":"Gremlin Nob","floor":7.0,"turns":4.0},{"damage":0.0,"enemies":"Gremlin Gang","floor":10.0,"turns":1.0},{"damage":0.0,"enemies":"2 Fungi Beasts","floor":11.0,"turns":1.0},{"damage":35,"enemies":"Lagavulin","floor":13,"turns":3}],"seed_played":"6998593335602511788","potions_obtained":[{"floor":2.0,"key":"Dexterity Potion"},{"floor":4.0,"key":"Explosive Potion"},{"floor":11.0,"key":"Energy Potion"}],"is_trial":false,"path_per_floor":["M","M","?","M","M","R","E","R","T","M","M","?","E"],"character_chosen":"DEFECT","items_purchased":[],"campfire_rested":0,"item_purchase_floors":[],"current_hp_per_floor":[64,64,64,64,50,50,32,32,32,32,32,32,0],"gold":205,"neow_bonus":"ONE_RANDOM_RARE_CARD","is_prod":false,"is_daily":false,"chose_seed":false,"campfire_upgraded":2,"win_rate":0,"timestamp":1560336412,"path_taken":["M","M","?","M","M","R","E","R","T","M","M","?","E"],"build_version":"2019-01-23","purchased_purges":0,"victory":false,"max_hp_per_floor":[71,71,71,71,71,71,71,71,71,71,71,71,71],"card_choices":[{"not_picked":["Double Energy","Reinforced Body"],"picked":"Hologram","floor":1.0},{"not_picked":["Turbo","Aggregate"],"picked":"Cold Snap","floor":2.0},{"not_picked":["Steam","Compile Driver"],"picked":"Go for the Eyes","floor":4.0},{"not_picked":["Loop","Rebound"],"picked":"Echo Form","floor":5.0},{"not_picked":["Auto Shields","Stack"],"picked":"Double Energy","floor":7.0},{"not_picked":["Stack","Sweeping Beam","Beam Cell"],"picked":"SKIP","floor":10.0},{"not_picked":["Darkness","Compile Driver"],"picked":"Hologram","floor":11.0}],"player_experience":750064,"relics_obtained":[{"floor":7.0,"key":"Cables"},{"floor":9.0,"key":"Bottled Flame"}],"event_choices":[{"damage_healed":0.0,"max_hp_gain":0.0,"max_hp_loss":0.0,"gold_gain":0.0,"event_name":"Living Wall","player_choice":"Grow","floor":3.0,"gold_loss":0.0,"damage_taken":0.0,"cards_upgraded":["Hyperbeam"]},{"damage_healed":0.0,"max_hp_gain":0.0,"max_hp_loss":0.0,"gold_gain":0.0,"event_name":"Dead Adventurer","player_choice":"Searched \u00271\u0027 times","floor":12.0,"gold_loss":0.0,"damage_taken":0.0,"relics_obtained":["Ornamental Fan"]}],"is_beta":false,"boss_relics":[],"items_purged_floors":[],"is_endless":false,"potions_floor_spawned":[2,4,5,11],"killed_by":"Lagavulin","ascension_level":15}