{"gold_per_floor":[117,140,2,2,22,54,69,69,69,69,89,89,123,10,10,109,109,120,20,36,54,68,68,96,108,169,507,519,302,302,302,302,407,407,426,526,526,543,194,194,227,227,227,256,256,256,356,386,386,386],"floor_reached":51,"playtime":2458,"items_purged":["Strike_R","Strike_R","Parasite","Strike_R"],"score":1035,"play_id":"b76747c2-7d38-4fd5-8b8d-523e947db149","local_time":"20190605021640","is_ascension_mode":true,"campfire_choices":[{"data":"Anger","floor":8.0,"key":"SMITH"},{"data":"Hemokinesis","floor":10.0,"key":"SMITH"},{"data":"Corruption","floor":12.0,"key":"SMITH"},{"data":"Whirlwind","floor":15.0,"key":"SMITH"},{"data":"Demon Form","floor":23,"key":"SMITH"},{"floor":28,"key":"REST"},{"data":"Limit Break","floor":30,"key":"SMITH"},{"data":"Metallicize","floor":32,"key":"SMITH"},{"data":"Heavy Blade","floor":40,"key":"SMITH"},{"data":"Metallicize","floor":42,"key":"SMITH"},{"data":"Whirlwind","floor":45,"key":"SMITH"},{"data":"Battle Trance","floor":49,"key":"SMITH"}],"neow_cost":"NONE","seed_source_timestamp":131681299040976,"circlet_count":0,"master_deck":["Defend_R","Defend_R","Defend_R","Defend_R","Bash+1","Metallicize+1","Battle Trance+1","Feel No Pain","Hemokinesis+1","Limit Break+1","Anger+1","Corruption+1","Clothesline","Whirlwind+1","Demon Form+1","Sword Boomerang+1","True Grit+1","Shrug It Off+1","Ghostly","Ghostly","Ghostly","Ghostly","Ghostly","Pummel","Metallicize+1","Offering","Heavy Blade+1","True Grit+1","Writhe","Whirlwind+1","Offering+1"],"special_seed":0,"relics":["Burning Blood","Pen Nib","Dodecahedron","Matryoshka","Pear","Cursed Key","MawBank","Ornamental Fan","Blood Vial","Old Coin","White Beast Statue","FossilizedHelix","Chemical X","Ginger","Strawberry","Toxic Egg 2","Nunchaku","Anchor"],"potions_floor_usage":[20,33,50],"damage_taken":[{"damage":1.0,"enemies":"Cultist","floor":1.0,"turns":3.0},{"damage":10.0,"enemies":"Small Slimes","floor":5.0,"turns":5.0},{"damage":26.0,"enemies":"Lagavulin","floor":6.0,"turns":7.0},{"damage":4.0,"enemies":"2 Louse","floor":7.0,"turns":2.0},{"damage":2.0,"enemies":"Looter","floor":11.0,"turns":1.0},{"damage":19.0,"enemies":"3 Sentries","floor":13.0,"turns":9.0},{"damage":13.0,"enemies":"Slime Boss","floor":16.0,"turns":7.0},{"damage":0.0,"enemies":"3 Byrds","floor":18.0,"turns":3.0},{"damage":12,"enemies":"2 Thieves","floor":20,"turns":3},{"damage":18,"enemies":"3 Cultists","floor":21,"turns":4},{"damage":18,"enemies":"Centurion and Healer","floor":22,"turns":7},{"damage":28,"enemies":"Gremlin Leader","floor":24,"turns":4},{"damage":29,"enemies":"Slavers","floor":27,"turns":8},{"damage":19,"enemies":"Collector","floor":33,"turns":7},{"damage":2,"enemies":"3 Shapes","floor":35,"turns":8},{"damage":2,"enemies":"Mind Bloom Boss Battle","floor":36,"turns":6},{"damage":0,"enemies":"Orb Walker","floor":38,"turns":3},{"damage":1,"enemies":"Reptomancer","floor":41,"turns":6},{"damage":10,"enemies":"Nemesis","floor":44,"turns":11},{"damage":0,"enemies":"Reptomancer","floor":48,"turns":6},{"damage":0,"enemies":"Donu and Deca","floor":50,"turns":7}],"seed_played":"-3245837565376419819","potions_obtained":[{"floor":11.0,"key":"Dexterity Potion"},{"floor":13.0,"key":"SpeedPotion"},{"floor":18.0,"key":"Explosive Potion"},{"floor":20,"key":"Strength Potion"},{"floor":21,"key":"Fire Potion"},{"floor":35,"key":"Strength Potion"},{"floor":36,"key":"FearPotion"},{"floor":38,"key":"EssenceOfSteel"},{"floor":48,"key":"Block Potion"}],"is_trial":false,"path_per_floor":["T","?","M","$","M","?","?","?","?","?","?"],"character_chosen":"IRONCLAD","items_purchased":["Battle Trance","Feel No Pain","Whirlwind","Pummel","Metallicize","Chemical X"],"campfire_rested":1,"item_purchase_floors":[3,3,14,29,29,39],"current_hp_per_floor":[80,80,80,80,76,56,58,58,58,58,62,62,59,59,59,52,90,90,90,84,72,60,60,38,38,38,17,30,30,30,30,30,19,42,42,42,42,42,42,42,42,42,49,45,45,45,45,49,49,49],"gold":386,"neow_bonus":"UPGRADE_CARD","is_prod":false,"is_daily":false,"chose_seed":false,"campfire_upgraded":11,"win_rate":0,"timestamp":1559693800,"path_taken":["M","?","$","?","M","E","?","R","T","R","M","R","E","?","R","BOSS","M","$","M","M","?","R","E","?","T","E","R","$","R","?","R","BOSS","M","?","?","M","$","R","E","R","T","E","R","?","?","E","R","BOSS"],"build_version":"2019-01-23","purchased_purges":4,"victory":true,"max_hp_per_floor":[80,80,80,80,80,80,80,80,80,80,80,80,90,90,90,90,90,90,90,90,90,90,90,90,45,45,45,45,42,42,42,42,42,42,42,42,42,42,42,42,42,42,49,49,49,49,49,49,49,49],"card_choices":[{"not_picked":["True Grit","Body Slam"],"picked":"Metallicize","floor":1.0},{"not_picked":["Cleave","Warcry"],"picked":"Hemokinesis","floor":5.0},{"not_picked":["Twin Strike","Cleave"],"picked":"Limit Break","floor":6.0},{"not_picked":["Perfected Strike","Combust"],"picked":"Anger","floor":7.0},{"not_picked":["Warcry","Seeing Red"],"picked":"Corruption","floor":11.0},{"not_picked":["Ghostly Armor","Seeing Red"],"picked":"Clothesline","floor":13.0},{"not_picked":["Impervious","Offering"],"picked":"Demon Form","floor":16.0},{"not_picked":["Warcry+1","Clash"],"picked":"Sword Boomerang+1","floor":18.0},{"not_picked":["Cleave","Fire Breathing+1","Rupture"],"picked":"SKIP","floor":20},{"not_picked":["Reckless Charge","Flex+1"],"picked":"True Grit+1","floor":21},{"not_picked":["Clash+1","Iron Wave","Headbutt"],"picked":"SKIP","floor":22},{"not_picked":["Disarm","Twin Strike+1"],"picked":"Shrug It Off+1","floor":24},{"not_picked":["Pommel Strike","Clothesline","Warcry+1"],"picked":"SKIP","floor":27},{"not_picked":["Fiend Fire","Juggernaut"],"picked":"Offering","floor":33},{"not_picked":["Twin Strike","Clothesline"],"picked":"Heavy Blade","floor":35},{"not_picked":["Clash+1","Armaments+1"],"picked":"True Grit+1","floor":36},{"not_picked":["Perfected Strike+1","Spot Weakness+1","Power Through+1"],"picked":"SKIP","floor":38},{"not_picked":["Spot Weakness+1","Rage","Cleave"],"picked":"SKIP","floor":41},{"not_picked":["Shockwave+1","Shrug It Off+1"],"picked":"Whirlwind","floor":44},{"not_picked":["Rupture+1","Feel No Pain+1"],"picked":"Offering+1","floor":48}],"player_experience":14507,"relics_obtained":[{"floor":2.0,"key":"Pen Nib"},{"floor":6.0,"key":"Dodecahedron"},{"floor":9.0,"key":"Matryoshka"},{"floor":13.0,"key":"Pear"},{"floor":24,"key":"MawBank"},{"floor":26,"key":"Ornamental Fan"},{"floor":26,"key":"Blood Vial"},{"floor":27,"key":"Old Coin"},{"floor":36,"key":"FossilizedHelix"},{"floor":41,"key":"Ginger"},{"floor":43,"key":"Strawberry"},{"floor":43,"key":"Toxic Egg 2"},{"floor":44,"key":"Nunchaku"},{"floor":48,"key":"Anchor"}],"event_choices":[{"cards_removed":["Strike_R"],"damage_healed":0.0,"max_hp_gain":0.0,"max_hp_loss":0.0,"gold_gain":0.0,"event_name":"Bonfire Elementals","player_choice":"Offered Basic","floor":4.0,"gold_loss":0.0,"damage_taken":0.0},{"damage_healed":0,"gold_gain":0,"player_choice":"Became a Ghost","damage_taken":0,"max_hp_gain":0,"max_hp_loss":45,"event_name":"Ghosts","floor":25,"gold_loss":0,"cards_obtained":["Ghostly","Ghostly","Ghostly","Ghostly","Ghostly"]},{"damage_healed":0,"gold_gain":0,"player_choice":"Ignored","damage_taken":0,"max_hp_gain":0,"max_hp_loss":0,"event_name":"Vampires","floor":31,"gold_loss":0},{"damage_healed":0,"gold_gain":0,"player_choice":"Fight","damage_taken":0,"max_hp_gain":0,"max_hp_loss":0,"event_name":"MindBloom","floor":36,"gold_loss":0},{"damage_healed":0,"gold_gain":0,"player_choice":"Ignored","damage_taken":0,"max_hp_gain":0,"max_hp_loss":0,"event_name":"Tomb of Lord Red Mask","floor":37,"gold_loss":0},{"cards_removed":["Strike_R"],"damage_healed":0,"gold_gain":0,"player_choice":"Removed Attack","damage_taken":0,"max_hp_gain":0,"max_hp_loss":0,"event_name":"Falling","floor":46,"gold_loss":0},{"damage_healed":0,"gold_gain":100,"player_choice":"Pray","damage_taken":0,"max_hp_gain":0,"max_hp_loss":0,"event_name":"Golden Shrine","floor":47,"gold_loss":0}],"is_beta":false,"boss_relics":[{"not_picked":["Eternal Feather","Runic Dome"],"picked":"Cursed Key"},{"not_picked":["Calling Bell","Philosopher\u0027s Stone"],"picked":"White Beast Statue"}],"items_purged_floors":[14,19,29,39],"is_endless":false,"potions_floor_spawned":[11,13,18,20,21,27,35,36,38,41,44,48],"ascension_level":2}