{"gold_per_floor":[119,119,119,130,130,130,162,162,162,182,214,232,76,86,86,185,185,199,219,219,231,65,65],"floor_reached":23,"playtime":1207,"items_purged":["Strike_R"],"score":226,"play_id":"44c81761-9210-4dd0-a1d0-6e954d3ea0dd","local_time":"20190530225112","is_ascension_mode":false,"campfire_choices":[{"floor":6.0,"key":"RECALL"},{"data":"Inflame","floor":8.0,"key":"SMITH"},{"data":"Combust","floor":15,"key":"SMITH"}],"neow_cost":"NONE","seed_source_timestamp":105182406391643,"circlet_count":0,"master_deck":["Strike_R","Strike_R","Strike_R","Strike_R","Defend_R","Defend_R","Defend_R","Defend_R","Bash","Flex","Inflame+1","Dropkick+1","Sever Soul+1","Combust+1","Madness","Blood for Blood+1","Double Tap","Rupture","Twin Strike+1","Headbutt+1","Corruption","Impatience"],"special_seed":0,"relics":["Burning Blood","NeowsBlessing","Vajra","Bottled Tornado","Molten Egg 2","Boot","Mark of Pain"],"potions_floor_usage":[14,16,19,21],"damage_taken":[{"damage":0.0,"enemies":"2 Louse","floor":1.0,"turns":1.0},{"damage":0.0,"enemies":"Small Slimes","floor":4.0,"turns":1.0},{"damage":0.0,"enemies":"Gremlin Nob","floor":7.0,"turns":1.0},{"damage":0.0,"enemies":"Cultist","floor":10.0,"turns":2.0},{"damage":26.0,"enemies":"Lagavulin","floor":11.0,"turns":4.0},{"damage":6.0,"enemies":"Exordium Wildlife","floor":12.0,"turns":3.0},{"damage":14,"enemies":"Gremlin Gang","floor":14,"turns":4},{"damage":27,"enemies":"Hexaghost","floor":16,"turns":6},{"damage":12,"enemies":"Chosen","floor":18,"turns":3},{"damage":16,"enemies":"2 Thieves","floor":19,"turns":3},{"damage":17,"enemies":"Snake Plant","floor":21,"turns":3},{"damage":56,"enemies":"Slavers","floor":23,"turns":3}],"seed_played":"-901581081557546929","potions_obtained":[{"floor":4.0,"key":"FearPotion"},{"floor":10.0,"key":"Poison Potion"},{"floor":11.0,"key":"Weak Potion"},{"floor":12.0,"key":"PowerPotion"},{"floor":18,"key":"LiquidBronze"},{"floor":19,"key":"EssenceOfSteel"}],"is_trial":false,"path_per_floor":["M","?","?","M","?","R","E","R","T","M","E","M","$","M","R","B",null,"M","M","?","M","$","E"],"character_chosen":"IRONCLAD","items_purchased":["Madness","Corruption","Impatience"],"campfire_rested":0,"item_purchase_floors":[13,22,22],"current_hp_per_floor":[80,80,80,80,80,80,80,80,80,80,60,60,60,52,52,31,80,74,64,64,53,53,0],"gold":65,"neow_bonus":"THREE_ENEMY_KILL","is_prod":false,"is_daily":false,"chose_seed":false,"campfire_upgraded":2,"win_rate":0,"timestamp":1559220672,"path_taken":["M","?","?","M","?","R","E","R","T","?","E","M","$","M","R","BOSS","M","M","?","M","$","E"],"build_version":"2019-01-23","purchased_purges":1,"victory":false,"max_hp_per_floor":[80,80,80,80,80,80,80,80,80,80,80,80,80,80,80,80,80,80,80,80,80,80,80],"card_choices":[{"not_picked":["Anger","Perfected Strike"],"picked":"Flex","floor":1.0},{"not_picked":["Body Slam","Anger"],"picked":"Inflame","floor":4.0},{"not_picked":["Rampage","Corruption","Flex"],"picked":"SKIP","floor":7.0},{"not_picked":["Iron Wave+1","Armaments"],"picked":"Dropkick+1","floor":10.0},{"not_picked":["Second Wind","Body Slam+1"],"picked":"Sever Soul+1","floor":11.0},{"not_picked":["True Grit","Whirlwind+1"],"picked":"Combust","floor":12.0},{"not_picked":["Uppercut+1","Wild Strike+1"],"picked":"Blood for Blood+1","floor":14},{"not_picked":["Reaper+1","Berserk"],"picked":"Double Tap","floor":16},{"not_picked":["Battle Trance","Metallicize"],"picked":"Rupture","floor":18},{"not_picked":["Warcry+1","Disarm"],"picked":"Twin Strike+1","floor":19},{"not_picked":["Infernal Blade","Perfected Strike+1"],"picked":"Headbutt+1","floor":21}],"player_experience":2024228,"relics_obtained":[{"floor":7.0,"key":"Bottled Tornado"},{"floor":9.0,"key":"Molten Egg 2"},{"floor":11.0,"key":"Boot"}],"event_choices":[{"damage_healed":0.0,"max_hp_gain":0.0,"max_hp_loss":0.0,"gold_gain":0.0,"event_name":"Shining Light","player_choice":"Ignored","floor":2.0,"gold_loss":0.0,"damage_taken":0.0},{"damage_healed":0.0,"max_hp_gain":0.0,"max_hp_loss":0.0,"gold_gain":0.0,"event_name":"Big Fish","player_choice":"Box","floor":3.0,"gold_loss":0.0,"damage_taken":0.0,"relics_obtained":["Vajra"],"cards_obtained":["Regret"]},{"cards_removed":["Regret"],"damage_healed":0.0,"max_hp_gain":0.0,"max_hp_loss":0.0,"gold_gain":0.0,"event_name":"Purifier","player_choice":"Purged","floor":5.0,"gold_loss":0.0,"damage_taken":0.0},{"damage_healed":0,"gold_gain":0,"player_choice":"Ignored","damage_taken":0,"max_hp_gain":0,"max_hp_loss":0,"event_name":"NoteForYourself","floor":20,"gold_loss":0}],"is_beta":false,"boss_relics":[{"not_picked":["White Beast Statue","Tiny House"],"picked":"Mark of Pain"}],"items_purged_floors":[13],"is_endless":false,"potions_floor_spawned":[4,10,11,12,18,19],"killed_by":"Slavers","ascension_level":0}