{"gold_per_floor":[118,43,43,53,71,71,82,97,97,112,112,142,158,169,169,247,247,266,284,302,8,25,25,39,72,129,139,64,90,49,49,49,49],"floor_reached":33,"playtime":1692,"items_purged":["Strike_B"],"score":513,"play_id":"a4e5a85a-bb8c-4e5b-91a9-2a534799effd","local_time":"20190619170343","is_ascension_mode":true,"campfire_choices":[{"data":"Zap","floor":6.0,"key":"SMITH"},{"data":"Rip and Tear","floor":11.0,"key":"SMITH"},{"floor":15.0,"key":"REST"},{"data":"Biased Cognition","floor":23.0,"key":"SMITH"},{"floor":32,"key":"DIG"}],"neow_cost":"NONE","seed_source_timestamp":0,"circlet_count":0,"master_deck":["AscendersBane","Strike_B+1","Defend_B","Defend_B","Defend_B","Defend_B","Zap+1","Dualcast","White Noise","Rip and Tear+1","Reinforced Body","Coolheaded","Undo","Sweeping Beam","Biased Cognition+1","Undo","Coolheaded+1","Glacier","Static Discharge","Buffer","Hologram","White Noise"],"special_seed":0,"relics":["Cracked Core","Whetstone","Boot","Dead Branch","Singing Bowl","Coffee Dripper","PreservedInsect","Blood Vial","Tiny Chest","Shovel","MutagenicStrength","Bird Faced Urn"],"potions_floor_usage":[27,29,33],"damage_taken":[{"damage":2.0,"enemies":"Small Slimes","floor":1.0,"turns":4.0},{"damage":2.0,"enemies":"Jaw Worm","floor":4.0,"turns":3.0},{"damage":0.0,"enemies":"Cultist","floor":5.0,"turns":4.0},{"damage":17.0,"enemies":"3 Louse","floor":7.0,"turns":3.0},{"damage":11.0,"enemies":"Blue Slaver","floor":8.0,"turns":3.0},{"damage":0.0,"enemies":"Large Slime","floor":10.0,"turns":3.0},{"damage":39.0,"enemies":"Gremlin Nob","floor":12.0,"turns":5.0},{"damage":0.0,"enemies":"Exordium Wildlife","floor":13.0,"turns":2.0},{"damage":0.0,"enemies":"2 Fungi Beasts","floor":14.0,"turns":3.0},{"damage":24.0,"enemies":"The Guardian","floor":16.0,"turns":13.0},{"damage":0.0,"enemies":"Spheric Guardian","floor":18.0,"turns":3.0},{"damage":1.0,"enemies":"Shell Parasite","floor":19.0,"turns":6.0},{"damage":1.0,"enemies":"Cultist and Chosen","floor":20.0,"turns":6.0},{"damage":0.0,"enemies":"Snecko","floor":22.0,"turns":6.0},{"damage":15.0,"enemies":"Snake Plant","floor":24.0,"turns":4.0},{"damage":25.0,"enemies":"Slavers","floor":25.0,"turns":7.0},{"damage":1,"enemies":"Centurion and Healer","floor":27,"turns":15},{"damage":7,"enemies":"Book of Stabbing","floor":29,"turns":6},{"damage":46,"enemies":"Collector","floor":33,"turns":5}],"seed_played":"-6744381098989986194","potions_obtained":[{"floor":4.0,"key":"LiquidBronze"},{"floor":8.0,"key":"Regen Potion"},{"floor":12.0,"key":"FearPotion"},{"floor":13.0,"key":"Fruit Juice"},{"floor":14.0,"key":"Ancient Potion"},{"floor":24.0,"key":"Energy Potion"},{"floor":25.0,"key":"Poison Potion"},{"floor":27,"key":"Strength Potion"}],"is_trial":false,"path_per_floor":["M","?","T","M","M","R","M","M","T","M","R","E","M","M","R","B",null,"M","M","M","$","M","R","M","E","T","M","?","E","$","?","R","B"],"character_chosen":"DEFECT","items_purchased":["PreservedInsect","Static Discharge","White Noise"],"campfire_rested":1,"item_purchase_floors":[21,21,30],"current_hp_per_floor":[62,62,62,60,60,60,43,32,32,32,32,9,14,16,40,16,64,64,63,62,62,64,64,49,26,26,27,27,24,24,24,24,0],"gold":49,"neow_bonus":"RANDOM_COMMON_RELIC","is_prod":false,"is_daily":false,"chose_seed":false,"campfire_upgraded":3,"win_rate":0,"timestamp":1560956623,"path_taken":["M","?","?","?","M","R","M","M","T","M","R","E","M","M","R","BOSS","M","M","M","$","M","R","M","E","T","M","?","E","$","?","R","BOSS"],"build_version":"2019-01-23","purchased_purges":1,"victory":false,"max_hp_per_floor":[71,71,71,71,71,71,71,71,71,71,71,73,78,80,80,80,80,80,80,80,80,82,82,82,84,84,84,84,86,86,86,86,86],"card_choices":[{"not_picked":["Stack","Beam Cell","Steam"],"picked":"SKIP","floor":1.0},{"not_picked":["Redo","Hologram"],"picked":"White Noise","floor":4.0},{"not_picked":["Loop","Steam"],"picked":"Rip and Tear","floor":5.0},{"not_picked":["Cold Snap","Rainbow"],"picked":"Reinforced Body","floor":7.0},{"not_picked":["Redo","Barrage"],"picked":"Coolheaded","floor":8.0},{"not_picked":["Capacitor","Turbo"],"picked":"Undo","floor":10.0},{"not_picked":["Auto Shields","Skim","Rebound"],"picked":"Singing Bowl","floor":12.0},{"not_picked":["White Noise","Stack"],"picked":"Sweeping Beam","floor":13.0},{"not_picked":["Storm","Stack","Reprogram"],"picked":"Singing Bowl","floor":14.0},{"not_picked":["Reboot","Buffer"],"picked":"Biased Cognition","floor":16.0},{"not_picked":["Rip and Tear","Steam"],"picked":"Undo","floor":18.0},{"not_picked":["Cold Snap","Turbo"],"picked":"Coolheaded+1","floor":19.0},{"not_picked":["Conserve Battery","Reprogram"],"picked":"Glacier","floor":20.0},{"not_picked":["Sweeping Beam","Lockon","Tempest"],"picked":"Singing Bowl","floor":22.0},{"not_picked":["Gash","Compile Driver"],"picked":"Buffer","floor":24.0},{"not_picked":["Compile Driver","Sweeping Beam","Gash"],"picked":"Singing Bowl","floor":25.0},{"not_picked":["Coolheaded","Cold Snap"],"picked":"Hologram","floor":27},{"not_picked":["BootSequence","Rebound","Consume"],"picked":"Singing Bowl","floor":29}],"player_experience":784269,"relics_obtained":[{"floor":3.0,"key":"Boot"},{"floor":9.0,"key":"Dead Branch"},{"floor":12.0,"key":"Singing Bowl"},{"floor":25.0,"key":"Blood Vial"},{"floor":26.0,"key":"Tiny Chest"},{"floor":29,"key":"Shovel"},{"floor":32,"key":"Bird Faced Urn"}],"event_choices":[{"cards_removed":["Strike_B"],"damage_healed":0.0,"max_hp_gain":0.0,"max_hp_loss":0.0,"gold_gain":0.0,"event_name":"The Cleric","player_choice":"Card Removal","floor":2.0,"gold_loss":75.0,"damage_taken":0.0},{"cards_removed":["Strike_B"],"damage_healed":0,"gold_gain":0,"player_choice":"Gave Gold","damage_taken":0,"max_hp_gain":0,"max_hp_loss":0,"event_name":"Beggar","floor":28,"gold_loss":75},{"damage_healed":0,"gold_gain":0,"player_choice":"Inject Mutagens","damage_taken":0,"relics_obtained":["MutagenicStrength"],"max_hp_gain":0,"max_hp_loss":0,"event_name":"Drug Dealer","floor":31,"gold_loss":0}],"is_beta":false,"boss_relics":[{"not_picked":["Calling Bell","Philosopher\u0027s Stone"],"picked":"Coffee Dripper"}],"items_purged_floors":[21],"is_endless":false,"potions_floor_spawned":[4,8,12,13,14,18,19,24,25,27],"killed_by":"Collector","ascension_level":15}