{"gold_per_floor":[109,128,139,89,139,171,184,184,184,32,32,48,48,48,48,48],"floor_reached":16,"playtime":1017,"items_purged":[],"score":150,"play_id":"eb1c6f0f-cb71-422c-84fa-9ce593dc9bd9","local_time":"20190308160844","is_ascension_mode":true,"campfire_choices":[{"floor":8,"key":"REST"},{"data":"Pummel","floor":13,"key":"SMITH"},{"floor":15,"key":"REST"}],"neow_cost":"NONE","seed_source_timestamp":2385006384078,"circlet_count":0,"master_deck":["AscendersBane","Strike_R","Strike_R","Strike_R","Strike_R","Defend_R","Defend_R+1","Defend_R","Defend_R+1","Bash","Dramatic Entrance","Rupture","Pummel","Dual Wield+1","Ghostly Armor","Sever Soul+1","Pummel+1"],"special_seed":0,"relics":["Burning Blood","Lantern","War Paint","Bottled Tornado","Happy Flower","Pantograph"],"potions_floor_usage":[3,6,12,16],"damage_taken":[{"damage":0.0,"enemies":"2 Louse","floor":1.0,"turns":2.0},{"damage":3,"enemies":"Jaw Worm","floor":2,"turns":4},{"damage":3,"enemies":"Cultist","floor":3,"turns":4},{"damage":58,"enemies":"Lagavulin","floor":6,"turns":8},{"damage":0,"enemies":"3 Louse","floor":7,"turns":4},{"damage":5,"enemies":"Blue Slaver","floor":12,"turns":2},{"damage":88,"enemies":"Slime Boss","floor":16,"turns":11}],"seed_played":"4175152431880145319","potions_obtained":[{"floor":1.0,"key":"Dexterity Potion"},{"floor":3,"key":"Explosive Potion"},{"floor":6,"key":"Ancient Potion"},{"floor":7,"key":"Regen Potion"}],"is_trial":false,"path_per_floor":["M","M","M","?","T","E","M","R","T","$","?","M","R","?","R","B"],"character_chosen":"IRONCLAD","items_purchased":["Happy Flower"],"campfire_rested":2,"item_purchase_floors":[10],"current_hp_per_floor":[78,80,80,80,80,28,34,58,58,58,42,48,48,36,60,0],"gold":48,"neow_bonus":"RANDOM_COLORLESS","is_prod":false,"is_daily":false,"chose_seed":false,"campfire_upgraded":1,"win_rate":0,"timestamp":1552021724,"path_taken":["M","M","M","?","?","E","?","R","T","?","?","M","R","?","R","BOSS"],"build_version":"2019-01-23","purchased_purges":0,"victory":false,"max_hp_per_floor":[80,80,80,80,80,80,80,80,80,80,80,80,80,80,80,80],"card_choices":[{"not_picked":["Iron Wave","Evolve"],"picked":"Rupture","floor":1.0},{"not_picked":["Body Slam","Ghostly Armor"],"picked":"Pummel","floor":2},{"not_picked":["Clash","Anger"],"picked":"Dual Wield","floor":3},{"not_picked":["Evolve","Iron Wave"],"picked":"Ghostly Armor","floor":6},{"not_picked":["Headbutt","Bloodletting"],"picked":"Sever Soul","floor":7},{"not_picked":["Searing Blow","Warcry"],"picked":"Pummel","floor":12}],"player_experience":849976,"relics_obtained":[{"floor":5,"key":"Lantern"},{"floor":6,"key":"War Paint"},{"floor":9,"key":"Bottled Tornado"}],"event_choices":[{"cards_removed":["Strike_R"],"damage_healed":0,"gold_gain":0,"player_choice":"Card Removal","damage_taken":0,"max_hp_gain":0,"max_hp_loss":0,"event_name":"The Cleric","floor":4,"gold_loss":50},{"damage_healed":0,"gold_gain":0,"player_choice":"Entered Light","damage_taken":16,"max_hp_gain":0,"max_hp_loss":0,"event_name":"Shining Light","floor":11,"gold_loss":0,"cards_upgraded":["Sever Soul","Defend_R"]},{"damage_healed":0,"gold_gain":0,"player_choice":"Success","damage_taken":12,"relics_obtained":["Pantograph"],"max_hp_gain":0,"max_hp_loss":0,"event_name":"Scrap Ooze","floor":14,"gold_loss":0}],"is_beta":false,"boss_relics":[],"items_purged_floors":[],"is_endless":false,"potions_floor_spawned":[1,3,6,7],"killed_by":"Slime Boss","ascension_level":10}