{"gold_per_floor":[99,24,24,24,24,24,24,24,24,24,24,24,24,24,24,24,24,24,24,24,24,24,24,24,24,24,24,24],"floor_reached":28,"playtime":969,"items_purged":[],"score":529,"play_id":"b801f417-4c10-4645-81e3-ae61171fc972","local_time":"20190614212013","is_ascension_mode":true,"campfire_choices":[{"data":"Streamline","floor":6,"key":"SMITH"},{"data":"Coolheaded","floor":8,"key":"SMITH"},{"data":"Barrage","floor":10,"key":"SMITH"},{"floor":15,"key":"REST"},{"data":"Chill","floor":27,"key":"SMITH"}],"neow_cost":"NONE","seed_source_timestamp":29938910743453,"circlet_count":0,"master_deck":["AscendersBane","Defend_B+1","Defend_B+1","Defend_B+1","Defend_B+1","Zap","Dualcast","Coolheaded+1","Barrage+1","Streamline+1","Cold Snap","Rainbow","Static Discharge","Hyperbeam","Chill+1","Reinforced Body","Bite","Bite","Bite","Bite","Sunder+1","Biased Cognition"],"relics":["Ectoplasm","Orichalcum","Sozu","Gambling Chip","Molten Egg 2"],"potions_floor_usage":[16,16],"damage_taken":[{"damage":2,"enemies":"Jaw Worm","floor":1,"turns":3},{"damage":0,"enemies":"Small Slimes","floor":4,"turns":4},{"damage":0,"enemies":"Cultist","floor":5,"turns":3},{"damage":3,"enemies":"Large Slime","floor":7,"turns":6},{"damage":12,"enemies":"Lots of Slimes","floor":12,"turns":4},{"damage":17,"enemies":"Gremlin Nob","floor":14,"turns":4},{"damage":0,"enemies":"Slime Boss","floor":16,"turns":3},{"damage":4,"enemies":"Shell Parasite","floor":18,"turns":4},{"damage":0,"enemies":"Spheric Guardian","floor":19,"turns":3},{"damage":23,"enemies":"Centurion and Healer","floor":22,"turns":8},{"damage":39,"enemies":"Gremlin Leader","floor":24,"turns":6},{"damage":4,"enemies":"Cultist and Chosen","floor":25,"turns":3},{"damage":55,"enemies":"Book of Stabbing","floor":28,"turns":6}],"seed_played":"1838408876439408192","potions_obtained":[{"floor":4,"key":"AttackPotion"},{"floor":5,"key":"FearPotion"},{"floor":7,"key":"Fire Potion"}],"is_trial":false,"path_per_floor":["M","?","$","M","M","R","M","R","T","R","?","M","$","E","R","B",null,"M","M","?","?","M","?","E","M","T","R","E"],"character_chosen":"DEFECT","items_purchased":[],"campfire_rested":1,"item_purchase_floors":[],"current_hp_per_floor":[62,62,62,62,62,62,59,59,59,59,52,42,42,27,48,50,66,64,66,66,71,64,64,41,41,41,41,0],"gold":24,"neow_bonus":"BOSS_RELIC","is_prod":false,"is_daily":false,"chose_seed":false,"campfire_upgraded":4,"win_rate":0,"timestamp":1560540013,"path_taken":["M","?","?","M","M","R","M","R","T","R","?","M","$","E","R","BOSS","M","M","?","?","?","?","E","M","T","R","E"],"build_version":"2019-01-23","purchased_purges":0,"victory":false,"max_hp_per_floor":[71,71,71,71,71,71,71,71,71,71,71,71,71,71,71,71,71,71,71,71,71,71,71,71,71,71,71,71],"card_choices":[{"not_picked":["Streamline","Static Discharge"],"picked":"Coolheaded","floor":1},{"not_picked":["Heatsinks","Leap"],"picked":"Barrage","floor":4},{"not_picked":["Hologram","Blizzard"],"picked":"Streamline","floor":5},{"not_picked":["Melter","Gash"],"picked":"Cold Snap","floor":7},{"not_picked":["Force Field","Turbo"],"picked":"Rainbow","floor":12},{"not_picked":["Hello World","Barrage"],"picked":"Static Discharge","floor":14},{"not_picked":["Rainbow","Core Surge"],"picked":"Hyperbeam","floor":16},{"not_picked":["Conserve Battery","BootSequence"],"picked":"Chill","floor":18},{"not_picked":["Leap","Steam"],"picked":"Reinforced Body","floor":19},{"not_picked":["Gash","Auto Shields"],"picked":"Sunder+1","floor":22},{"not_picked":["Barrage","Chaos"],"picked":"Biased Cognition","floor":24},{"not_picked":["Barrage","Go for the Eyes","Gash"],"picked":"SKIP","floor":25}],"player_experience":768350,"relics_obtained":[{"floor":9,"key":"Blood Vial"},{"floor":14,"key":"Orichalcum"},{"floor":24,"key":"Gambling Chip"},{"floor":26,"key":"Molten Egg 2"}],"event_choices":[{"cards_removed":["Strike_B"],"damage_healed":0,"gold_gain":0,"player_choice":"Card Removal","damage_taken":0,"max_hp_gain":0,"max_hp_loss":0,"event_name":"The Cleric","floor":2,"gold_loss":75},{"cards_removed":["Strike_B"],"damage_healed":0,"gold_gain":0,"player_choice":"Card Removal","damage_taken":7,"max_hp_gain":0,"max_hp_loss":0,"event_name":"Golden Wing","floor":11,"gold_loss":0},{"damage_healed":0,"gold_gain":0,"player_choice":"Became a vampire (Vial)","damage_taken":0,"max_hp_gain":0,"max_hp_loss":0,"event_name":"Vampires","floor":20,"relics_lost":["Blood Vial"],"gold_loss":0,"cards_obtained":["Bite","Bite","Bite","Bite","Bite"]},{"cards_removed":["Bite"],"damage_healed":5,"gold_gain":0,"player_choice":"Offered Special","damage_taken":0,"max_hp_gain":0,"max_hp_loss":0,"event_name":"Bonfire Elementals","floor":21,"gold_loss":0},{"damage_healed":0,"gold_gain":0,"player_choice":"Simplicity","damage_taken":0,"max_hp_gain":0,"max_hp_loss":0,"event_name":"Back to Basics","floor":23,"gold_loss":0,"cards_upgraded":["Defend_B","Defend_B","Defend_B","Defend_B"]}],"is_beta":false,"boss_relics":[{"not_picked":["Empty Cage","Busted Crown"],"picked":"Sozu"}],"items_purged_floors":[],"is_endless":false,"potions_floor_spawned":[4,5,7,14,18,22,25],"killed_by":"Book of Stabbing","ascension_level":15}