{"gold_per_floor":[117,67,67,82,99,99,129,129,156,156,167,167,13,46,46,142,142,152,152,162,162],"floor_reached":21,"playtime":796,"items_purged":[],"score":271,"play_id":"4ddfde21-a621-47f0-9ca8-7b989d520c60","local_time":"20190617233836","is_ascension_mode":true,"campfire_choices":[{"data":"Anger","floor":6.0,"key":"SMITH"},{"data":"Berserk","floor":8.0,"key":"SMITH"},{"data":"Bash","floor":10.0,"key":"SMITH"},{"data":"Clash","floor":15,"key":"SMITH"}],"neow_cost":"NONE","seed_source_timestamp":1247103243335773,"circlet_count":0,"master_deck":["Defend_R","Defend_R","Defend_R","Defend_R","Bash+1","Berserk+1","Anger+1","Reaper","Pommel Strike","Clash+1","Demon Form","Clash+1"],"special_seed":0,"relics":["Burning Blood","Strawberry","Orichalcum","Bronze Scales","Dream Catcher","Empty Cage"],"potions_floor_usage":[14],"damage_taken":[{"damage":4.0,"enemies":"2 Louse","floor":1.0,"turns":3.0},{"damage":0.0,"enemies":"Cultist","floor":4.0,"turns":4.0},{"damage":4.0,"enemies":"Small Slimes","floor":5.0,"turns":4.0},{"damage":60.0,"enemies":"3 Sentries","floor":7.0,"turns":10.0},{"damage":1.0,"enemies":"2 Fungi Beasts","floor":11.0,"turns":3.0},{"damage":10,"enemies":"Gremlin Nob","floor":14,"turns":3},{"damage":25,"enemies":"Hexaghost","floor":16,"turns":6},{"damage":59,"enemies":"2 Thieves","floor":18,"turns":4},{"damage":19,"enemies":"Shell Parasite","floor":20,"turns":4},{"damage":22,"enemies":"Snecko","floor":21,"turns":2}],"seed_played":"-7859008348403321793","potions_obtained":[{"floor":1.0,"key":"GamblersBrew"},{"floor":7.0,"key":"Strength Potion"}],"is_trial":false,"path_per_floor":["?","?","M","?","?","M"],"character_chosen":"IRONCLAD","items_purchased":["Bronze Scales"],"campfire_rested":0,"item_purchase_floors":[13],"current_hp_per_floor":[74,74,74,80,80,80,41,41,41,41,46,39,39,35,35,22,71,27,27,19,0],"gold":162,"neow_bonus":"ONE_RANDOM_RARE_CARD","is_prod":false,"is_daily":false,"chose_seed":false,"campfire_upgraded":4,"win_rate":0,"timestamp":1560807516,"path_taken":["M","?","?","M","?","R","E","R","T","R","M","?","$","E","R","BOSS","M","?","?","M"],"build_version":"2019-01-23","purchased_purges":0,"victory":false,"max_hp_per_floor":[80,80,80,80,80,80,87,87,87,87,87,87,87,87,87,87,87,87,87,87,87],"card_choices":[{"not_picked":["Corruption","Dropkick"],"picked":"Anger","floor":1.0},{"not_picked":["Reckless Charge","Perfected Strike","Twin Strike"],"picked":"SKIP","floor":4.0},{"not_picked":["Iron Wave","Clash"],"picked":"Pommel Strike","floor":5.0},{"not_picked":["Heavy Blade","Flex","Sever Soul"],"picked":"SKIP","floor":7.0},{"not_picked":["Dark Embrace","Thunderclap","Havoc"],"picked":"SKIP","floor":11.0},{"not_picked":["Anger","Shockwave"],"picked":"Clash","floor":14},{"not_picked":["Juggernaut","Dark Embrace"],"picked":"Demon Form","floor":16},{"not_picked":["Body Slam","Shrug It Off"],"picked":"Clash+1","floor":18},{"not_picked":["Body Slam","Armaments","Thunderclap"],"picked":"SKIP","floor":20}],"player_experience":51661,"relics_obtained":[{"floor":7.0,"key":"Strawberry"},{"floor":9.0,"key":"Orichalcum"},{"floor":14,"key":"Dream Catcher"}],"event_choices":[{"cards_removed":["Strike_R"],"damage_healed":0.0,"max_hp_gain":0.0,"max_hp_loss":0.0,"gold_gain":0.0,"event_name":"The Cleric","player_choice":"Card Removal","floor":2.0,"gold_loss":50.0,"damage_taken":0.0},{"damage_healed":0.0,"max_hp_gain":0.0,"max_hp_loss":0.0,"gold_gain":0.0,"event_name":"Match and Keep!","player_choice":"1 cards matched","floor":3.0,"gold_loss":0.0,"damage_taken":0.0,"cards_obtained":["Reaper"]},{"cards_removed":["Strike_R"],"damage_healed":0.0,"max_hp_gain":0.0,"max_hp_loss":0.0,"gold_gain":0.0,"event_name":"Golden Wing","player_choice":"Card Removal","floor":12.0,"gold_loss":0.0,"damage_taken":7.0},{"cards_removed":["Strike_R"],"damage_healed":0,"gold_gain":0,"player_choice":"Offered Basic","damage_taken":0,"max_hp_gain":0,"max_hp_loss":0,"event_name":"Bonfire Elementals","floor":19,"gold_loss":0}],"is_beta":false,"boss_relics":[{"not_picked":["Calling Bell","Velvet Choker"],"picked":"Empty Cage"}],"items_purged_floors":[],"is_endless":false,"potions_floor_spawned":[1,7],"killed_by":"Snecko","ascension_level":9}