{"gold_per_floor":[118,138,154,329,329,329,356,367,367,392,362,362,375,42,42,142,142,161,12,31,31,5,5,39,39,39,53,68,86,86,116,116,217,217,235,33,133,133],"floor_reached":38,"playtime":10933,"items_purged":[],"score":616,"play_id":"af0073d5-6ff0-4449-ae04-2970246ece97","local_time":"20190302154858","is_ascension_mode":true,"campfire_choices":[{"data":"Flex","floor":6,"key":"SMITH"},{"data":"True Grit","floor":12,"key":"SMITH"},{"floor":15,"key":"REST"},{"data":"Double Tap","floor":23,"key":"SMITH"},{"data":"Heavy Blade","floor":25,"key":"SMITH"},{"floor":30,"key":"REST"},{"floor":32,"key":"REST"}],"neow_cost":"NONE","seed_source_timestamp":42332814524828,"circlet_count":0,"master_deck":["Strike_R","Strike_R","Strike_R","Defend_R","Defend_R","Defend_R","Bash","Flex+1","Heavy Blade+1","Metallicize","Iron Wave","Pummel","True Grit+1","Seeing Red","Ghostly Armor","Burning Pact","Combust","Brutality+1","Battle Trance+1","Berserk+1","Corruption","Double Tap+1","Feel No Pain+1","Cleave","Twin Strike+1","Heavy Blade","Cleave","Pommel Strike+1","Immolate","Dark Embrace","Pommel Strike","Body Slam+1"],"relics":["Burning Blood","NeowsBlessing","Strawberry","Pear","Charon\u0027s Ashes","PreservedInsect","Astrolabe","Happy Flower","Matryoshka","Blue Candle","Busted Crown","Boot","Torii"],"potions_floor_usage":[7,13,16,16,28,29,33,35],"damage_taken":[{"damage":0,"enemies":"Cultist","floor":1,"turns":1},{"damage":0,"enemies":"Jaw Worm","floor":2,"turns":1},{"damage":0,"enemies":"2 Louse","floor":3,"turns":1},{"damage":28,"enemies":"3 Sentries","floor":7,"turns":10},{"damage":8,"enemies":"Looter","floor":8,"turns":4},{"damage":46,"enemies":"Lagavulin","floor":10,"turns":7},{"damage":11,"enemies":"Gremlin Gang","floor":13,"turns":4},{"damage":52,"enemies":"Hexaghost","floor":16,"turns":11},{"damage":31,"enemies":"2 Thieves","floor":18,"turns":4},{"damage":24,"enemies":"Chosen","floor":20,"turns":5},{"damage":46,"enemies":"Slavers","floor":24,"turns":4},{"damage":22,"enemies":"Snecko","floor":27,"turns":4},{"damage":26,"enemies":"Centurion and Healer","floor":28,"turns":4},{"damage":26,"enemies":"Snake Plant","floor":29,"turns":5},{"damage":23,"enemies":"Gremlin Leader","floor":31,"turns":4},{"damage":36,"enemies":"Automaton","floor":33,"turns":6},{"damage":19,"enemies":"Orb Walker","floor":35,"turns":4},{"damage":29,"enemies":"Mind Bloom Boss Battle","floor":37,"turns":6},{"damage":51,"enemies":"2 Orb Walkers","floor":38,"turns":2}],"seed_played":"1086907424435793104","potions_obtained":[{"floor":1,"key":"Explosive Potion"},{"floor":8,"key":"Swift Potion"},{"floor":11,"key":"Weak Potion"},{"floor":11,"key":"SteroidPotion"},{"floor":20,"key":"Dexterity Potion"},{"floor":27,"key":"Explosive Potion"},{"floor":28,"key":"Block Potion"},{"floor":31,"key":"SteroidPotion"},{"floor":33,"key":"Swift Potion"}],"is_trial":false,"path_per_floor":["M","M","M","?","?","R","E","M","T","E","?","R","M","$","R","B",null,"M","$","M","?","$","R","E","R","T","M","M","M","R","E","R","B",null,"M","$","?","?"],"character_chosen":"IRONCLAD","items_purchased":["Ghostly Armor","Burning Pact","Combust","PreservedInsect","Double Tap","Cleave","Boot","SteroidPotion"],"campfire_rested":3,"item_purchase_floors":[14,14,14,14,19,22,36,36],"current_hp_per_floor":[78,80,80,80,80,80,65,63,73,33,33,33,28,28,57,11,76,51,51,33,107,107,107,67,67,67,51,31,11,43,26,58,28,87,74,74,51,0],"gold":133,"neow_bonus":"THREE_ENEMY_KILL","is_prod":false,"is_daily":false,"chose_seed":false,"campfire_upgraded":4,"win_rate":0,"timestamp":1551502138,"path_taken":["M","?","M","?","?","R","E","M","T","E","?","R","?","?","R","BOSS","M","?","M","?","$","R","E","R","T","M","M","?","R","E","R","BOSS","M","$","?","?"],"build_version":"2019-01-23","purchased_purges":0,"victory":false,"max_hp_per_floor":[80,80,80,80,80,80,87,87,97,97,97,97,97,97,97,97,97,97,97,97,107,107,107,107,107,107,107,107,107,107,107,107,107,107,107,107,107,107],"card_choices":[{"not_picked":["Entrench","Warcry"],"picked":"Flex","floor":1},{"not_picked":["Iron Wave","Warcry"],"picked":"Heavy Blade","floor":2},{"not_picked":["Clash","Second Wind"],"picked":"Metallicize","floor":3},{"not_picked":["Armaments","Thunderclap"],"picked":"Iron Wave","floor":7},{"not_picked":["Cleave","Immolate"],"picked":"Pummel","floor":8},{"not_picked":["Sentinel","Headbutt"],"picked":"True Grit","floor":10},{"not_picked":["Perfected Strike","Uppercut"],"picked":"Seeing Red","floor":13},{"not_picked":["Barricade","Bludgeon"],"picked":"Juggernaut","floor":16},{"not_picked":["Sword Boomerang","Headbutt"],"picked":"Corruption","floor":18},{"not_picked":["Flex","Heavy Blade"],"picked":"Feel No Pain+1","floor":20},{"not_picked":["Perfected Strike","True Grit"],"picked":"Twin Strike+1","floor":24},{"not_picked":["Uppercut","Armaments"],"picked":"Heavy Blade","floor":27},{"not_picked":["Uppercut","Iron Wave"],"picked":"Cleave","floor":28},{"not_picked":["Clothesline+1","Clash"],"picked":"Pommel Strike+1","floor":29},{"not_picked":["Pommel Strike","Sever Soul"],"picked":"Immolate","floor":31},{"not_picked":["Berserk","Double Tap"],"picked":"Dark Embrace","floor":33},{"not_picked":[],"picked":"Pommel Strike","floor":35},{"not_picked":[],"picked":"Body Slam+1","floor":37}],"player_experience":803259,"relics_obtained":[{"floor":7,"key":"Strawberry"},{"floor":9,"key":"Pear"},{"floor":10,"key":"Charon\u0027s Ashes"},{"floor":24,"key":"Happy Flower"},{"floor":26,"key":"Matryoshka"},{"floor":31,"key":"Blue Candle"},{"floor":37,"key":"Torii"}],"event_choices":[{"damage_healed":0,"gold_gain":175,"player_choice":"AGREE","damage_taken":0,"max_hp_gain":0,"max_hp_loss":0,"event_name":"Liars Game","floor":4,"gold_loss":0,"cards_obtained":["Doubt"]},{"cards_removed":["Doubt"],"damage_healed":0,"gold_gain":0,"player_choice":"Forget","damage_taken":0,"max_hp_gain":0,"max_hp_loss":0,"event_name":"Living Wall","floor":5,"gold_loss":0},{"damage_healed":0,"gold_gain":0,"player_choice":"Bought 2 Potions","damage_taken":0,"max_hp_gain":0,"max_hp_loss":0,"event_name":"The Woman in Blue","floor":11,"gold_loss":0},{"cards_removed":["Juggernaut"],"damage_healed":64,"gold_gain":0,"player_choice":"Offered Rare","damage_taken":0,"max_hp_gain":10,"max_hp_loss":0,"event_name":"Bonfire Elementals","floor":21,"gold_loss":0},{"damage_healed":0,"gold_gain":0,"player_choice":"Fight","damage_taken":0,"max_hp_gain":0,"max_hp_loss":0,"event_name":"MindBloom","floor":37,"gold_loss":0},{"damage_healed":0,"gold_gain":0,"player_choice":"Fight","damage_taken":0,"max_hp_gain":0,"max_hp_loss":0,"event_name":"Mysterious Sphere","floor":38,"gold_loss":0}],"is_beta":false,"boss_relics":[{"not_picked":["Velvet Choker","Empty Cage"],"picked":"Astrolabe"},{"not_picked":["Coffee Dripper","Eternal Feather"],"picked":"Busted Crown"}],"items_purged_floors":[],"is_endless":false,"potions_floor_spawned":[1,8,20,27,28,31,33],"killed_by":"2 Orb Walkers","ascension_level":8}