{"gold_per_floor":[116,128,1,1,1,1,18,18,86,118,129,147,147,147,147,245,245,264,277,44,55,65,94,94,123,150,150,165,165,195,207,207,309,309,326,372,372],"floor_reached":37,"playtime":7204,"items_purged":[],"score":515,"play_id":"59213852-3278-4e05-b382-c77e258d4a93","local_time":"20190217232809","is_ascension_mode":true,"campfire_choices":[{"data":"Enlightenment","floor":6.0,"key":"SMITH"},{"floor":13.0,"key":"REST"},{"data":"Noxious Fumes","floor":15.0,"key":"SMITH"},{"floor":24,"key":"REST"},{"data":"Apotheosis","floor":27,"key":"SMITH"},{"floor":29,"key":"REST"},{"floor":32,"key":"REST"}],"neow_cost":"NONE","seed_source_timestamp":0,"circlet_count":0,"master_deck":["Defend_G","Defend_G","Defend_G","Defend_G+1","Defend_G+1","Strike_G","Strike_G","Strike_G","Strike_G","Survivor","Neutralize","Noxious Fumes+1","Crippling Poison","Crippling Poison","Enlightenment+1","Backflip","Flying Knee","Leg Sweep","Cloak And Dagger","Footwork","Pain","Burst","Cloak And Dagger","Apotheosis+1","Bane","Blur","Deadly Poison","Prepared+1","Catalyst","Skewer","Deadly Poison","Corpse Explosion","Backflip+1","Well Laid Plans+1"],"special_seed":0,"relics":["Ring of the Snake","Bottled Flame","Blue Candle","WarpedTongs","Busted Crown","Question Card","Dead Branch","Pen Nib","Blood Vial","White Beast Statue","FossilizedHelix"],"potions_floor_usage":[18,21,21,25,33,35,36,37],"damage_taken":[{"damage":1.0,"enemies":"Jaw Worm","floor":1.0,"turns":4.0},{"damage":0.0,"enemies":"Cultist","floor":2.0,"turns":4.0},{"damage":0.0,"enemies":"Small Slimes","floor":7.0,"turns":3.0},{"damage":11.0,"enemies":"3 Sentries","floor":10.0,"turns":6.0},{"damage":3.0,"enemies":"Looter","floor":11.0,"turns":4.0},{"damage":0.0,"enemies":"2 Fungi Beasts","floor":12.0,"turns":4.0},{"damage":39.0,"enemies":"Hexaghost","floor":16.0,"turns":11.0},{"damage":9,"enemies":"Spheric Guardian","floor":18,"turns":8},{"damage":1,"enemies":"3 Byrds","floor":19,"turns":7},{"damage":14,"enemies":"Centurion and Healer","floor":21,"turns":5},{"damage":8,"enemies":"Snake Plant","floor":22,"turns":5},{"damage":8,"enemies":"Gremlin Leader","floor":23,"turns":8},{"damage":10,"enemies":"Book of Stabbing","floor":25,"turns":8},{"damage":2,"enemies":"Cultist and Chosen","floor":28,"turns":7},{"damage":34,"enemies":"Gremlin Leader","floor":30,"turns":5},{"damage":15,"enemies":"Centurion and Healer","floor":31,"turns":5},{"damage":20,"enemies":"Automaton","floor":33,"turns":8},{"damage":2,"enemies":"Orb Walker","floor":35,"turns":4},{"damage":65,"enemies":"2 Orb Walkers","floor":36,"turns":4},{"damage":12,"enemies":"3 Darklings","floor":37,"turns":3}],"seed_played":"7865414334546046371","potions_obtained":[{"floor":2.0,"key":"Fruit Juice"},{"floor":11.0,"key":"GhostInAJar"},{"floor":12.0,"key":"PowerPotion"},{"floor":16.0,"key":"Weak Potion"},{"floor":18,"key":"PowerPotion"},{"floor":19,"key":"Poison Potion"},{"floor":28,"key":"SpeedPotion"},{"floor":33,"key":"Block Potion"},{"floor":35,"key":"Dexterity Potion"},{"floor":36,"key":"Explosive Potion"}],"is_trial":false,"path_per_floor":["M","M","$","?","?","R","M","$","T","E","M","M","R","?","R","B",null,"M","M","$","M","M","E","R","E","T","R","M","R","E","M","R","B",null,"M","?","M"],"character_chosen":"THE_SILENT","items_purchased":["Enlightenment","Backflip","Apotheosis","Bane"],"campfire_rested":4,"item_purchase_floors":[3,3,20,20],"current_hp_per_floor":[69,69,69,55,48,48,48,48,48,42,39,39,61,61,61,22,75,66,65,65,51,43,35,57,47,47,47,45,67,33,20,42,24,75,73,10,0],"gold":372,"neow_bonus":"THREE_CARDS","is_prod":false,"is_daily":false,"chose_seed":false,"campfire_upgraded":3,"win_rate":0,"timestamp":1550406489,"path_taken":["M","M","$","?","?","R","M","?","T","E","M","?","R","?","R","BOSS","M","?","$","?","M","E","R","E","T","R","M","R","E","M","R","BOSS","M","?","M"],"build_version":"2019-01-23","purchased_purges":0,"victory":false,"max_hp_per_floor":[70,70,70,70,70,70,70,70,70,75,75,75,75,75,75,75,75,75,75,75,75,75,75,75,75,75,75,75,75,75,75,75,75,75,75,75,75],"card_choices":[{"not_picked":["Deflect","Dodge and Roll"],"picked":"Noxious Fumes","floor":0.0},{"not_picked":["Sucker Punch","Dodge and Roll"],"picked":"Crippling Poison","floor":1.0},{"not_picked":["Dodge and Roll","Well Laid Plans"],"picked":"Crippling Poison","floor":2.0},{"not_picked":["Blade Dance","Quick Slash"],"picked":"Flying Knee","floor":7.0},{"not_picked":["Slice","Outmaneuver"],"picked":"Leg Sweep","floor":10.0},{"not_picked":["Distraction","Riddle With Holes"],"picked":"Cloak And Dagger","floor":11.0},{"not_picked":["Night Terror","Riddle With Holes"],"picked":"Footwork","floor":12.0},{"not_picked":["Tools of the Trade","Adrenaline"],"picked":"Burst","floor":16.0},{"not_picked":["Sucker Punch"],"picked":"SKIP","floor":18},{"not_picked":[],"picked":"Cloak And Dagger","floor":19},{"not_picked":[],"picked":"Blur","floor":21},{"not_picked":[],"picked":"Deadly Poison","floor":22},{"not_picked":["Outmaneuver"],"picked":"SKIP","floor":23},{"not_picked":["Cloak And Dagger"],"picked":"Prepared+1","floor":25},{"not_picked":["Bane"],"picked":"Catalyst","floor":28},{"not_picked":["Flechettes+1"],"picked":"Skewer","floor":30},{"not_picked":["Outmaneuver+1"],"picked":"Deadly Poison","floor":31},{"not_picked":["Tools of the Trade"],"picked":"Corpse Explosion","floor":33},{"not_picked":["Flechettes"],"picked":"Backflip+1","floor":35},{"not_picked":["Deflect"],"picked":"Well Laid Plans+1","floor":36}],"player_experience":540030,"relics_obtained":[{"floor":9.0,"key":"Bottled Flame"},{"floor":10.0,"key":"Blue Candle"},{"floor":23,"key":"Question Card"},{"floor":25,"key":"Dead Branch"},{"floor":26,"key":"Pen Nib"},{"floor":30,"key":"Blood Vial"},{"floor":36,"key":"FossilizedHelix"}],"event_choices":[{"damage_healed":0.0,"max_hp_gain":0.0,"max_hp_loss":0.0,"gold_gain":0.0,"event_name":"Shining Light","player_choice":"Entered Light","floor":4.0,"gold_loss":0.0,"damage_taken":14.0,"cards_upgraded":["Defend_G","Defend_G"]},{"cards_removed":["Strike_G"],"damage_healed":0.0,"max_hp_gain":0.0,"max_hp_loss":0.0,"gold_gain":0.0,"event_name":"Golden Wing","player_choice":"Card Removal","floor":5.0,"gold_loss":0.0,"damage_taken":7.0},{"damage_healed":0.0,"max_hp_gain":0.0,"max_hp_loss":0.0,"gold_gain":0.0,"event_name":"Accursed Blacksmith","player_choice":"Rummage","floor":14.0,"gold_loss":0.0,"damage_taken":0.0,"relics_obtained":["WarpedTongs"],"cards_obtained":["Pain"]},{"damage_healed":0,"gold_gain":0,"player_choice":"Fight","damage_taken":0,"max_hp_gain":0,"max_hp_loss":0,"event_name":"Mysterious Sphere","floor":36,"gold_loss":0}],"is_beta":false,"boss_relics":[{"not_picked":["Empty Cage","Philosopher\u0027s Stone"],"picked":"Busted Crown"},{"not_picked":["HoveringKite","WristBlade"],"picked":"White Beast Statue"}],"items_purged_floors":[],"is_endless":false,"potions_floor_spawned":[2,11,12,16,18,19,28,33,35,36],"killed_by":"3 Darklings","ascension_level":4}