{"gold_per_floor":[214,7,7,20,20,20,52,52,75,87,7,17,32,52,52,156,156,170,46,60,60,60,91,17,17,17,28,28,45,45,58,58,161,161,181,121,139,194,94,94,127,127,127,153,153,163,163,196,208,220],"floor_reached":50,"playtime":2209,"items_purged":["Strike_R","Defend_R"],"score":708,"play_id":"2c58f2c6-5548-438b-87d7-55f21cd06672","local_time":"20190605010431","is_ascension_mode":true,"campfire_choices":[{"data":"Bash","floor":6.0,"key":"SMITH"},{"data":"Clash","floor":8.0,"key":"SMITH"},{"data":"Heavy Blade","floor":15.0,"key":"SMITH"},{"data":"Heavy Blade","floor":30.0,"key":"SMITH"},{"floor":32.0,"key":"REST"},{"data":"Whirlwind","floor":40,"key":"SMITH"},{"data":"Disarm","floor":49,"key":"SMITH"}],"neow_cost":"NONE","seed_source_timestamp":127623163012411,"circlet_count":0,"master_deck":["Strike_R+1","Strike_R+1","Strike_R+1","Defend_R+1","Defend_R+1","Bash+1","Clash+1","Whirlwind+1","Impervious+1","Heavy Blade+1","Rage+1","Anger+1","Reaper+1","Armaments+1","Heavy Blade+1","Rage+1","Metallicize+1","Clash+1","Metallicize+1","Impervious+1","Whirlwind+1","Metallicize+1","Headbutt+1","Clash+1","Thunderclap+1","Madness+1","Madness+1","Clash+1","Disarm+1"],"special_seed":0,"relics":["Burning Blood","Brimstone","Bag of Preparation","Regal Pillow","Philosopher\u0027s Stone","Bottled Flame","Calipers","Pantograph","Velvet Choker","Incense Burner","Magic Flower","Bird Faced Urn","Meat on the Bone","Mark of the Bloom","MawBank"],"potions_floor_usage":[33,50],"damage_taken":[{"damage":1.0,"enemies":"Cultist","floor":1.0,"turns":4.0},{"damage":0.0,"enemies":"Small Slimes","floor":4.0,"turns":2.0},{"damage":16.0,"enemies":"Gremlin Nob","floor":7.0,"turns":3.0},{"damage":0.0,"enemies":"Jaw Worm","floor":10.0,"turns":2.0},{"damage":0.0,"enemies":"Lots of Slimes","floor":12.0,"turns":2.0},{"damage":0.0,"enemies":"Exordium Thugs","floor":13.0,"turns":2.0},{"damage":0.0,"enemies":"Gremlin Gang","floor":14.0,"turns":1.0},{"damage":20.0,"enemies":"The Guardian","floor":16.0,"turns":5.0},{"damage":10.0,"enemies":"Shell Parasite","floor":18.0,"turns":3.0},{"damage":0.0,"enemies":"3 Byrds","floor":20.0,"turns":2.0},{"damage":36.0,"enemies":"Book of Stabbing","floor":23.0,"turns":4.0},{"damage":0.0,"enemies":"Centurion and Healer","floor":27.0,"turns":1.0},{"damage":5.0,"enemies":"Shelled Parasite and Fungi","floor":29.0,"turns":4.0},{"damage":25.0,"enemies":"Snake Plant","floor":31.0,"turns":2.0},{"damage":35,"enemies":"Collector","floor":33,"turns":6},{"damage":0,"enemies":"3 Shapes","floor":35,"turns":4},{"damage":0,"enemies":"3 Darklings","floor":37,"turns":4},{"damage":30,"enemies":"2 Orb Walkers","floor":38,"turns":3},{"damage":2,"enemies":"Reptomancer","floor":41,"turns":4},{"damage":0,"enemies":"Giant Head","floor":44,"turns":6},{"damage":0,"enemies":"4 Shapes","floor":46,"turns":3},{"damage":62,"enemies":"Nemesis","floor":48,"turns":5},{"damage":26,"enemies":"Time Eater","floor":50,"turns":5}],"seed_played":"7938251330154969810","potions_obtained":[{"floor":4.0,"key":"LiquidBronze"},{"floor":14.0,"key":"Weak Potion"},{"floor":16.0,"key":"LiquidBronze"},{"floor":18.0,"key":"Dexterity Potion"},{"floor":23.0,"key":"Swift Potion"},{"floor":29.0,"key":"FairyPotion"},{"floor":33,"key":"Explosive Potion"},{"floor":38,"key":"SteroidPotion"}],"is_trial":false,"path_per_floor":["?","?","$","M","$","M","?","T","M","?","M","?","?","?","?"],"character_chosen":"IRONCLAD","items_purchased":["Brimstone","Rage","Heavy Blade","Metallicize"],"campfire_rested":1,"item_purchase_floors":[2,11,19,24],"current_hp_per_floor":[80,80,64,70,70,70,60,60,60,66,66,72,78,80,80,66,80,76,76,80,80,80,50,50,50,50,56,56,67,67,48,80,70,80,80,80,80,56,56,56,80,70,70,80,80,80,80,18,18,0],"gold":220,"neow_bonus":"HUNDRED_GOLD","is_prod":false,"is_daily":false,"chose_seed":false,"campfire_upgraded":6,"win_rate":0,"timestamp":1559689471,"path_taken":["M","$","?","M","?","R","E","R","T","M","?","M","?","M","R","BOSS","M","?","?","$","?","E","$","?","T","?","$","M","R","M","R","BOSS","M","?","?","?","$","R","E","?","T","E","?","M","?","E","R","BOSS"],"build_version":"2019-01-23","purchased_purges":2,"victory":false,"max_hp_per_floor":[80,80,80,80,80,80,80,80,80,80,80,80,80,80,80,80,80,80,80,80,80,80,80,80,80,80,80,80,80,80,80,80,80,80,80,80,80,80,80,80,80,80,80,80,80,80,80,80,80,80],"card_choices":[{"not_picked":["Shrug It Off","Fire Breathing"],"picked":"Clash","floor":1.0},{"not_picked":["Thunderclap","Iron Wave"],"picked":"Whirlwind","floor":4.0},{"not_picked":["Power Through","True Grit"],"picked":"Impervious","floor":7.0},{"not_picked":["Twin Strike","Sword Boomerang"],"picked":"Heavy Blade","floor":10.0},{"not_picked":["Disarm","Headbutt"],"picked":"Anger","floor":12.0},{"not_picked":["Clothesline","Spot Weakness"],"picked":"Thunderclap","floor":13.0},{"not_picked":["Armaments","Dark Embrace","Body Slam"],"picked":"SKIP","floor":14.0},{"not_picked":["Fiend Fire","Juggernaut"],"picked":"Reaper","floor":16.0},{"not_picked":["Body Slam","Pommel Strike"],"picked":"Armaments+1","floor":18.0},{"not_picked":["Spot Weakness","Feel No Pain"],"picked":"Rage","floor":20.0},{"not_picked":["Sever Soul+1","Anger","Power Through"],"picked":"SKIP","floor":23.0},{"not_picked":["Sever Soul+1","Anger","Power Through"],"picked":"SKIP","floor":23.0},{"not_picked":["Perfected Strike","Iron Wave","Sword Boomerang"],"picked":"SKIP","floor":27.0},{"not_picked":["Perfected Strike","Iron Wave"],"picked":"Clash+1","floor":29.0},{"not_picked":["Spot Weakness","Hemokinesis+1"],"picked":"Metallicize+1","floor":31.0},{"not_picked":["Fiend Fire","Demon Form"],"picked":"Impervious","floor":33},{"not_picked":["Combust+1","Perfected Strike+1","Burning Pact"],"picked":"SKIP","floor":35},{"not_picked":["Pommel Strike","Anger"],"picked":"Headbutt+1","floor":37},{"not_picked":["Headbutt","Juggernaut"],"picked":"Clash+1","floor":38},{"not_picked":["Rampage+1","Spot Weakness"],"picked":"Thunderclap","floor":41},{"not_picked":["Whirlwind","Cleave"],"picked":"Clash","floor":44},{"not_picked":["Body Slam+1","Anger+1","True Grit"],"picked":"SKIP","floor":46},{"not_picked":["Ghostly Armor","Rampage"],"picked":"Disarm","floor":48}],"player_experience":10624,"relics_obtained":[{"floor":7.0,"key":"Bag of Preparation"},{"floor":9.0,"key":"Regal Pillow"},{"floor":23.0,"key":"Bottled Flame"},{"floor":25.0,"key":"Calipers"},{"floor":26.0,"key":"Pantograph"},{"floor":38,"key":"Incense Burner"},{"floor":41,"key":"Magic Flower"},{"floor":43,"key":"Bird Faced Urn"},{"floor":44,"key":"Meat on the Bone"},{"floor":48,"key":"MawBank"}],"event_choices":[{"damage_healed":0.0,"max_hp_gain":0.0,"max_hp_loss":0.0,"gold_gain":0.0,"event_name":"Shining Light","player_choice":"Entered Light","floor":3.0,"gold_loss":0.0,"damage_taken":16.0,"cards_upgraded":["Defend_R","Strike_R"]},{"damage_healed":0.0,"max_hp_gain":0.0,"max_hp_loss":0.0,"gold_gain":0.0,"event_name":"Living Wall","player_choice":"Grow","floor":5.0,"gold_loss":0.0,"damage_taken":0.0,"cards_upgraded":["Whirlwind"]},{"damage_healed":0.0,"max_hp_gain":0.0,"max_hp_loss":0.0,"gold_gain":0.0,"event_name":"Beggar","player_choice":"Ignored","floor":22.0,"gold_loss":0.0,"damage_taken":0.0},{"damage_healed":0,"gold_gain":0,"cards_transformed":["Strike_R","Defend_R"],"player_choice":"Transformed Cards","damage_taken":0,"max_hp_gain":0,"max_hp_loss":0,"event_name":"Designer","floor":36,"gold_loss":60,"cards_obtained":["Whirlwind","Metallicize"]},{"damage_healed":0,"gold_gain":0,"player_choice":"Fight","damage_taken":0,"max_hp_gain":0,"max_hp_loss":0,"event_name":"Mysterious Sphere","floor":38,"gold_loss":0},{"damage_healed":0,"gold_gain":0,"player_choice":"Embrace Madness","damage_taken":10,"max_hp_gain":0,"max_hp_loss":0,"event_name":"Winding Halls","floor":42,"gold_loss":0,"cards_obtained":["Madness","Madness"]},{"damage_healed":0,"gold_gain":0,"player_choice":"Upgrade","damage_taken":0,"relics_obtained":["Mark of the Bloom"],"max_hp_gain":0,"max_hp_loss":0,"event_name":"MindBloom","floor":45,"gold_loss":0,"cards_upgraded":["Strike_R","Strike_R","Defend_R","Impervious","Rage","Anger","Thunderclap","Reaper","Rage","Metallicize","Impervious","Metallicize","Thunderclap","Madness","Madness","Clash"]},{"cards_removed":["Thunderclap"],"damage_healed":0,"gold_gain":0,"player_choice":"Removed Attack","damage_taken":0,"max_hp_gain":0,"max_hp_loss":0,"event_name":"Falling","floor":47,"gold_loss":0}],"is_beta":false,"boss_relics":[{"not_picked":["Empty Cage","Astrolabe"],"picked":"Philosopher\u0027s Stone"},{"not_picked":["Runic Dome","Coffee Dripper"],"picked":"Velvet Choker"}],"items_purged_floors":[19,39],"is_endless":false,"potions_floor_spawned":[4,14,16,18,23,27,29,33,38,41,44,48],"killed_by":"Time Eater","ascension_level":2}