{"gold_per_floor":[112,132,132,0,10,10,35,35,35,51,83,8,25,39,39,111,111,124,43,43,32,42,74,93,93],"floor_reached":25,"playtime":1462,"items_purged":["Strike_R"],"score":423,"play_id":"97e403b8-4784-4fa5-9b08-4eee862fe795","local_time":"20190612124023","is_ascension_mode":true,"campfire_choices":[{"data":"Feel No Pain","floor":6.0,"key":"SMITH"},{"data":"Bash","floor":8.0,"key":"SMITH"},{"floor":15,"key":"REST"}],"neow_cost":"NONE","seed_source_timestamp":2639294470010,"circlet_count":0,"master_deck":["AscendersBane","Strike_R","Strike_R+1","Strike_R","Defend_R","Defend_R","Defend_R","Defend_R","Bash+1","Clash","Flex","Shockwave","Feel No Pain+1","Clothesline","Armaments","Shrug It Off","Heavy Blade+1","Twin Strike","True Grit","Cleave","Offering","Corruption+1","Sentinel","Armaments","Dual Wield","Spot Weakness+1"],"special_seed":0,"relics":["Burning Blood","Nunchaku","Pocketwatch","Whetstone","Coffee Dripper","Dream Catcher"],"potions_floor_usage":[21,23,25],"damage_taken":[{"damage":4.0,"enemies":"2 Louse","floor":1.0,"turns":3.0},{"damage":6.0,"enemies":"Cultist","floor":2.0,"turns":3.0},{"damage":2.0,"enemies":"Jaw Worm","floor":5.0,"turns":5.0},{"damage":36.0,"enemies":"Lagavulin","floor":7.0,"turns":7.0},{"damage":9.0,"enemies":"Lots of Slimes","floor":10.0,"turns":7.0},{"damage":19,"enemies":"3 Sentries","floor":11,"turns":10},{"damage":3,"enemies":"3 Louse","floor":13,"turns":4},{"damage":0,"enemies":"Large Slime","floor":14,"turns":6},{"damage":7,"enemies":"The Guardian","floor":16,"turns":16},{"damage":6,"enemies":"Shell Parasite","floor":18,"turns":4},{"damage":18,"enemies":"2 Thieves","floor":21,"turns":4},{"damage":15,"enemies":"Sentry and Sphere","floor":22,"turns":5},{"damage":38,"enemies":"Book of Stabbing","floor":23,"turns":7},{"damage":13,"enemies":"Snecko","floor":24,"turns":5},{"damage":19,"enemies":"Shelled Parasite and Fungi","floor":25,"turns":2}],"seed_played":"-9192043111587381951","potions_obtained":[{"floor":2.0,"key":"SpeedPotion"},{"floor":5.0,"key":"Energy Potion"},{"floor":11,"key":"LiquidBronze"},{"floor":24,"key":"AttackPotion"}],"is_trial":false,"path_per_floor":["M","M","?","$","M","R","E","R","T","M","E","$","M","M","R","B",null,"M","$","?","M","M","E","M","M"],"character_chosen":"IRONCLAD","items_purchased":["Feel No Pain","Clothesline","Corruption"],"campfire_rested":1,"item_purchase_floors":[4,4,19],"current_hp_per_floor":[70,70,70,70,74,74,44,44,44,41,28,28,31,37,59,58,71,71,71,71,59,50,18,11,0],"gold":93,"neow_bonus":"THREE_CARDS","is_prod":false,"is_daily":false,"chose_seed":false,"campfire_upgraded":2,"win_rate":0,"timestamp":1560336023,"path_taken":["M","M","?","$","M","R","E","R","T","?","E","$","M","M","R","BOSS","M","?","?","M","M","E","M","?"],"build_version":"2019-01-23","purchased_purges":1,"victory":false,"max_hp_per_floor":[75,75,75,75,75,75,75,75,75,75,75,75,75,75,75,75,75,75,75,75,75,75,75,75,75],"card_choices":[{"not_picked":["Burning Pact","Body Slam"],"picked":"Clash","floor":0.0},{"not_picked":["Clothesline","Cleave"],"picked":"Flex","floor":1.0},{"not_picked":["Spot Weakness","Second Wind"],"picked":"Shockwave","floor":2.0},{"not_picked":["Uppercut","Clothesline"],"picked":"Armaments","floor":5.0},{"not_picked":["Pommel Strike","Rage"],"picked":"Shrug It Off","floor":7.0},{"not_picked":["Armaments","Wild Strike"],"picked":"Heavy Blade","floor":10.0},{"not_picked":["Hemokinesis","Rampage"],"picked":"Twin Strike","floor":11},{"not_picked":["Pommel Strike","Dropkick"],"picked":"True Grit","floor":13},{"not_picked":["Entrench","Armaments"],"picked":"Cleave","floor":14},{"not_picked":["Fiend Fire","Dark Embrace"],"picked":"Offering","floor":16},{"not_picked":["Combust","Perfected Strike","Cleave"],"picked":"SKIP","floor":18},{"not_picked":["Iron Wave","Havoc"],"picked":"Sentinel","floor":21},{"not_picked":["Thunderclap","Havoc"],"picked":"Armaments","floor":22},{"not_picked":["Anger","Body Slam+1"],"picked":"Dual Wield","floor":23},{"not_picked":["Barricade","Armaments"],"picked":"Spot Weakness+1","floor":24}],"player_experience":748602,"relics_obtained":[{"floor":7.0,"key":"Nunchaku"},{"floor":9.0,"key":"Pocketwatch"},{"floor":11,"key":"Whetstone"},{"floor":23,"key":"Dream Catcher"}],"event_choices":[{"cards_removed":["Strike_R"],"damage_healed":0.0,"max_hp_gain":0.0,"max_hp_loss":0.0,"gold_gain":0.0,"event_name":"Purifier","player_choice":"Purged","floor":3.0,"gold_loss":0.0,"damage_taken":0.0},{"damage_healed":0,"gold_gain":0,"player_choice":"Upgraded","damage_taken":0,"max_hp_gain":0,"max_hp_loss":0,"event_name":"Upgrade Shrine","floor":20,"gold_loss":0,"cards_upgraded":["Corruption"]}],"is_beta":false,"boss_relics":[{"not_picked":["White Beast Statue","Velvet Choker"],"picked":"Coffee Dripper"}],"items_purged_floors":[12],"is_endless":false,"potions_floor_spawned":[2,5,11,13,16,24],"killed_by":"Shelled Parasite and Fungi","ascension_level":16}