{"gold_per_floor":[116,136,154,104,104,104,132,132,132,132,20,20,20,52,52,153,153,163,163,163],"floor_reached":20,"playtime":692,"items_purged":["Strike_R"],"score":256,"play_id":"f0532a69-55ea-4874-8814-551957719583","local_time":"20190605220036","is_ascension_mode":true,"campfire_choices":[{"data":"Armaments","floor":6,"key":"SMITH"},{"floor":8,"key":"REST"},{"data":"Uppercut","floor":10,"key":"SMITH"},{"data":"Feel No Pain","floor":12,"key":"SMITH"},{"floor":15,"key":"REST"}],"neow_cost":"NONE","seed_source_timestamp":204519828153016,"circlet_count":0,"master_deck":["Strike_R","Strike_R","Strike_R","Defend_R","Defend_R","Defend_R","Defend_R","Bash","Uppercut+1","Armaments+1","Feel No Pain+1","Dark Embrace","Shrug It Off"],"special_seed":0,"relics":["Burning Blood","Molten Egg 2","Singing Bowl","Pear","Sundial","Cursed Key"],"potions_floor_usage":[16,16,16,16],"damage_taken":[{"damage":18.0,"enemies":"Cultist","floor":1.0,"turns":6.0},{"damage":17.0,"enemies":"Jaw Worm","floor":2.0,"turns":5.0},{"damage":2.0,"enemies":"2 Louse","floor":3.0,"turns":2.0},{"damage":47,"enemies":"3 Sentries","floor":7,"turns":8},{"damage":28,"enemies":"Gremlin Nob","floor":14,"turns":4},{"damage":32,"enemies":"Hexaghost","floor":16,"turns":10},{"damage":4,"enemies":"Chosen","floor":18,"turns":8},{"damage":63,"enemies":"Masked Bandits","floor":20,"turns":3}],"seed_played":"2205777773933945146","potions_obtained":[{"floor":0.0,"key":"Strength Potion"},{"floor":0.0,"key":"EntropicBrew"},{"floor":0.0,"key":"BloodPotion"},{"floor":7,"key":"Weak Potion"}],"is_trial":false,"path_per_floor":["M","?","T","$","?","?"],"character_chosen":"IRONCLAD","items_purchased":["Feel No Pain"],"campfire_rested":2,"item_purchase_floors":[11],"current_hp_per_floor":[60,49,53,53,53,53,14,38,48,48,48,48,48,26,53,29,78,80,61,0],"gold":163,"neow_bonus":"THREE_SMALL_POTIONS","is_prod":false,"is_daily":false,"chose_seed":false,"campfire_upgraded":3,"win_rate":0,"timestamp":1559764836,"path_taken":["M","?","M","?","?","R","E","R","T","R","$","R","?","E","R","BOSS","M","?","?"],"build_version":"2019-01-23","purchased_purges":1,"victory":false,"max_hp_per_floor":[80,80,80,80,80,80,82,82,92,92,92,92,92,92,92,94,94,94,99,99],"card_choices":[{"not_picked":["Rupture","Anger"],"picked":"Uppercut","floor":1.0},{"not_picked":["Twin Strike","Shrug It Off"],"picked":"Armaments","floor":2.0},{"not_picked":["Thunderclap","Sever Soul","Combust"],"picked":"SKIP","floor":3.0},{"not_picked":["Pommel Strike+1","Searing Blow+1","Sword Boomerang+1"],"picked":"Singing Bowl","floor":7},{"not_picked":["Double Tap","Battle Trance"],"picked":"Dark Embrace","floor":14},{"not_picked":["Dark Embrace","Double Tap","Brutality"],"picked":"Singing Bowl","floor":16},{"not_picked":["Perfected Strike+1","Sword Boomerang+1"],"picked":"Shrug It Off","floor":18}],"player_experience":28793,"relics_obtained":[{"floor":5.0,"key":"Molten Egg 2"},{"floor":7,"key":"Singing Bowl"},{"floor":9,"key":"Pear"},{"floor":14,"key":"Sundial"}],"event_choices":[{"cards_removed":["Strike_R"],"damage_healed":0.0,"max_hp_gain":0.0,"max_hp_loss":0.0,"gold_gain":0.0,"event_name":"The Cleric","player_choice":"Card Removal","floor":4.0,"gold_loss":50.0,"damage_taken":0.0},{"damage_healed":0,"gold_gain":0,"player_choice":"Shed Blood","damage_taken":24,"max_hp_gain":5,"max_hp_loss":0,"event_name":"Forgotten Altar","floor":19,"gold_loss":0},{"damage_healed":0,"gold_gain":0,"player_choice":"Fought Bandits","damage_taken":0,"max_hp_gain":0,"max_hp_loss":0,"event_name":"Masked Bandits","floor":20,"gold_loss":0}],"is_beta":false,"boss_relics":[{"not_picked":["Black Blood","Tiny House"],"picked":"Cursed Key"}],"items_purged_floors":[11],"is_endless":false,"potions_floor_spawned":[7,14],"killed_by":"Masked Bandits","ascension_level":6}