{"gold_per_floor":[117,135,27,43,63,93,93,268,346,376,7,7,40,57,57,57],"floor_reached":16,"playtime":23958,"items_purged":["Doubt"],"score":180,"play_id":"07249267-82cd-4180-949d-0067127d72c7","local_time":"20190311171155","is_ascension_mode":true,"campfire_choices":[{"data":"1","floor":7.0,"key":"LIFT"},{"floor":15,"key":"REST"}],"neow_cost":"NONE","seed_source_timestamp":175037966216693,"circlet_count":0,"master_deck":["AscendersBane","Strike_R","Strike_R","Strike_R","Strike_R","Strike_R","Defend_R+1","Defend_R","Defend_R","Defend_R","Bash","Armaments","Second Wind","True Grit+1","Inflame","Dropkick","Flex","Hemokinesis","Impervious","Wild Strike","Battle Trance"],"special_seed":0,"relics":["Burning Blood","Girya","Singing Bowl","War Paint","Paper Frog","Smiling Mask"],"potions_floor_usage":[],"damage_taken":[{"damage":14.0,"enemies":"Jaw Worm","floor":1.0,"turns":5.0},{"damage":8.0,"enemies":"Small Slimes","floor":2.0,"turns":5.0},{"damage":3.0,"enemies":"2 Louse","floor":4.0,"turns":3.0},{"damage":5.0,"enemies":"Exordium Wildlife","floor":5.0,"turns":4.0},{"damage":31.0,"enemies":"Gremlin Nob","floor":6.0,"turns":4.0},{"damage":27.0,"enemies":"Lagavulin","floor":10.0,"turns":11.0},{"damage":35,"enemies":"3 Sentries","floor":13,"turns":12},{"damage":11,"enemies":"Large Slime","floor":14,"turns":7},{"damage":62,"enemies":"Hexaghost","floor":16,"turns":11}],"seed_played":"-9034228533807327631","potions_obtained":[{"floor":1.0,"key":"Ancient Potion"},{"floor":2.0,"key":"PowerPotion"},{"floor":6.0,"key":"Regen Potion"}],"is_trial":false,"path_per_floor":["M","M","$","M","M","E","R","?","T","E","$","?","E","M","R","B"],"character_chosen":"IRONCLAD","items_purchased":["Inflame","Dropkick","Paper Frog","Wild Strike"],"campfire_rested":1,"item_purchase_floors":[3,3,11,11],"current_hp_per_floor":[64,62,62,65,66,41,41,41,41,37,37,64,37,32,57,0],"gold":57,"neow_bonus":"THREE_CARDS","is_prod":false,"is_daily":false,"chose_seed":false,"campfire_upgraded":0,"win_rate":0,"timestamp":1552284715,"path_taken":["M","M","$","M","M","E","R","?","T","E","$","?","E","M","R","BOSS"],"build_version":"2019-01-23","purchased_purges":1,"victory":false,"max_hp_per_floor":[80,80,80,80,80,80,80,80,80,82,82,82,84,84,84,84],"card_choices":[{"not_picked":["Perfected Strike","Pommel Strike"],"picked":"Armaments","floor":0.0},{"not_picked":["Anger","Heavy Blade"],"picked":"Second Wind","floor":1.0},{"not_picked":["Rage","Thunderclap"],"picked":"True Grit","floor":2.0},{"not_picked":["Whirlwind","Anger"],"picked":"Flex","floor":4.0},{"not_picked":["Armaments","Twin Strike"],"picked":"Hemokinesis","floor":5.0},{"not_picked":["Disarm","Dropkick"],"picked":"Impervious","floor":6.0},{"not_picked":["Pommel Strike","Wild Strike","Thunderclap"],"picked":"SKIP","floor":10.0},{"not_picked":["Pommel Strike","Wild Strike","Thunderclap"],"picked":"Singing Bowl","floor":10.0},{"not_picked":["Juggernaut","Disarm","Thunderclap"],"picked":"Singing Bowl","floor":13},{"not_picked":["Thunderclap","Pommel Strike"],"picked":"Battle Trance","floor":14}],"player_experience":885316,"relics_obtained":[{"floor":6.0,"key":"Girya"},{"floor":9.0,"key":"Singing Bowl"},{"floor":10.0,"key":"War Paint"},{"floor":13,"key":"Smiling Mask"}],"event_choices":[{"damage_healed":0.0,"max_hp_gain":0.0,"max_hp_loss":0.0,"gold_gain":175.0,"event_name":"Liars Game","player_choice":"AGREE","floor":8.0,"gold_loss":0.0,"damage_taken":0.0,"cards_obtained":["Doubt"]},{"damage_healed":27.0,"max_hp_gain":0.0,"max_hp_loss":0.0,"gold_gain":0.0,"event_name":"Big Fish","player_choice":"Banana","floor":12.0,"gold_loss":0.0,"damage_taken":0.0}],"is_beta":false,"boss_relics":[],"items_purged_floors":[11],"is_endless":false,"potions_floor_spawned":[1,2,6],"killed_by":"Hexaghost","ascension_level":10}