{"gold_per_floor":[110,123,298,298,311,311,343,356,410,424,440,210,210],"floor_reached":13,"playtime":727,"items_purged":[],"score":113,"play_id":"3bf61ae5-d472-42be-aed8-423d487f740c","local_time":"20190510223252","is_ascension_mode":true,"campfire_choices":[{"data":"Storm","floor":6,"key":"SMITH"}],"neow_cost":"NONE","seed_source_timestamp":770789554572985,"circlet_count":0,"master_deck":["Strike_B","Strike_B","Strike_B","Strike_B","Defend_B","Defend_B","Defend_B","Zap","Dualcast","Storm+1","Leap","Doubt","Doom and Gloom","Coolheaded","Auto Shields","Sunder","Self Repair","Multi-Cast"],"relics":["Cracked Core","NeowsBlessing","Singing Bowl","DataDisk"],"potions_floor_usage":[7,8,13],"damage_taken":[{"damage":0,"enemies":"Cultist","floor":1,"turns":1},{"damage":0,"enemies":"Small Slimes","floor":2,"turns":1},{"damage":0,"enemies":"Jaw Worm","floor":5,"turns":1},{"damage":38,"enemies":"Lagavulin","floor":7,"turns":5},{"damage":17,"enemies":"Looter","floor":8,"turns":3},{"damage":12,"enemies":"2 Fungi Beasts","floor":10,"turns":3},{"damage":0,"enemies":"Large Slime","floor":11,"turns":5},{"damage":10,"enemies":"3 Sentries","floor":13,"turns":2}],"seed_played":"4744857264511157978","potions_obtained":[{"floor":1,"key":"SmokeBomb"},{"floor":5,"key":"SkillPotion"},{"floor":7,"key":"AttackPotion"},{"floor":10,"key":"AttackPotion"}],"is_trial":false,"path_per_floor":["M","M","?","?","M","R","E","M","T","M","M","$","E"],"character_chosen":"DEFECT","items_purchased":["Self Repair","Multi-Cast"],"campfire_rested":0,"item_purchase_floors":[12,12],"current_hp_per_floor":[68,68,68,68,68,68,32,17,17,5,5,5,0],"gold":210,"neow_bonus":"THREE_ENEMY_KILL","is_prod":false,"is_daily":false,"chose_seed":false,"campfire_upgraded":1,"win_rate":0,"timestamp":1557491572,"path_taken":["M","?","?","?","M","R","E","M","T","?","M","?","E"],"build_version":"2019-01-23","purchased_purges":0,"victory":false,"max_hp_per_floor":[75,75,75,75,75,75,77,79,79,79,79,79,79],"card_choices":[{"not_picked":["Tempest","Beam Cell"],"picked":"Storm","floor":1},{"not_picked":["Steam Power","Reprogram"],"picked":"Leap","floor":2},{"not_picked":["Sweeping Beam","Force Field"],"picked":"Coolheaded","floor":5},{"not_picked":["Steam Power","Redo","Stack"],"picked":"Singing Bowl","floor":7},{"not_picked":["Rebound","Hologram","Leap"],"picked":"Singing Bowl","floor":8},{"not_picked":["Go for the Eyes","Steam"],"picked":"Auto Shields","floor":10},{"not_picked":["Meteor Strike","Compile Driver"],"picked":"Sunder","floor":11}],"player_experience":1707420,"relics_obtained":[{"floor":7,"key":"Singing Bowl"},{"floor":9,"key":"DataDisk"}],"event_choices":[{"damage_healed":0,"gold_gain":175,"player_choice":"AGREE","damage_taken":0,"max_hp_gain":0,"max_hp_loss":0,"event_name":"Liars Game","floor":3,"gold_loss":0,"cards_obtained":["Doubt"]},{"damage_healed":0,"gold_gain":0,"cards_transformed":["Defend_B"],"player_choice":"Transformed","damage_taken":0,"max_hp_gain":0,"max_hp_loss":0,"event_name":"Transmorgrifier","floor":4,"gold_loss":0,"cards_obtained":["Doom and Gloom"]}],"is_beta":false,"boss_relics":[],"items_purged_floors":[],"is_endless":false,"potions_floor_spawned":[1,5,7,10],"killed_by":"3 Sentries","ascension_level":6}