{"gold_per_floor":[115,290,310,329,279,279,309,309,390,390,390,421,421,437,437,534,534,549,559,594,594,594,594],"floor_reached":23,"playtime":2005,"items_purged":[],"score":232,"play_id":"910b0723-0df3-43b4-a69f-30c5cbc3630a","local_time":"20190303151320","is_ascension_mode":true,"campfire_choices":[{"floor":6.0,"key":"RECALL"},{"data":"Fiend Fire","floor":8.0,"key":"SMITH"},{"data":"Metallicize","floor":13.0,"key":"SMITH"},{"data":"Dual Wield","floor":15.0,"key":"SMITH"}],"neow_cost":"NONE","seed_source_timestamp":135482122395152,"circlet_count":0,"master_deck":["Strike_R","Strike_R","Strike_R","Strike_R","Defend_R","Defend_R","Defend_R","Defend_R","Bash","Dark Embrace","Anger","Dual Wield+1","Metallicize+1","Fiend Fire+1","Regret","Armaments","Wild Strike","Limit Break","Flex","Body Slam+1","Pommel Strike+1","Ghostly","Ghostly","Ghostly","Ghostly","Ghostly"],"special_seed":0,"relics":["Black Blood","Oddly Smooth Stone","Mercury Hourglass","Omamori","Self Forming Clay","Red Mask"],"potions_floor_usage":[],"damage_taken":[{"damage":5.0,"enemies":"Small Slimes","floor":1.0,"turns":4.0},{"damage":7.0,"enemies":"2 Louse","floor":3.0,"turns":2.0},{"damage":6.0,"enemies":"Jaw Worm","floor":4.0,"turns":4.0},{"damage":25.0,"enemies":"Gremlin Nob","floor":7.0,"turns":4.0},{"damage":12.0,"enemies":"3 Sentries","floor":12.0,"turns":7.0},{"damage":1.0,"enemies":"3 Louse","floor":14.0,"turns":3.0},{"damage":34.0,"enemies":"Slime Boss","floor":16.0,"turns":10.0},{"damage":13.0,"enemies":"Shell Parasite","floor":18.0,"turns":6.0},{"damage":10,"enemies":"3 Byrds","floor":19,"turns":6},{"damage":53,"enemies":"Masked Bandits","floor":20,"turns":6},{"damage":36,"enemies":"Book of Stabbing","floor":23,"turns":6}],"seed_played":"144620624903904416","potions_obtained":[{"floor":4.0,"key":"SkillPotion"},{"floor":7.0,"key":"Dexterity Potion"},{"floor":14.0,"key":"Block Potion"},{"floor":18.0,"key":"Dexterity Potion"}],"is_trial":false,"path_per_floor":["M","?","M","M","?","R","E","R","T","?","?","E","R","M","R","B",null,"M","M","?","?","?","E"],"character_chosen":"IRONCLAD","items_purchased":[],"campfire_rested":0,"item_purchase_floors":[],"current_hp_per_floor":[80,80,79,79,79,79,60,60,60,53,53,47,47,52,52,24,80,77,77,34,34,34,0],"gold":594,"neow_bonus":"ONE_RANDOM_RARE_CARD","is_prod":false,"is_daily":false,"chose_seed":false,"campfire_upgraded":3,"win_rate":0,"timestamp":1551586400,"path_taken":["M","?","M","M","?","R","E","R","T","?","?","E","R","M","R","BOSS","M","M","?","?","?","E"],"build_version":"2019-01-23","purchased_purges":0,"victory":false,"max_hp_per_floor":[80,80,80,80,80,80,80,80,80,80,80,80,80,80,80,80,80,80,80,80,80,40,40],"card_choices":[{"not_picked":["Headbutt","Body Slam"],"picked":"Anger","floor":1.0},{"not_picked":["Uppercut","Rage"],"picked":"Dual Wield","floor":3.0},{"not_picked":["Perfected Strike","Carnage"],"picked":"Metallicize","floor":4.0},{"not_picked":["Carnage","True Grit"],"picked":"Fiend Fire","floor":7.0},{"not_picked":["Second Wind","Body Slam"],"picked":"Armaments","floor":12.0},{"not_picked":["Clash","True Grit"],"picked":"Wild Strike","floor":14.0},{"not_picked":["Offering","Exhume"],"picked":"Limit Break","floor":16.0},{"not_picked":["Metallicize+1","Shrug It Off+1"],"picked":"Flex","floor":18.0},{"not_picked":["Power Through","Sword Boomerang"],"picked":"Body Slam+1","floor":19},{"not_picked":["Clothesline+1","Sword Boomerang"],"picked":"Pommel Strike+1","floor":20}],"player_experience":826973,"relics_obtained":[{"floor":7.0,"key":"Oddly Smooth Stone"},{"floor":9.0,"key":"Mercury Hourglass"},{"floor":12.0,"key":"Self Forming Clay"},{"floor":20,"key":"Red Mask"}],"event_choices":[{"damage_healed":0.0,"max_hp_gain":0.0,"max_hp_loss":0.0,"gold_gain":175.0,"event_name":"Liars Game","player_choice":"AGREE","floor":2.0,"gold_loss":0.0,"damage_taken":0.0,"cards_obtained":["Doubt"]},{"cards_removed":["Doubt"],"damage_healed":0.0,"max_hp_gain":0.0,"max_hp_loss":0.0,"gold_gain":0.0,"event_name":"The Cleric","player_choice":"Card Removal","floor":5.0,"gold_loss":50.0,"damage_taken":0.0},{"cards_removed":["Strike_R"],"damage_healed":0.0,"max_hp_gain":0.0,"max_hp_loss":0.0,"gold_gain":0.0,"event_name":"Golden Wing","player_choice":"Card Removal","floor":10.0,"gold_loss":0.0,"damage_taken":7.0},{"damage_healed":0.0,"max_hp_gain":0.0,"max_hp_loss":0.0,"gold_gain":0.0,"event_name":"Big Fish","player_choice":"Box","floor":11.0,"gold_loss":0.0,"damage_taken":0.0,"relics_obtained":["Omamori"],"cards_obtained":["Regret"]},{"damage_healed":0,"gold_gain":0,"player_choice":"Fought Bandits","damage_taken":0,"max_hp_gain":0,"max_hp_loss":0,"event_name":"Masked Bandits","floor":20,"gold_loss":0},{"damage_healed":0,"gold_gain":0,"player_choice":"Smashed Altar","damage_taken":0,"max_hp_gain":0,"max_hp_loss":0,"event_name":"Forgotten Altar","floor":21,"gold_loss":0,"cards_obtained":["Decay"]},{"damage_healed":0,"gold_gain":0,"player_choice":"Became a Ghost","damage_taken":0,"max_hp_gain":0,"max_hp_loss":40,"event_name":"Ghosts","floor":22,"gold_loss":0,"cards_obtained":["Ghostly","Ghostly","Ghostly","Ghostly","Ghostly"]}],"is_beta":false,"boss_relics":[{"not_picked":["Velvet Choker","White Beast Statue"],"picked":"Black Blood"}],"items_purged_floors":[],"is_endless":false,"potions_floor_spawned":[4,7,14,18],"killed_by":"Book of Stabbing","ascension_level":1}