{"gold_per_floor":[115,40,40,16,16,16,44,44,44,21,21,21,21,35,35,132,132,149,159,11,111,121,121,121],"floor_reached":24,"playtime":1141,"items_purged":["Strike_R","Strike_R"],"score":247,"play_id":"a7ca3dc0-c8c2-44ad-8470-04d4f4cc9eee","local_time":"20190606093333","is_ascension_mode":true,"campfire_choices":[{"data":"Searing Blow","floor":6,"key":"SMITH"},{"data":"Limit Break","floor":11,"key":"SMITH"},{"data":"True Grit","floor":13,"key":"SMITH"},{"data":"Flex","floor":15,"key":"SMITH"},{"floor":23,"key":"REST"}],"neow_cost":"NONE","seed_source_timestamp":245666344935413,"circlet_count":0,"master_deck":["Strike_R","Strike_R","Strike_R","Defend_R","Defend_R","Defend_R","Defend_R","Bash+1","Searing Blow+1","True Grit+1","Limit Break+1","Parasite","Flex+1","Limit Break","Battle Trance","Limit Break","Twin Strike+1","Shrug It Off","Armaments","Cleave"],"relics":["Burning Blood","FaceOfCleric","Lantern","Mercury Hourglass","Runic Cube","Champion Belt","Shuriken"],"potions_floor_usage":[21,21,21],"damage_taken":[{"damage":7,"enemies":"Small Slimes","floor":1,"turns":6},{"damage":60,"enemies":"Lagavulin","floor":7,"turns":7},{"damage":1,"enemies":"Cultist","floor":14,"turns":3},{"damage":8,"enemies":"Slime Boss","floor":16,"turns":7},{"damage":16,"enemies":"Shell Parasite","floor":18,"turns":3},{"damage":19,"enemies":"Spheric Guardian","floor":19,"turns":4},{"damage":13,"enemies":"Colosseum Slavers","floor":21,"turns":5},{"damage":12,"enemies":"Colosseum Nobs","floor":21,"turns":6},{"damage":39,"enemies":"Snecko","floor":22,"turns":7},{"damage":60,"enemies":"Book of Stabbing","floor":24,"turns":5}],"seed_played":"-7392032994323057166","potions_obtained":[{"floor":7,"key":"SmokeBomb"},{"floor":16,"key":"EntropicBrew"},{"floor":21,"key":"BloodPotion"}],"is_trial":false,"path_per_floor":["?","$","?","?","$","?","M","?"],"character_chosen":"IRONCLAD","items_purchased":["True Grit","Flex","Armaments"],"campfire_rested":1,"item_purchase_floors":[4,10,20],"current_hp_per_floor":[71,71,71,71,76,76,23,44,44,44,44,44,44,50,50,49,78,69,57,57,46,14,41,0],"gold":121,"neow_bonus":"UPGRADE_CARD","is_prod":false,"is_daily":false,"chose_seed":false,"campfire_upgraded":4,"win_rate":0,"timestamp":1559806413,"path_taken":["M","$","?","?","?","R","E","?","T","?","R","?","R","M","R","BOSS","M","?","$","?","M","R","E"],"build_version":"2019-01-23","purchased_purges":2,"victory":false,"max_hp_per_floor":[80,80,80,80,85,85,86,86,86,86,86,86,86,87,87,88,88,89,90,90,92,93,93,93],"card_choices":[{"not_picked":["Flex","Reckless Charge"],"picked":"Searing Blow","floor":1},{"not_picked":["Rupture","Warcry"],"picked":"Limit Break","floor":7},{"not_picked":["Uppercut","Sword Boomerang"],"picked":"Battle Trance","floor":14},{"not_picked":["Dark Embrace","Bludgeon"],"picked":"Limit Break","floor":16},{"not_picked":["Wild Strike","Uppercut+1"],"picked":"Twin Strike+1","floor":18},{"not_picked":["True Grit","Clash+1"],"picked":"Shrug It Off","floor":19},{"not_picked":["Dropkick","Spot Weakness"],"picked":"Cleave","floor":22}],"player_experience":32105,"relics_obtained":[{"floor":7,"key":"Lantern"},{"floor":9,"key":"Mercury Hourglass"},{"floor":21,"key":"Champion Belt"},{"floor":21,"key":"Shuriken"}],"event_choices":[{"damage_healed":0,"gold_gain":0,"player_choice":"Trade","damage_taken":0,"relics_obtained":["FaceOfCleric"],"max_hp_gain":0,"max_hp_loss":0,"event_name":"FaceTrader","floor":3,"gold_loss":0},{"damage_healed":0,"gold_gain":0,"player_choice":"Donut","damage_taken":0,"max_hp_gain":5,"max_hp_loss":0,"event_name":"Big Fish","floor":5,"gold_loss":0},{"damage_healed":21,"gold_gain":0,"player_choice":"Healed and dodged fight","damage_taken":0,"max_hp_gain":0,"max_hp_loss":0,"event_name":"Mushrooms","floor":8,"gold_loss":0,"cards_obtained":["Parasite"]},{"damage_healed":0,"gold_gain":0,"player_choice":"1 cards matched","damage_taken":0,"max_hp_gain":0,"max_hp_loss":0,"event_name":"Match and Keep!","floor":12,"gold_loss":0,"cards_obtained":["Limit Break"]},{"damage_healed":0,"gold_gain":0,"player_choice":"Fight","damage_taken":0,"max_hp_gain":0,"max_hp_loss":0,"event_name":"Colosseum","floor":21,"gold_loss":0},{"damage_healed":0,"gold_gain":0,"player_choice":"Fought Nobs","damage_taken":0,"max_hp_gain":0,"max_hp_loss":0,"event_name":"Colosseum","floor":21,"gold_loss":0}],"is_beta":false,"boss_relics":[{"not_picked":["Calling Bell","Snecko Eye"],"picked":"Runic Cube"}],"items_purged_floors":[2,20],"is_endless":false,"potions_floor_spawned":[7,16,21,21],"killed_by":"Book of Stabbing","ascension_level":6}