{"gold_per_floor":[111,125,52,127,92,124,49,79,79,98,167,167,184,215,215,316,316,329,404,414,414,431,456,456,490,490,522,82,98,108,4,4,105,105,120,136,136,136,136,136,136,150,150,167,195,210,8,39,39,39],"floor_reached":51,"playtime":8328,"items_purged":["Strike_G","Pain"],"score":1075,"play_id":"cb6449ea-adae-4438-a3f8-36baffe81c3a","local_time":"20190216174555","is_ascension_mode":true,"campfire_choices":[{"floor":12.0,"key":"REST"},{"floor":15.0,"key":"REST"},{"floor":24.0,"key":"REST"},{"data":"Catalyst","floor":32.0,"key":"SMITH"},{"data":"Burst","floor":40.0,"key":"SMITH"},{"data":"Footwork","floor":49.0,"key":"SMITH"}],"neow_cost":"NONE","seed_source_timestamp":224272996339689,"circlet_count":0,"master_deck":["Defend_G","Defend_G","Defend_G","Defend_G","Defend_G","Strike_G","Strike_G","Strike_G","Survivor","Neutralize","Deadly Poison","Blur","Catalyst+1","Bane+1","Envenom","Footwork+1","Backstab+1","Backstab+1","Malaise","Well Laid Plans+1","Deadly Poison","Unload+1","Acrobatics","Backstab+1","Setup","Bane+1","Flechettes+1","Bandage Up","Slice+1","Poisoned Stab+1","Deadly Poison","Venomology","Shame","Injury","Injury","Burst+1","Poisoned Stab+1","Injury","Backstab+1","Crippling Poison","Writhe","Flying Knee+1","Catalyst+1","Tactician+1","Noxious Fumes+1"],"special_seed":0,"relics":["Ring of the Snake","NeowsBlessing","Molten Egg 2","Pen Nib","The Courier","Sundial","Tough Bandages","Cursed Key","Oddly Smooth Stone","Strawberry","Centennial Puzzle","Vajra","Toy Ornithopter","Calling Bell","Bronze Scales","Letter Opener","WingedGreaves","Bag of Preparation","Shovel","Snake Skull","Lee\u0027s Waffle","Darkstone Periapt"],"potions_floor_usage":[50,50,50,50],"damage_taken":[{"damage":0.0,"enemies":"Jaw Worm","floor":1.0,"turns":1.0},{"damage":0.0,"enemies":"Small Slimes","floor":2.0,"turns":1.0},{"damage":0.0,"enemies":"Gremlin Nob","floor":6.0,"turns":1.0},{"damage":35.0,"enemies":"3 Sentries","floor":8.0,"turns":14.0},{"damage":10.0,"enemies":"Cultist","floor":10.0,"turns":5.0},{"damage":1.0,"enemies":"Exordium Thugs","floor":13.0,"turns":5.0},{"damage":13.0,"enemies":"Gremlin Nob","floor":14.0,"turns":4.0},{"damage":5.0,"enemies":"The Guardian","floor":16.0,"turns":11.0},{"damage":6.0,"enemies":"Shell Parasite","floor":18.0,"turns":5.0},{"damage":8.0,"enemies":"2 Thieves","floor":20.0,"turns":3.0},{"damage":6.0,"enemies":"Centurion and Healer","floor":22.0,"turns":7.0},{"damage":20.0,"enemies":"Slavers","floor":23.0,"turns":8.0},{"damage":17.0,"enemies":"Book of Stabbing","floor":25.0,"turns":5.0},{"damage":10.0,"enemies":"Slavers","floor":27.0,"turns":5.0},{"damage":0.0,"enemies":"Snake Plant","floor":29.0,"turns":1.0},{"damage":0.0,"enemies":"Sentry and Sphere","floor":30.0,"turns":4.0},{"damage":66.0,"enemies":"Collector","floor":33.0,"turns":9.0},{"damage":41.0,"enemies":"3 Darklings","floor":35.0,"turns":6.0},{"damage":10.0,"enemies":"3 Shapes","floor":36.0,"turns":4.0},{"damage":0.0,"enemies":"Transient","floor":42.0,"turns":5.0},{"damage":41.0,"enemies":"Writhing Mass","floor":44.0,"turns":4.0},{"damage":20.0,"enemies":"Reptomancer","floor":45.0,"turns":3.0},{"damage":3.0,"enemies":"Jaw Worm Horde","floor":46.0,"turns":3.0},{"damage":13.0,"enemies":"Giant Head","floor":48.0,"turns":3.0},{"damage":54,"enemies":"Awakened One","floor":50,"turns":10}],"seed_played":"-305648490680933125","potions_obtained":[{"floor":6.0,"key":"Block Potion"},{"floor":8.0,"key":"GhostInAJar"},{"floor":10.0,"key":"SneckoOil"},{"floor":16.0,"key":"SkillPotion"},{"floor":20.0,"key":"AttackPotion"},{"floor":23.0,"key":"Fruit Juice"},{"floor":25.0,"key":"Explosive Potion"},{"floor":29.0,"key":"Swift Potion"},{"floor":30.0,"key":"AttackPotion"},{"floor":33.0,"key":"Strength Potion"},{"floor":35.0,"key":"Block Potion"},{"floor":45.0,"key":"FearPotion"},{"floor":48.0,"key":"Fire Potion"}],"is_trial":false,"path_per_floor":["M","M","$","?","?","E","$","E","T","M","T","R","M","E","R","B",null,"M","?","M","?","M","E","R","E","T","E","$","M","M","$","R","B",null,"M","M","T","?","?","R","?","M","T","M","E","M","$","E","R","B",null],"character_chosen":"THE_SILENT","items_purchased":["Catalyst","Flechettes+1","Bandage Up","Toy Ornithopter","Fire Potion","Energy Potion","Deadly Poison","GhostInAJar","Lee\u0027s Waffle","PowerPotion"],"campfire_rested":3,"item_purchase_floors":[3,28,28,28,28,28,31,31,47,47],"current_hp_per_floor":[70,70,70,59,70,70,70,35,35,25,25,46,45,32,53,48,70,64,57,49,49,43,23,44,39,39,29,29,34,53,53,53,1,82,45,40,40,72,72,72,72,72,72,31,45,42,79,70,70,40],"gold":39,"neow_bonus":"THREE_ENEMY_KILL","is_prod":false,"is_daily":false,"chose_seed":false,"campfire_upgraded":3,"win_rate":0,"timestamp":1550299555,"path_taken":["M","M","$","?","?","E","?","E","T","?","?","R","?","E","R","BOSS","M","?","?","?","?","E","R","E","T","E","$","M","M","$","R","BOSS","M","?","?","?","?","R","?","M","T","M","E","M","$","E","R","BOSS"],"build_version":"2019-01-23","purchased_purges":2,"victory":true,"max_hp_per_floor":[70,70,70,70,70,70,70,70,70,70,70,70,70,70,70,70,70,70,70,70,70,70,70,70,82,82,82,82,82,82,82,82,82,82,82,82,82,72,72,72,72,72,72,72,72,72,79,79,79,79],"card_choices":[{"not_picked":["Poisoned Stab","Sucker Punch"],"picked":"Deadly Poison","floor":1.0},{"not_picked":["Tactician","Dagger Spray"],"picked":"Blur","floor":2.0},{"not_picked":["Accuracy","Predator"],"picked":"Bane","floor":6.0},{"not_picked":["PiercingWail","Bane+1"],"picked":"Envenom","floor":8.0},{"not_picked":["Underhanded Strike+1","Dodge and Roll"],"picked":"Footwork","floor":10.0},{"not_picked":["Sucker Punch+1","Backflip"],"picked":"Backstab+1","floor":13.0},{"not_picked":["Phantasmal Killer","Flying Knee+1"],"picked":"Backstab+1","floor":14.0},{"not_picked":["Die Die Die+1","Unload+1"],"picked":"Malaise","floor":16.0},{"not_picked":["Blade Dance","Flying Knee+1"],"picked":"Well Laid Plans+1","floor":18.0},{"not_picked":["Dagger Spray+1","Bane+1"],"picked":"Deadly Poison","floor":20.0},{"not_picked":["Dash+1","Dodge and Roll"],"picked":"Acrobatics","floor":22.0},{"not_picked":["Bane+1","Caltrops"],"picked":"Backstab+1","floor":23.0},{"not_picked":["Endless Agony+1","Riddle With Holes+1"],"picked":"Setup","floor":25.0},{"not_picked":["Setup","Acrobatics"],"picked":"Bane+1","floor":27.0},{"not_picked":["Well Laid Plans","PiercingWail"],"picked":"Slice+1","floor":29.0},{"not_picked":["Underhanded Strike+1","Dagger Throw+1"],"picked":"Poisoned Stab+1","floor":30.0},{"not_picked":["After Image","Night Terror"],"picked":"Venomology","floor":33.0},{"not_picked":["Flying Knee+1","Deadly Poison+1"],"picked":"Burst","floor":35.0},{"not_picked":["Quick Slash+1","Setup+1"],"picked":"Poisoned Stab+1","floor":36.0},{"not_picked":["Slice+1","Concentrate"],"picked":"Crippling Poison","floor":42.0},{"not_picked":["Outmaneuver+1","Riddle With Holes+1"],"picked":"Flying Knee+1","floor":44.0},{"not_picked":["Underhanded Strike+1","Calculated Gamble+1"],"picked":"Catalyst+1","floor":45.0},{"not_picked":["Dash+1","All Out Attack+1"],"picked":"Tactician+1","floor":46.0},{"not_picked":["Crippling Poison+1","Unload+1"],"picked":"Noxious Fumes+1","floor":48.0}],"player_experience":529293,"relics_obtained":[{"floor":6.0,"key":"Molten Egg 2"},{"floor":8.0,"key":"Pen Nib"},{"floor":9.0,"key":"The Courier"},{"floor":11.0,"key":"Sundial"},{"floor":14.0,"key":"Tough Bandages"},{"floor":23.0,"key":"Oddly Smooth Stone"},{"floor":25.0,"key":"Strawberry"},{"floor":26.0,"key":"Centennial Puzzle"},{"floor":27.0,"key":"Vajra"},{"floor":34.0,"key":"Bronze Scales"},{"floor":34.0,"key":"Letter Opener"},{"floor":34.0,"key":"WingedGreaves"},{"floor":37.0,"key":"Bag of Preparation"},{"floor":43.0,"key":"Shovel"},{"floor":45.0,"key":"Snake Skull"},{"floor":48.0,"key":"Darkstone Periapt"}],"event_choices":[{"damage_healed":0.0,"max_hp_gain":0.0,"max_hp_loss":0.0,"gold_gain":75.0,"event_name":"World of Goop","player_choice":"Gather Gold","floor":4.0,"gold_loss":0.0,"damage_taken":11.0},{"damage_healed":17.0,"max_hp_gain":0.0,"max_hp_loss":0.0,"gold_gain":0.0,"event_name":"The Cleric","player_choice":"Healed","floor":5.0,"gold_loss":35.0,"damage_taken":0.0},{"damage_healed":0.0,"max_hp_gain":0.0,"max_hp_loss":0.0,"gold_gain":75.0,"event_name":"FaceTrader","player_choice":"Touch","floor":19.0,"gold_loss":0.0,"damage_taken":7.0},{"damage_healed":0.0,"max_hp_gain":0.0,"max_hp_loss":0.0,"gold_gain":0.0,"cards_transformed":["Strike_G"],"event_name":"Transmorgrifier","player_choice":"Transformed","floor":21.0,"gold_loss":0.0,"damage_taken":0.0,"cards_obtained":["Unload"]},{"damage_healed":72.0,"max_hp_gain":0.0,"max_hp_loss":10.0,"gold_gain":0.0,"event_name":"The Moai Head","player_choice":"Heal","floor":38.0,"gold_loss":0.0,"damage_taken":0.0},{"damage_healed":0.0,"max_hp_gain":0.0,"max_hp_loss":0.0,"gold_gain":0.0,"event_name":"Tomb of Lord Red Mask","player_choice":"Ignored","floor":39.0,"gold_loss":0.0,"damage_taken":0.0},{"damage_healed":0.0,"max_hp_gain":0.0,"max_hp_loss":0.0,"gold_gain":0.0,"event_name":"Duplicator","player_choice":"Copied","floor":41.0,"gold_loss":0.0,"damage_taken":0.0,"cards_obtained":["Backstab"]}],"is_beta":false,"boss_relics":[{"not_picked":["Philosopher\u0027s Stone","White Beast Statue"],"picked":"Cursed Key"},{"not_picked":["Velvet Choker","Coffee Dripper"],"picked":"Calling Bell"}],"items_purged_floors":[7,28],"is_endless":false,"potions_floor_spawned":[6,8,10,16,20,23,25,29,30,33,35,45,48],"ascension_level":3}