{"gold_per_floor":[114,289,26,26,37,37,48,48,48,48,105,135,154,167,167,270,270,282,21,40,40,240,273,273,283,283,283,283,317,335,346,346,449,449,469,480,24,39,55,55,81,81,81,98,26,26,39,51,51,51],"floor_reached":51,"playtime":4794,"items_purged":[],"score":866,"play_id":"f2917ecc-67db-4729-a1c8-e4a166270f26","local_time":"20190209141238","is_ascension_mode":true,"campfire_choices":[{"data":"Zap","floor":6.0,"key":"SMITH"},{"data":"Dualcast","floor":8.0,"key":"SMITH"},{"floor":15.0,"key":"REST"},{"floor":24.0,"key":"REST"},{"data":"All For One","floor":28.0,"key":"SMITH"},{"floor":32,"key":"REST"},{"floor":40,"key":"REST"},{"floor":46,"key":"REST"},{"data":"Apotheosis","floor":49,"key":"SMITH"}],"neow_cost":"NONE","seed_source_timestamp":0,"circlet_count":0,"master_deck":["Strike_B","Defend_B","Defend_B","Defend_B","Zap+1","Dualcast+1","Undo+1","Doubt","Compile Driver","Defragment+1","Self Repair+1","Regret","Storm+1","FTL","Electrodynamics+1","Defragment+1","All For One+1","Conserve Battery","Static Discharge+1","Chrysalis+1","Redo+1","Biased Cognition+1","Echo Form+1","Loop+1","Recycle","Conserve Battery","Leap","Buffer+1","Storm+1","Rebound+1","Static Discharge+1","Sweeping Beam+1","Conserve Battery","Apotheosis+1","Conserve Battery+1","Leap+1","Ball Lightning+1","Seek","Conserve Battery+1","Stack"],"special_seed":0,"relics":["Cracked Core","Happy Flower","Frozen Egg 2","Cables","Shuriken","Pantograph","Regal Pillow","Philosopher\u0027s Stone","Pocketwatch","Molten Egg 2","Boot","Astrolabe","Potion Belt","Gremlin Horn","War Paint"],"potions_floor_usage":[31,31,39,41,44,44,44,48,48,48,50,50,50,50],"damage_taken":[{"damage":8.0,"enemies":"Small Slimes","floor":1.0,"turns":2.0},{"damage":2.0,"enemies":"Jaw Worm","floor":5.0,"turns":5.0},{"damage":0.0,"enemies":"Cultist","floor":7.0,"turns":3.0},{"damage":21.0,"enemies":"Gremlin Nob","floor":11.0,"turns":4.0},{"damage":44.0,"enemies":"3 Sentries","floor":12.0,"turns":7.0},{"damage":0.0,"enemies":"2 Fungi Beasts","floor":13.0,"turns":2.0},{"damage":19.0,"enemies":"3 Louse","floor":14.0,"turns":3.0},{"damage":0.0,"enemies":"Slime Boss","floor":16.0,"turns":3.0},{"damage":0.0,"enemies":"Spheric Guardian","floor":18.0,"turns":2.0},{"damage":11.0,"enemies":"Chosen","floor":20.0,"turns":3.0},{"damage":59.0,"enemies":"Slavers","floor":23.0,"turns":4.0},{"damage":12.0,"enemies":"Sentry and Sphere","floor":25.0,"turns":3.0},{"damage":2.0,"enemies":"Gremlin Leader","floor":29.0,"turns":5.0},{"damage":38.0,"enemies":"Snake Plant","floor":30.0,"turns":3.0},{"damage":0,"enemies":"Centurion and Healer","floor":31,"turns":2},{"damage":42,"enemies":"Collector","floor":33,"turns":5},{"damage":18,"enemies":"Orb Walker","floor":35,"turns":2},{"damage":17,"enemies":"3 Shapes","floor":36,"turns":2},{"damage":7,"enemies":"Spire Growth","floor":38,"turns":4},{"damage":38,"enemies":"Writhing Mass","floor":39,"turns":4},{"damage":14,"enemies":"Giant Head","floor":41,"turns":3},{"damage":29,"enemies":"Jaw Worm Horde","floor":44,"turns":2},{"damage":0,"enemies":"Spire Growth","floor":47,"turns":3},{"damage":18,"enemies":"4 Shapes","floor":48,"turns":3},{"damage":95,"enemies":"Awakened One","floor":50,"turns":9}],"seed_played":"-767272726187064928","potions_obtained":[{"floor":5.0,"key":"LiquidBronze"},{"floor":11.0,"key":"Ancient Potion"},{"floor":12.0,"key":"EssenceOfSteel"},{"floor":16.0,"key":"EssenceOfSteel"},{"floor":18.0,"key":"FearPotion"},{"floor":29.0,"key":"FearPotion"},{"floor":30.0,"key":"Swift Potion"},{"floor":38,"key":"Swift Potion"},{"floor":39,"key":"Explosive Potion"},{"floor":42,"key":"Dexterity Potion"},{"floor":42,"key":"Fire Potion"},{"floor":42,"key":"EntropicBrew"}],"is_trial":false,"path_per_floor":["M","?","$","?","M","R","M","R","T","?","?","E","M","M","R","B",null,"M","$","M","?","?","E","R","M","T","?","R","E","M","M","R","B",null,"M","M","$","M","M","R","E","?","T","M","$","R","M","M","R","B",null],"character_chosen":"DEFECT","items_purchased":["Frozen Egg 2","Compile Driver","Static Discharge+1","Chrysalis","Apotheosis","Potion Belt","FocusPotion","PowerPotion","Regen Potion"],"campfire_rested":5,"item_purchase_floors":[3,3,19,19,37,37,37,37,45],"current_hp_per_floor":[67,67,67,67,65,65,65,65,65,65,54,20,30,21,58,75,75,75,75,74,74,74,25,62,50,50,50,50,58,20,30,67,43,75,57,50,50,53,25,62,68,68,68,39,39,75,75,62,62,7],"gold":51,"neow_bonus":"RANDOM_COMMON_RELIC","is_prod":false,"is_daily":false,"chose_seed":false,"campfire_upgraded":4,"win_rate":0,"timestamp":1549681958,"path_taken":["M","?","$","?","?","R","M","R","T","?","?","E","M","M","R","BOSS","M","$","M","?","?","E","R","?","T","?","R","E","M","M","R","BOSS","M","?","$","M","M","R","E","?","T","M","$","R","M","M","R","BOSS"],"build_version":"2019-01-23","purchased_purges":0,"victory":true,"max_hp_per_floor":[75,75,75,75,75,75,75,75,75,75,75,75,75,75,75,75,75,75,75,75,75,75,75,75,75,75,75,75,75,75,75,75,75,75,75,75,75,75,75,75,75,75,75,75,75,75,75,75,75,75],"card_choices":[{"not_picked":["Rebound","Turbo"],"picked":"Undo","floor":1.0},{"not_picked":["Turbo","Amplify"],"picked":"Defragment+1","floor":5.0},{"not_picked":["Barrage","Rebound"],"picked":"Self Repair+1","floor":7.0},{"not_picked":["Gash","Rebound"],"picked":"Storm+1","floor":11.0},{"not_picked":["Chill","Beam Cell"],"picked":"FTL","floor":12.0},{"not_picked":["Go for the Eyes","Beam Cell"],"picked":"Electrodynamics+1","floor":13.0},{"not_picked":["Rebound","Genetic Algorithm"],"picked":"Defragment+1","floor":14.0},{"not_picked":["Seek","Fission"],"picked":"All For One","floor":16.0},{"not_picked":["Hologram","Coolheaded"],"picked":"Conserve Battery","floor":18.0},{"not_picked":["Hologram","Compile Driver"],"picked":"Redo+1","floor":20.0},{"not_picked":["Go for the Eyes","Streamline"],"picked":"Echo Form+1","floor":23.0},{"not_picked":["Auto Shields+1","Hologram+1"],"picked":"Loop+1","floor":25.0},{"not_picked":["Compile Driver+1","Undo"],"picked":"Recycle","floor":29.0},{"not_picked":["Gash+1","Beam Cell+1"],"picked":"Conserve Battery","floor":30.0},{"not_picked":["Turbo","Auto Shields"],"picked":"Leap","floor":31},{"not_picked":["Electrodynamics+1","Rainbow"],"picked":"Buffer+1","floor":33},{"not_picked":["Beam Cell+1","Coolheaded+1"],"picked":"Sweeping Beam+1","floor":35},{"not_picked":["Hologram","Barrage+1"],"picked":"Conserve Battery","floor":36},{"not_picked":["FTL+1","Reinforced Body"],"picked":"Conserve Battery+1","floor":38},{"not_picked":["Redo","Beam Cell+1"],"picked":"Leap","floor":39},{"not_picked":["Hologram","Go for the Eyes+1"],"picked":"Ball Lightning+1","floor":41},{"not_picked":["Rebound+1","Melter+1"],"picked":"Seek","floor":44},{"not_picked":["Leap","Cold Snap+1"],"picked":"Conserve Battery+1","floor":47},{"not_picked":["Aggregate+1","Chaos+1"],"picked":"Stack","floor":48}],"player_experience":298630,"relics_obtained":[{"floor":9.0,"key":"Cables"},{"floor":11.0,"key":"Pantograph"},{"floor":12.0,"key":"Regal Pillow"},{"floor":23.0,"key":"Pocketwatch"},{"floor":26.0,"key":"Molten Egg 2"},{"floor":29.0,"key":"Boot"},{"floor":41,"key":"Gremlin Horn"},{"floor":43,"key":"War Paint"}],"event_choices":[{"damage_healed":0.0,"max_hp_gain":0.0,"max_hp_loss":0.0,"gold_gain":175.0,"event_name":"Liars Game","player_choice":"AGREE","floor":2.0,"gold_loss":0.0,"damage_taken":0.0,"cards_obtained":["Doubt"]},{"cards_removed":["Strike_B"],"damage_healed":0.0,"max_hp_gain":0.0,"max_hp_loss":0.0,"gold_gain":0.0,"event_name":"Bonfire Elementals","player_choice":"Offered Basic","floor":4.0,"gold_loss":0.0,"damage_taken":0.0},{"damage_healed":0.0,"max_hp_gain":0.0,"max_hp_loss":0.0,"gold_gain":0.0,"event_name":"Big Fish","player_choice":"Box","floor":10.0,"gold_loss":0.0,"damage_taken":0.0,"relics_obtained":["Shuriken"],"cards_obtained":["Regret"]},{"damage_healed":0.0,"max_hp_gain":0.0,"max_hp_loss":0.0,"gold_gain":0.0,"event_name":"Dead Adventurer","player_choice":"Searched \u00271\u0027 times","floor":11.0,"gold_loss":0.0,"damage_taken":0.0},{"damage_healed":0.0,"max_hp_gain":0.0,"max_hp_loss":0.0,"gold_gain":0.0,"event_name":"The Library","player_choice":"Read","floor":21.0,"gold_loss":0.0,"damage_taken":0.0,"cards_obtained":["Biased Cognition"]},{"damage_healed":0.0,"max_hp_gain":0.0,"max_hp_loss":0.0,"gold_gain":200.0,"event_name":"Wheel of Change","player_choice":"Gold","floor":22.0,"gold_loss":0.0,"damage_taken":0.0},{"damage_healed":0.0,"max_hp_gain":0.0,"max_hp_loss":0.0,"gold_gain":0.0,"event_name":"Accursed Blacksmith","player_choice":"Forge","floor":27.0,"gold_loss":0.0,"damage_taken":0.0,"cards_upgraded":["Chrysalis"]},{"damage_healed":0,"gold_gain":0,"player_choice":"Got Potions","damage_taken":0,"max_hp_gain":0,"max_hp_loss":0,"event_name":"Lab","floor":42,"gold_loss":0}],"is_beta":false,"boss_relics":[{"not_picked":["FrozenCore","Runic Pyramid"],"picked":"Philosopher\u0027s Stone"},{"not_picked":["Empty Cage","Runic Dome"],"picked":"Astrolabe"}],"items_purged_floors":[],"is_endless":false,"potions_floor_spawned":[5,11,12,16,18,29,30,38,39],"ascension_level":2}