{"gold_per_floor":[117,127,127,127,15,50,50,85,85,85,50,50,64,27,27,131,131,147,147,164,164],"floor_reached":21,"playtime":5503,"items_purged":[],"score":250,"play_id":"61fbe6a5-7211-41d1-a355-14f9f3c9ee20","local_time":"20190425215719","is_ascension_mode":true,"campfire_choices":[{"floor":7,"key":"REST"},{"floor":10,"key":"REST"},{"data":"Setup","floor":12,"key":"SMITH"},{"data":"Bouncing Flask","floor":15,"key":"SMITH"}],"neow_cost":"NONE","seed_source_timestamp":99259075762365,"circlet_count":0,"master_deck":["Defend_G","Defend_G","Defend_G","Defend_G","Defend_G","Strike_G","Strike_G","Strike_G","Strike_G","Strike_G","Survivor","Neutralize","Trip+1","Bouncing Flask+1","Finisher","Setup+1","Deadly Poison","Cloak And Dagger","Crippling Poison","Bane","Corpse Explosion","Finisher","RitualDagger","Infinite Blades+1"],"relics":["Ring of the Snake","The Courier","Pen Nib","Blue Candle","Sundial","Philosopher\u0027s Stone"],"potions_floor_usage":[6,6,16],"damage_taken":[{"damage":0,"enemies":"Jaw Worm","floor":1,"turns":3},{"damage":3,"enemies":"2 Louse","floor":2,"turns":4},{"damage":29,"enemies":"3 Sentries","floor":6,"turns":9},{"damage":34,"enemies":"Lagavulin","floor":8,"turns":6},{"damage":0,"enemies":"Cultist","floor":13,"turns":5},{"damage":37,"enemies":"The Guardian","floor":16,"turns":9},{"damage":22,"enemies":"Spheric Guardian","floor":18,"turns":4},{"damage":24,"enemies":"3 Byrds","floor":20,"turns":3},{"damage":13,"enemies":"3 Cultists","floor":21,"turns":4}],"seed_played":"-6802873139836218646","potions_obtained":[{"floor":2,"key":"LiquidBronze"},{"floor":6,"key":"Swift Potion"}],"is_trial":false,"path_per_floor":["M","M","?","T","$","E","R","E","T","R","?","R","M","$","R","B",null,"M","?","M","M"],"character_chosen":"THE_SILENT","items_purchased":["Setup","Fruit Juice","Bane"],"campfire_rested":2,"item_purchase_floors":[5,5,14],"current_hp_per_floor":[63,60,60,60,60,36,58,24,24,46,64,64,64,64,64,27,63,41,35,11,0],"gold":164,"neow_bonus":"RANDOM_COLORLESS","is_prod":false,"is_daily":false,"chose_seed":false,"campfire_upgraded":2,"win_rate":0,"timestamp":1556193439,"path_taken":["M","M","?","?","$","E","R","E","T","R","?","R","M","$","R","BOSS","M","?","M","M"],"build_version":"2019-01-23","purchased_purges":0,"victory":false,"max_hp_per_floor":[70,70,70,70,70,75,75,75,75,75,75,75,75,75,75,75,75,75,75,75,75],"card_choices":[{"not_picked":["Outmaneuver","Flechettes"],"picked":"Bouncing Flask","floor":1},{"not_picked":["Blade Dance","Flechettes"],"picked":"Finisher","floor":2},{"not_picked":["Flying Knee","Underhanded Strike"],"picked":"Deadly Poison","floor":6},{"not_picked":["Deadly Poison","Sucker Punch"],"picked":"Cloak And Dagger","floor":8},{"not_picked":["Distraction","Setup"],"picked":"Crippling Poison","floor":13},{"not_picked":["Phantasmal Killer","After Image"],"picked":"Corpse Explosion","floor":16},{"not_picked":["PiercingWail+1","Caltrops"],"picked":"Finisher","floor":18},{"not_picked":["PiercingWail","Setup"],"picked":"Infinite Blades+1","floor":20}],"player_experience":1420826,"relics_obtained":[{"floor":4,"key":"The Courier"},{"floor":6,"key":"Pen Nib"},{"floor":8,"key":"Blue Candle"},{"floor":9,"key":"Sundial"}],"event_choices":[{"damage_healed":0,"gold_gain":0,"player_choice":"Grow","damage_taken":0,"max_hp_gain":0,"max_hp_loss":0,"event_name":"Living Wall","floor":3,"gold_loss":0,"cards_upgraded":["Trip"]},{"damage_healed":18,"gold_gain":0,"player_choice":"Healed","damage_taken":0,"max_hp_gain":0,"max_hp_loss":0,"event_name":"The Cleric","floor":11,"gold_loss":35},{"damage_healed":0,"gold_gain":0,"player_choice":"Joined the Cult","damage_taken":6,"max_hp_gain":0,"max_hp_loss":0,"event_name":"Nest","floor":19,"gold_loss":0,"cards_obtained":["RitualDagger"]}],"is_beta":false,"boss_relics":[{"not_picked":["Coffee Dripper","Runic Dome"],"picked":"Philosopher\u0027s Stone"}],"items_purged_floors":[],"is_endless":false,"potions_floor_spawned":[2,6],"killed_by":"3 Cultists","ascension_level":7}