{"gold_per_floor":[17,17,17,192,192,192,205,236,312,20,20,35,35,70,70,172,222,239,44,64,64],"floor_reached":21,"playtime":1684,"items_purged":[],"score":259,"play_id":"65fc64b7-082d-42ed-a4bd-b29b702d21c9","local_time":"20190604232326","is_ascension_mode":true,"campfire_choices":[{"data":"Storm","floor":6,"key":"SMITH"},{"data":"Consume","floor":11,"key":"SMITH"},{"data":"Zap","floor":13,"key":"SMITH"},{"data":"Loop","floor":15,"key":"SMITH"}],"neow_cost":"NO_GOLD","seed_source_timestamp":538991483596930,"circlet_count":0,"master_deck":["Strike_B","Strike_B","Strike_B+1","Defend_B","Defend_B","Defend_B","Zap+1","Dualcast","Storm+1","Regret","Doubt","Zap","Electrodynamics","Ball Lightning","Consume+1","Coolheaded","Loop+1","Creative AI","Sweeping Beam","Coolheaded","Leap","Static Discharge","Self Repair"],"relics":["Cracked Core","Mercury Hourglass","WingedGreaves","The Courier","Lee\u0027s Waffle","Bag of Preparation","Regal Pillow","Tiny House","Blood Vial"],"potions_floor_usage":[18,21],"damage_taken":[{"damage":7,"enemies":"Jaw Worm","floor":1,"turns":3},{"damage":12,"enemies":"2 Louse","floor":7,"turns":2},{"damage":37,"enemies":"3 Sentries","floor":8,"turns":4},{"damage":1,"enemies":"Cultist","floor":12,"turns":3},{"damage":34,"enemies":"Lagavulin","floor":14,"turns":5},{"damage":37,"enemies":"The Guardian","floor":16,"turns":7},{"damage":15,"enemies":"Spheric Guardian","floor":18,"turns":4},{"damage":25,"enemies":"2 Thieves","floor":20,"turns":3},{"damage":36,"enemies":"Shelled Parasite and Fungi","floor":21,"turns":3}],"seed_played":"-435543306824694162","potions_obtained":[{"floor":7,"key":"SkillPotion"},{"floor":12,"key":"SpeedPotion"},{"floor":16,"key":"Ancient Potion"},{"floor":18,"key":"Ancient Potion"}],"is_trial":false,"path_per_floor":["M","$","?","?","?","R","M","E","T","$","R","M","R","E","R","B",null,"M","$","M","M"],"character_chosen":"DEFECT","items_purchased":["Lee\u0027s Waffle","Bag of Preparation","Blood Vial","Leap","Static Discharge"],"campfire_rested":0,"item_purchase_floors":[10,10,19,19,19],"current_hp_per_floor":[61,61,61,61,61,61,49,12,12,82,82,81,81,47,47,10,69,54,54,31,0],"gold":64,"neow_bonus":"REMOVE_TWO","is_prod":false,"is_daily":false,"chose_seed":false,"campfire_upgraded":4,"win_rate":0,"timestamp":1559654606,"path_taken":["M","$","?","?","?","R","?","E","T","$","R","M","R","E","R","BOSS","M","$","M","M"],"build_version":"2019-01-23","purchased_purges":0,"victory":false,"max_hp_per_floor":[75,75,75,75,75,75,75,75,75,82,82,82,82,82,82,82,87,87,87,87,87],"card_choices":[{"not_picked":["Hologram","FTL"],"picked":"Storm","floor":1},{"not_picked":["Sunder","Fusion"],"picked":"Ball Lightning","floor":7},{"not_picked":["Barrage","Blizzard"],"picked":"Consume","floor":8},{"not_picked":["Turbo","Rebound"],"picked":"Coolheaded","floor":12},{"not_picked":["Static Discharge","Reboot"],"picked":"Loop","floor":14},{"not_picked":["All For One","Amplify"],"picked":"Creative AI","floor":16},{"not_picked":["Gash","Leap"],"picked":"Sweeping Beam","floor":17},{"not_picked":["Compile Driver","Stack+1"],"picked":"Coolheaded","floor":18},{"not_picked":["Go for the Eyes","Conserve Battery"],"picked":"Self Repair","floor":20}],"player_experience":2097869,"relics_obtained":[{"floor":8,"key":"WingedGreaves"},{"floor":9,"key":"The Courier"},{"floor":14,"key":"Regal Pillow"}],"event_choices":[{"damage_healed":0,"gold_gain":0,"player_choice":"Box","damage_taken":0,"relics_obtained":["Mercury Hourglass"],"max_hp_gain":0,"max_hp_loss":0,"event_name":"Big Fish","floor":3,"gold_loss":0,"cards_obtained":["Regret"]},{"damage_healed":0,"gold_gain":175,"player_choice":"AGREE","damage_taken":0,"max_hp_gain":0,"max_hp_loss":0,"event_name":"Liars Game","floor":4,"gold_loss":0,"cards_obtained":["Doubt"]},{"damage_healed":0,"gold_gain":0,"player_choice":"2 cards matched","damage_taken":0,"max_hp_gain":0,"max_hp_loss":0,"event_name":"Match and Keep!","floor":5,"gold_loss":0,"cards_obtained":["Zap","Electrodynamics"]}],"is_beta":false,"boss_relics":[{"not_picked":["Fusion Hammer","Sozu"],"picked":"Tiny House"}],"items_purged_floors":[],"is_endless":false,"potions_floor_spawned":[7,12,16,18],"killed_by":"Shelled Parasite and Fungi","ascension_level":8}