{"gold_per_floor":[112,112,37,51,0,26,26,45,91,126,126,154,168,188,188,265,265,279,213,229,129,147,147,158,68,137,157,169,169,182,200,200,200],"floor_reached":33,"playtime":1462,"items_purged":["Strike_G","Strike_G"],"score":562,"play_id":"41c3c59e-d18d-4315-b45e-347a3482f670","local_time":"20190614214526","is_ascension_mode":true,"campfire_choices":[{"data":"Poisoned Stab","floor":7,"key":"SMITH"},{"floor":11,"key":"REST"},{"floor":15,"key":"REST"},{"data":"Adrenaline","floor":23,"key":"SMITH"},{"floor":32,"key":"REST"}],"neow_cost":"NONE","seed_source_timestamp":30960019164103,"circlet_count":0,"master_deck":["AscendersBane","Defend_G","Defend_G","Defend_G","Defend_G","Defend_G","Strike_G","Strike_G","Strike_G","Survivor","Neutralize+1","Backflip","Dagger Spray","Dagger Throw","Poisoned Stab+1","PiercingWail","Backstab","PiercingWail","After Image+1","Caltrops+1","Adrenaline+1","Backflip","Terror","Bouncing Flask+1","Caltrops+1","Dash","Escape Plan","Noxious Fumes+1"],"relics":["Ring of the Snake","NeowsBlessing","Juzu Bracelet","Orichalcum","Strawberry","Frozen Egg 2","Sozu","Art of War","Shuriken"],"potions_floor_usage":[16],"damage_taken":[{"damage":0,"enemies":"2 Louse","floor":1,"turns":1},{"damage":0,"enemies":"Cultist","floor":4,"turns":1},{"damage":0,"enemies":"3 Sentries","floor":6,"turns":1},{"damage":0,"enemies":"Jaw Worm","floor":8,"turns":4},{"damage":36,"enemies":"Gremlin Nob","floor":10,"turns":5},{"damage":16,"enemies":"3 Sentries","floor":12,"turns":9},{"damage":4,"enemies":"Red Slaver","floor":13,"turns":4},{"damage":0,"enemies":"2 Fungi Beasts","floor":14,"turns":3},{"damage":17,"enemies":"Hexaghost","floor":16,"turns":11},{"damage":14,"enemies":"Shell Parasite","floor":18,"turns":6},{"damage":0,"enemies":"Chosen","floor":20,"turns":5},{"damage":15,"enemies":"Snake Plant","floor":22,"turns":4},{"damage":7,"enemies":"Centurion and Healer","floor":24,"turns":9},{"damage":4,"enemies":"Snecko","floor":27,"turns":4},{"damage":9,"enemies":"Chosen and Byrds","floor":28,"turns":4},{"damage":7,"enemies":"3 Cultists","floor":30,"turns":6},{"damage":16,"enemies":"Cultist and Chosen","floor":31,"turns":6},{"damage":41,"enemies":"Champ","floor":33,"turns":10}],"seed_played":"4250716605272667296","potions_obtained":[{"floor":10,"key":"EssenceOfSteel"},{"floor":12,"key":"Explosive Potion"},{"floor":13,"key":"Strength Potion"},{"floor":14,"key":"SteroidPotion"}],"is_trial":false,"path_per_floor":["M","?","$","M","$","E","R","M","T","E","R","E","M","M","R","B",null,"M","?","M","$","M","R","M","$","T","M","M","?","M","M","R","B"],"character_chosen":"THE_SILENT","items_purchased":["Dagger Throw","Caltrops+1"],"campfire_rested":3,"item_purchase_floors":[5,25],"current_hp_per_floor":[59,59,59,59,59,59,59,59,59,30,51,35,31,31,52,35,64,50,50,50,50,35,35,28,28,28,24,15,30,23,7,28,0],"gold":200,"neow_bonus":"THREE_ENEMY_KILL","is_prod":false,"is_daily":false,"chose_seed":false,"campfire_upgraded":2,"win_rate":0,"timestamp":1560541526,"path_taken":["M","?","?","M","$","E","R","M","T","E","R","E","M","M","R","BOSS","M","?","M","$","M","R","M","$","T","M","M","?","M","M","R","BOSS"],"build_version":"2019-01-23","purchased_purges":2,"victory":false,"max_hp_per_floor":[66,66,66,66,66,66,66,66,66,73,73,73,73,73,73,73,73,73,73,73,73,73,73,73,73,73,73,73,73,73,73,73,73],"card_choices":[{"not_picked":["Sucker Punch","Bane"],"picked":"Backflip","floor":1},{"not_picked":["Poisoned Stab","Deflect"],"picked":"Dagger Spray","floor":4},{"not_picked":["Prepared","Reflex"],"picked":"Poisoned Stab","floor":6},{"not_picked":["Poisoned Stab","Dagger Spray"],"picked":"PiercingWail","floor":8},{"not_picked":["Flechettes","Acrobatics"],"picked":"Backstab","floor":10},{"not_picked":["Poisoned Stab","Cloak And Dagger"],"picked":"PiercingWail","floor":12},{"not_picked":["Bouncing Flask","Heel Hook"],"picked":"After Image+1","floor":13},{"not_picked":["Deflect","Underhanded Strike"],"picked":"Caltrops+1","floor":14},{"not_picked":["Malaise","Phantasmal Killer"],"picked":"Adrenaline","floor":16},{"not_picked":["Bane","Poisoned Stab","Choke"],"picked":"SKIP","floor":18},{"not_picked":["Underhanded Strike","Dodge and Roll"],"picked":"Backflip","floor":20},{"not_picked":["Poisoned Stab","Calculated Gamble"],"picked":"Terror","floor":22},{"not_picked":["Underhanded Strike","Tools of the Trade+1"],"picked":"Bouncing Flask+1","floor":24},{"not_picked":["Dagger Throw+1","All Out Attack+1"],"picked":"Dash","floor":27},{"not_picked":["Sucker Punch","Dagger Spray"],"picked":"Escape Plan","floor":28},{"not_picked":["Heel Hook","Concentrate+1","Acrobatics"],"picked":"SKIP","floor":30},{"not_picked":["Skewer","Prepared"],"picked":"Noxious Fumes+1","floor":31}],"player_experience":769319,"relics_obtained":[{"floor":6,"key":"Juzu Bracelet"},{"floor":9,"key":"Orichalcum"},{"floor":10,"key":"Strawberry"},{"floor":12,"key":"Frozen Egg 2"},{"floor":26,"key":"Shuriken"}],"event_choices":[{"damage_healed":0,"gold_gain":0,"player_choice":"Upgraded","damage_taken":0,"max_hp_gain":0,"max_hp_loss":0,"event_name":"Upgrade Shrine","floor":2,"gold_loss":0,"cards_upgraded":["Neutralize"]},{"damage_healed":0,"gold_gain":0,"player_choice":"Paid Gold","damage_taken":0,"relics_obtained":["Art of War"],"max_hp_gain":0,"max_hp_loss":0,"event_name":"WeMeetAgain","floor":19,"gold_loss":66},{"damage_healed":15,"gold_gain":0,"player_choice":"Heal","damage_taken":0,"max_hp_gain":0,"max_hp_loss":0,"event_name":"The Library","floor":29,"gold_loss":0}],"is_beta":false,"boss_relics":[{"not_picked":["Black Star","Orrery"],"picked":"Sozu"}],"items_purged_floors":[3,21],"is_endless":false,"potions_floor_spawned":[10,12,13,14,27,28,30],"killed_by":"Champ","ascension_level":18}