{"gold_per_floor":[116,127,202,214,191,191,191,191,238,273,38,38,38],"floor_reached":13,"playtime":484,"items_purged":[],"score":113,"play_id":"ca705078-3b50-4ec6-8fa1-8356ae44c057","local_time":"20190607095835","is_ascension_mode":true,"campfire_choices":[{"data":"Loop","floor":6,"key":"SMITH"},{"data":"Redo","floor":8,"key":"SMITH"}],"neow_cost":"NONE","seed_source_timestamp":45245214268394,"circlet_count":0,"master_deck":["Strike_B","Strike_B","Strike_B","Strike_B","Defend_B","Defend_B","Defend_B","Defend_B","Zap","Dualcast","Loop+1","Static Discharge","Loop","Redo+1","Leap","Regret","Defragment+1","Defragment","Secret Technique"],"relics":["Cracked Core","Sundial","Strawberry","Pantograph"],"potions_floor_usage":[4,13],"damage_taken":[{"damage":2,"enemies":"Jaw Worm","floor":1,"turns":3},{"damage":0,"enemies":"Small Slimes","floor":2,"turns":3},{"damage":0,"enemies":"2 Louse","floor":4,"turns":2},{"damage":52,"enemies":"Gremlin Nob","floor":10,"turns":5},{"damage":12,"enemies":"Lagavulin","floor":13,"turns":4}],"seed_played":"7461976149010693670","potions_obtained":[{"floor":2,"key":"AttackPotion"},{"floor":4,"key":"EssenceOfSteel"}],"is_trial":false,"path_per_floor":["M","M","?","M","$","R","?","R","T","E","$","?","E"],"character_chosen":"DEFECT","items_purchased":["Leap","Defragment","Secret Technique"],"campfire_rested":0,"item_purchase_floors":[5,11,11],"current_hp_per_floor":[66,66,55,55,55,55,55,55,62,10,10,10,0],"gold":38,"neow_bonus":"THREE_CARDS","is_prod":false,"is_daily":false,"chose_seed":false,"campfire_upgraded":2,"win_rate":0,"timestamp":1559865515,"path_taken":["M","M","?","M","$","R","?","R","T","E","$","?","E"],"build_version":"2019-01-23","purchased_purges":0,"victory":false,"max_hp_per_floor":[75,75,75,75,75,75,75,75,82,82,82,82,82],"card_choices":[{"not_picked":["Consume","Conserve Battery"],"picked":"Loop","floor":0},{"not_picked":["Go for the Eyes","Force Field"],"picked":"Static Discharge","floor":1},{"not_picked":["Rebound","Compile Driver"],"picked":"Loop","floor":2},{"not_picked":["Darkness","Conserve Battery"],"picked":"Redo","floor":4},{"not_picked":["Capacitor","Steam"],"picked":"Defragment","floor":10}],"player_experience":2106256,"relics_obtained":[{"floor":9,"key":"Strawberry"},{"floor":10,"key":"Pantograph"}],"event_choices":[{"damage_healed":0,"gold_gain":75,"player_choice":"Gather Gold","damage_taken":11,"max_hp_gain":0,"max_hp_loss":0,"event_name":"World of Goop","floor":3,"gold_loss":0},{"damage_healed":0,"gold_gain":0,"player_choice":"Box","damage_taken":0,"relics_obtained":["Sundial"],"max_hp_gain":0,"max_hp_loss":0,"event_name":"Big Fish","floor":7,"gold_loss":0,"cards_obtained":["Regret"]},{"damage_healed":0,"gold_gain":0,"player_choice":"Grow","damage_taken":0,"max_hp_gain":0,"max_hp_loss":0,"event_name":"Living Wall","floor":12,"gold_loss":0,"cards_upgraded":["Defragment"]}],"is_beta":false,"boss_relics":[],"items_purged_floors":[],"is_endless":false,"potions_floor_spawned":[2,4],"killed_by":"Lagavulin","ascension_level":8}