{"gold_per_floor":[111,125,90,69,69,69,89,124,124,124,143,143,160,41,41,145,145,156,172,172,22,37,37],"floor_reached":23,"playtime":2063,"items_purged":[],"score":306,"play_id":"c4cae0cf-c0f8-46d8-bea4-3911862919e0","local_time":"20190323154241","is_ascension_mode":true,"campfire_choices":[{"floor":6,"key":"REST"},{"floor":10,"key":"REST"},{"data":"Limit Break","floor":12,"key":"SMITH"},{"data":"Shockwave","floor":15,"key":"SMITH"}],"neow_cost":"PERCENT_DAMAGE","seed_source_timestamp":6875685134834,"circlet_count":0,"master_deck":["AscendersBane","Strike_R","Strike_R","Strike_R","Defend_R","Defend_R","Defend_R","Bash","Limit Break+1","Intimidate","Anger","Shrug It Off","Headbutt","Spot Weakness","Impervious","Sword Boomerang","Shockwave+1","Bandage Up","Dark Embrace","Feel No Pain","Combust","Spot Weakness","Headbutt","Iron Wave","Headbutt","Battle Trance","Fiend Fire","Sword Boomerang"],"relics":["Burning Blood","Ornamental Fan","Blood Vial","Vajra","Orrery"],"potions_floor_usage":[16,18,23],"damage_taken":[{"damage":14,"enemies":"Jaw Worm","floor":1,"turns":4},{"damage":10,"enemies":"Small Slimes","floor":2,"turns":3},{"damage":4,"enemies":"2 Louse","floor":7,"turns":3},{"damage":47,"enemies":"Lagavulin","floor":8,"turns":6},{"damage":9,"enemies":"Exordium Wildlife","floor":11,"turns":4},{"damage":6,"enemies":"Exordium Thugs","floor":13,"turns":4},{"damage":22,"enemies":"Hexaghost","floor":16,"turns":7},{"damage":19,"enemies":"Spheric Guardian","floor":18,"turns":4},{"damage":24,"enemies":"3 Byrds","floor":19,"turns":6},{"damage":28,"enemies":"Snecko","floor":22,"turns":5},{"damage":40,"enemies":"3 Cultists","floor":23,"turns":4}],"seed_played":"-5548710106375568574","potions_obtained":[{"floor":7,"key":"GamblersBrew"},{"floor":8,"key":"Poison Potion"},{"floor":11,"key":"FearPotion"},{"floor":22,"key":"SkillPotion"}],"is_trial":false,"path_per_floor":["M","M","?","?","?","R","M","E","T","R","M","R","M","$","R","B",null,"M","M","?","$","M","M"],"character_chosen":"IRONCLAD","items_purchased":["Shockwave","Bandage Up","Fiend Fire"],"campfire_rested":2,"item_purchase_floors":[14,14,21],"current_hp_per_floor":[43,39,59,59,47,71,73,32,32,56,55,55,57,57,57,47,72,61,49,49,49,33,0],"gold":37,"neow_bonus":"TRANSFORM_TWO_CARDS","is_prod":false,"is_daily":false,"chose_seed":false,"campfire_upgraded":2,"win_rate":0,"timestamp":1553316161,"path_taken":["M","M","?","?","?","R","M","E","T","R","?","R","M","?","R","BOSS","M","?","?","$","M","M"],"build_version":"2019-01-23","purchased_purges":0,"victory":false,"max_hp_per_floor":[80,80,80,80,80,80,80,80,80,80,80,80,80,80,80,80,80,80,80,80,80,80,80],"card_choices":[{"not_picked":["Intimidate","Sentinel"],"picked":"Anger","floor":1},{"not_picked":["Havoc","Sever Soul"],"picked":"Shrug It Off","floor":2},{"not_picked":["Body Slam","Twin Strike"],"picked":"Headbutt","floor":7},{"not_picked":["Seeing Red","Combust"],"picked":"Spot Weakness","floor":8},{"not_picked":["Evolve","Heavy Blade"],"picked":"Impervious","floor":11},{"not_picked":["Havoc","Warcry"],"picked":"Sword Boomerang","floor":13},{"not_picked":["Offering","Barricade"],"picked":"Dark Embrace","floor":16},{"not_picked":["Blood for Blood","Cleave"],"picked":"Feel No Pain","floor":17},{"not_picked":["Armaments","Fire Breathing"],"picked":"Combust","floor":17},{"not_picked":["Cleave","Sword Boomerang"],"picked":"Spot Weakness","floor":17},{"not_picked":["Cleave","Armaments"],"picked":"Headbutt","floor":17},{"not_picked":["Body Slam","Sentinel"],"picked":"Iron Wave","floor":17},{"not_picked":["Pommel Strike","Rage"],"picked":"Headbutt","floor":18},{"not_picked":["Perfected Strike+1","Cleave+1"],"picked":"Battle Trance","floor":19},{"not_picked":["Twin Strike+1","Armaments"],"picked":"Sword Boomerang","floor":22}],"player_experience":1055661,"relics_obtained":[{"floor":8,"key":"Blood Vial"},{"floor":9,"key":"Vajra"}],"event_choices":[{"damage_healed":20,"gold_gain":0,"player_choice":"Healed","damage_taken":0,"max_hp_gain":0,"max_hp_loss":0,"event_name":"The Cleric","floor":3,"gold_loss":35},{"damage_healed":0,"gold_gain":0,"player_choice":"Left Gold","damage_taken":0,"max_hp_gain":0,"max_hp_loss":0,"event_name":"World of Goop","floor":4,"gold_loss":21},{"damage_healed":0,"gold_gain":0,"player_choice":"Success","damage_taken":12,"relics_obtained":["Ornamental Fan"],"max_hp_gain":0,"max_hp_loss":0,"event_name":"Scrap Ooze","floor":5,"gold_loss":0},{"cards_removed":["Strike_R"],"damage_healed":0,"gold_gain":0,"player_choice":"Purged","damage_taken":0,"max_hp_gain":0,"max_hp_loss":0,"event_name":"Purifier","floor":20,"gold_loss":0}],"is_beta":false,"boss_relics":[{"not_picked":["Black Blood","Empty Cage"],"picked":"Orrery"}],"items_purged_floors":[],"is_endless":false,"potions_floor_spawned":[7,8,11,22],"killed_by":"3 Cultists","ascension_level":12}