{"gold_per_floor":[119,119,132,152,77,77,91,91,91,91,91,125,125,125,125,125],"floor_reached":16,"playtime":696,"items_purged":["Defend_G"],"score":98,"play_id":"36e3dab5-110a-47c3-aaee-4b10d6d094ef","local_time":"20190527153643","is_ascension_mode":false,"campfire_choices":[{"data":"Neutralize","floor":6,"key":"SMITH"},{"data":"Heel Hook","floor":8,"key":"SMITH"},{"floor":15,"key":"REST"}],"neow_cost":"NONE","seed_source_timestamp":168955330202838,"circlet_count":0,"master_deck":["Defend_G","Defend_G","Defend_G","Defend_G","Strike_G","Strike_G","Strike_G","Survivor","Neutralize+1","Heel Hook+1"],"relics":["Ring of the Snake","NeowsBlessing","Shuriken","Toxic Egg 2","Golden Idol"],"potions_floor_usage":[12],"damage_taken":[{"damage":0,"enemies":"Jaw Worm","floor":1,"turns":1},{"damage":0,"enemies":"Small Slimes","floor":3,"turns":1},{"damage":0,"enemies":"2 Louse","floor":4,"turns":1},{"damage":4,"enemies":"Looter","floor":7,"turns":4},{"damage":6,"enemies":"Gremlin Nob","floor":12,"turns":5},{"damage":77,"enemies":"Slime Boss","floor":16,"turns":10}],"seed_played":"-2200629442946084264","potions_obtained":[{"floor":7,"key":"EssenceOfSteel"}],"is_trial":false,"path_per_floor":["M","?","M","M","$","R","M","R","T","?","$","E","?","?","R","B"],"character_chosen":"THE_SILENT","items_purchased":[],"campfire_rested":1,"item_purchase_floors":[],"current_hp_per_floor":[70,63,63,63,63,63,59,59,59,64,64,58,58,40,62,0],"gold":125,"neow_bonus":"THREE_ENEMY_KILL","is_prod":false,"is_daily":false,"chose_seed":false,"campfire_upgraded":2,"win_rate":0,"timestamp":1558935403,"path_taken":["M","?","M","M","$","R","M","R","T","?","$","E","?","?","R","BOSS"],"build_version":"2019-01-23","purchased_purges":1,"victory":false,"max_hp_per_floor":[70,70,70,70,70,70,70,70,70,75,75,75,75,75,75,75],"card_choices":[{"not_picked":["Poisoned Stab","Deflect","Escape Plan"],"picked":"SKIP","floor":1},{"not_picked":["Well Laid Plans","Outmaneuver"],"picked":"Heel Hook","floor":3},{"not_picked":["Reflex","Flying Knee","Concentrate"],"picked":"SKIP","floor":4},{"not_picked":["Dodge and Roll","Bane","Deadly Poison"],"picked":"SKIP","floor":7},{"not_picked":["Deflect","Underhanded Strike","Escape Plan"],"picked":"SKIP","floor":12}],"player_experience":1997644,"relics_obtained":[{"floor":9,"key":"Shuriken"},{"floor":12,"key":"Toxic Egg 2"}],"event_choices":[{"cards_removed":["Strike_G"],"damage_healed":0,"gold_gain":0,"player_choice":"Card Removal","damage_taken":7,"max_hp_gain":0,"max_hp_loss":0,"event_name":"Golden Wing","floor":2,"gold_loss":0},{"damage_healed":0,"gold_gain":0,"player_choice":"Donut","damage_taken":0,"max_hp_gain":5,"max_hp_loss":0,"event_name":"Big Fish","floor":10,"gold_loss":0},{"cards_removed":["Strike_G"],"damage_healed":0,"gold_gain":0,"player_choice":"Forget","damage_taken":0,"max_hp_gain":0,"max_hp_loss":0,"event_name":"Living Wall","floor":13,"gold_loss":0},{"damage_healed":0,"gold_gain":0,"player_choice":"Take Damage","damage_taken":18,"relics_obtained":["Golden Idol"],"max_hp_gain":0,"max_hp_loss":0,"event_name":"Golden Idol","floor":14,"gold_loss":0}],"is_beta":false,"boss_relics":[],"items_purged_floors":[5],"is_endless":false,"potions_floor_spawned":[7],"killed_by":"Slime Boss","ascension_level":0}