{"gold_per_floor":[109,129,129,129,129,129,172,172,219,231,279,291,328,365,377,510,522,547,17,35,35,35,35,68,68,68,86,86,107,107,126,126,126],"floor_reached":33,"playtime":4605,"items_purged":["Injury"],"score":436,"play_id":"539d4c64-c39b-42d1-9a1f-63033166f221","local_time":"20190418233808","is_ascension_mode":true,"campfire_choices":[{"data":"Dodge and Roll","floor":6.0,"key":"SMITH"},{"floor":8.0,"key":"REST"},{"data":"Flying Knee","floor":10.0,"key":"SMITH"},{"floor":15,"key":"REST"},{"floor":23,"key":"REST"},{"data":"Catalyst","floor":28,"key":"SMITH"},{"data":"Metamorphosis","floor":30,"key":"SMITH"},{"floor":32,"key":"REST"}],"neow_cost":"NONE","seed_source_timestamp":167379874645671,"circlet_count":0,"master_deck":["Defend_G+1","Defend_G","Defend_G","Defend_G","Strike_G","Strike_G","Strike_G","Strike_G","Survivor","Neutralize","Noxious Fumes+1","Dodge and Roll+1","Distraction","Flying Knee+1","Terror","Predator","Flying Knee","Backstab","Deadly Poison","Burst","Catalyst+1","Metamorphosis+1","Bouncing Flask","Blur","Leg Sweep","Bouncing Flask+1","Terror+1","Bane","Dash"],"special_seed":0,"relics":["Ring of the Snake","NeowsBlessing","Bag of Marbles","Golden Idol","Dream Catcher","MawBank","Ancient Tea Set","Lizard Tail","Anchor","Oddly Smooth Stone","Dodecahedron","Omamori"],"potions_floor_usage":[18,18,20,24,27],"damage_taken":[{"damage":0.0,"enemies":"Jaw Worm","floor":1.0,"turns":1.0},{"damage":0.0,"enemies":"Small Slimes","floor":2.0,"turns":1.0},{"damage":0.0,"enemies":"Gremlin Nob","floor":7.0,"turns":2.0},{"damage":24.0,"enemies":"Lagavulin","floor":11.0,"turns":7.0},{"damage":0.0,"enemies":"Cultist","floor":13.0,"turns":3.0},{"damage":14,"enemies":"Red Slaver","floor":14,"turns":3},{"damage":18,"enemies":"Slime Boss","floor":16,"turns":9},{"damage":22,"enemies":"Spheric Guardian","floor":18,"turns":4},{"damage":6,"enemies":"3 Byrds","floor":20,"turns":4},{"damage":0,"enemies":"Gremlin Leader","floor":24,"turns":5},{"damage":5,"enemies":"Sentry and Sphere","floor":27,"turns":3},{"damage":7,"enemies":"Centurion and Healer","floor":29,"turns":7},{"damage":11,"enemies":"3 Cultists","floor":31,"turns":5},{"damage":104,"enemies":"Champ","floor":33,"turns":9}],"seed_played":"-6373041922887370481","potions_obtained":[{"floor":1.0,"key":"Energy Potion"},{"floor":2.0,"key":"Poison Potion"},{"floor":13.0,"key":"GamblersBrew"},{"floor":14,"key":"Strength Potion"},{"floor":18,"key":"Explosive Potion"},{"floor":24,"key":"Poison Potion"}],"is_trial":false,"path_per_floor":["M","M","?","?","?","R","E","R","T","R","E","?","M","M","R","B",null,"M","$","M","$","?","R","E","?","T","M","R","M","R","M","R","B"],"character_chosen":"THE_SILENT","items_purchased":["Metamorphosis","Anchor","Oddly Smooth Stone"],"campfire_rested":4,"item_purchase_floors":[19,19,19],"current_hp_per_floor":[63,63,49,42,42,42,42,63,63,63,39,39,39,25,46,28,60,38,38,32,32,32,53,53,53,53,48,48,41,41,30,51,0],"gold":126,"neow_bonus":"THREE_ENEMY_KILL","is_prod":false,"is_daily":false,"chose_seed":false,"campfire_upgraded":4,"win_rate":0,"timestamp":1555594688,"path_taken":["M","M","?","?","?","R","E","R","T","R","E","?","M","M","R","BOSS","M","?","?","?","?","R","E","?","T","M","R","?","R","M","R","BOSS"],"build_version":"2019-01-23","purchased_purges":1,"victory":false,"max_hp_per_floor":[70,70,70,70,70,70,70,70,70,70,70,70,70,70,70,70,70,70,70,70,70,70,70,70,70,70,70,70,70,70,70,70,70],"card_choices":[{"not_picked":["Predator","Choke"],"picked":"Noxious Fumes","floor":1.0},{"not_picked":["Well Laid Plans","Prepared"],"picked":"Dodge and Roll","floor":2.0},{"not_picked":["Riddle With Holes","Dagger Spray"],"picked":"Distraction","floor":7.0},{"not_picked":["Expertise","Calculated Gamble"],"picked":"Flying Knee","floor":8.0},{"not_picked":["Blade Dance","Endless Agony"],"picked":"Terror","floor":11.0},{"not_picked":["Prepared","Sucker Punch"],"picked":"Flying Knee","floor":13.0},{"not_picked":["PiercingWail","Reflex"],"picked":"Backstab","floor":14},{"not_picked":["Blade Dance","Setup"],"picked":"Deadly Poison","floor":15},{"not_picked":["Night Terror","Malaise"],"picked":"Burst","floor":16},{"not_picked":["Escape Plan+1","Poisoned Stab"],"picked":"Catalyst","floor":18},{"not_picked":["Masterful Stab","Flechettes"],"picked":"Bouncing Flask","floor":20},{"not_picked":["Escape Plan","Deflect"],"picked":"Blur","floor":23},{"not_picked":["Cloak And Dagger","Expertise"],"picked":"Leg Sweep","floor":24},{"not_picked":["Prepared","Underhanded Strike"],"picked":"Bouncing Flask+1","floor":27},{"not_picked":["Slice+1","Bouncing Flask"],"picked":"Terror+1","floor":29},{"not_picked":["Blade Dance","Dagger Throw"],"picked":"Bane","floor":31},{"not_picked":["Slice","Concentrate+1"],"picked":"Dash","floor":32}],"player_experience":1258735,"relics_obtained":[{"floor":7.0,"key":"Dream Catcher"},{"floor":9.0,"key":"MawBank"},{"floor":11.0,"key":"Ancient Tea Set"},{"floor":24,"key":"Dodecahedron"},{"floor":26,"key":"Omamori"}],"event_choices":[{"damage_healed":0.0,"max_hp_gain":0.0,"max_hp_loss":0.0,"gold_gain":0.0,"event_name":"Shining Light","player_choice":"Entered Light","floor":3.0,"gold_loss":0.0,"damage_taken":14.0,"cards_upgraded":["Noxious Fumes","Defend_G"]},{"damage_healed":0.0,"max_hp_gain":0.0,"max_hp_loss":0.0,"gold_gain":0.0,"event_name":"Scrap Ooze","player_choice":"Success","floor":4.0,"gold_loss":0.0,"damage_taken":7.0,"relics_obtained":["Bag of Marbles"]},{"damage_healed":0.0,"max_hp_gain":0.0,"max_hp_loss":0.0,"gold_gain":0.0,"event_name":"Golden Idol","player_choice":"Take Wound","floor":5.0,"gold_loss":0.0,"damage_taken":0.0,"relics_obtained":["Golden Idol"],"cards_obtained":["Injury"]},{"damage_healed":0.0,"max_hp_gain":0.0,"max_hp_loss":0.0,"gold_gain":0.0,"cards_transformed":["Strike_G"],"event_name":"Transmorgrifier","player_choice":"Transformed","floor":12.0,"gold_loss":0.0,"damage_taken":0.0,"cards_obtained":["Predator"]},{"damage_healed":0,"gold_gain":0,"player_choice":"Ignored","damage_taken":0,"max_hp_gain":0,"max_hp_loss":0,"event_name":"Beggar","floor":22,"gold_loss":0},{"cards_removed":["Defend_G"],"damage_healed":0,"gold_gain":0,"player_choice":"Offered Basic","damage_taken":0,"max_hp_gain":0,"max_hp_loss":0,"event_name":"Bonfire Elementals","floor":25,"gold_loss":0}],"is_beta":false,"boss_relics":[{"not_picked":["Tiny House","Runic Dome"],"picked":"Lizard Tail"}],"items_purged_floors":[19],"is_endless":false,"potions_floor_spawned":[1,2,13,14,18,24],"killed_by":"Champ","ascension_level":7}