{"gold_per_floor":[111,11,11,27,37,37,96,96,149,174,174,200,214,246,246,343,343,362,373,25,44,60,60,93,93,93,126,32,50,50,61,61,159,159,172,172,190,208,208],"floor_reached":39,"playtime":3811,"items_purged":[],"score":501,"play_id":"6fea6aa1-5fd8-4e86-b50e-7ee10bc9eb42","local_time":"20190522141545","is_ascension_mode":false,"campfire_choices":[{"data":"Limit Break","floor":6,"key":"SMITH"},{"data":"Heavy Blade","floor":8,"key":"SMITH"},{"floor":15,"key":"REST"},{"floor":23,"key":"RECALL"},{"floor":25,"key":"REST"},{"floor":30,"key":"REST"},{"data":"Inflame","floor":32,"key":"SMITH"}],"neow_cost":"TEN_PERCENT_HP_LOSS","seed_source_timestamp":389424543084984,"circlet_count":0,"master_deck":["Strike_R","Strike_R","Defend_R","Defend_R","Defend_R","Defend_R","Bash","Dark Shackles","Deep Breath","Flex+1","Sword Boomerang","Shrug It Off+1","Body Slam","Limit Break+1","Heavy Blade+1","Flame Barrier","Intimidate","Evolve","Sword Boomerang","Impervious","Combust+1","Shrug It Off+1","Twin Strike","Body Slam","Inflame+1","Shrug It Off","Flex","Feel No Pain","Pummel","Infernal Blade","Brutality","Infernal Blade+1","Inflame+1","Rage","Inflame+1"],"relics":["Black Blood","Art of War","Tiny Chest","Red Skull","Boot","Dead Branch","Sundial","War Paint","Lee\u0027s Waffle","Mercury Hourglass","Bronze Scales","Astrolabe"],"potions_floor_usage":[7,14,14,21,27,33,38,39],"damage_taken":[{"damage":7,"enemies":"2 Louse","floor":1,"turns":3},{"damage":5,"enemies":"Small Slimes","floor":4,"turns":3},{"damage":4,"enemies":"Jaw Worm","floor":5,"turns":3},{"damage":36,"enemies":"Gremlin Nob","floor":7,"turns":5},{"damage":32,"enemies":"Lagavulin","floor":10,"turns":6},{"damage":0,"enemies":"Gremlin Nob","floor":12,"turns":3},{"damage":2,"enemies":"Blue Slaver","floor":13,"turns":2},{"damage":13,"enemies":"Lagavulin","floor":14,"turns":3},{"damage":28,"enemies":"Slime Boss","floor":16,"turns":9},{"damage":12,"enemies":"Shell Parasite","floor":18,"turns":4},{"damage":23,"enemies":"3 Byrds","floor":19,"turns":5},{"damage":30,"enemies":"Centurion and Healer","floor":21,"turns":7},{"damage":19,"enemies":"Cultist and Chosen","floor":22,"turns":4},{"damage":23,"enemies":"Book of Stabbing","floor":24,"turns":5},{"damage":39,"enemies":"Gremlin Leader","floor":27,"turns":7},{"damage":13,"enemies":"3 Cultists","floor":29,"turns":4},{"damage":0,"enemies":"Snake Plant","floor":31,"turns":4},{"damage":37,"enemies":"Collector","floor":33,"turns":10},{"damage":20,"enemies":"3 Darklings","floor":35,"turns":5},{"damage":21,"enemies":"3 Shapes","floor":37,"turns":4},{"damage":52,"enemies":"Spire Growth","floor":38,"turns":6},{"damage":45,"enemies":"Transient","floor":39,"turns":3}],"seed_played":"268661133951647418","potions_obtained":[{"floor":1,"key":"Regen Potion"},{"floor":7,"key":"LiquidBronze"},{"floor":13,"key":"Poison Potion"},{"floor":19,"key":"SpeedPotion"},{"floor":24,"key":"FearPotion"},{"floor":29,"key":"Energy Potion"},{"floor":35,"key":"Poison Potion"},{"floor":37,"key":"SkillPotion"}],"is_trial":false,"path_per_floor":["M","$","?","M","M","R","E","R","T","E","?","E","M","E","R","B",null,"M","M","$","M","M","R","E","R","T","E","$","M","R","M","R","B",null,"M","?","M","M","M"],"character_chosen":"IRONCLAD","items_purchased":["Sword Boomerang","Shrug It Off","War Paint","Lee\u0027s Waffle","Flex","Feel No Pain"],"campfire_rested":3,"item_purchase_floors":[2,2,20,20,28,28],"current_hp_per_floor":[71,71,71,72,72,72,51,51,51,25,18,24,28,21,42,20,72,70,57,79,59,50,50,37,60,60,31,31,28,51,61,61,34,79,69,69,58,16,0],"gold":208,"neow_bonus":"RANDOM_COLORLESS_2","is_prod":false,"is_daily":false,"chose_seed":false,"campfire_upgraded":3,"win_rate":0,"timestamp":1558498545,"path_taken":["M","$","?","M","M","R","E","R","T","E","?","E","M","E","R","BOSS","M","M","$","M","M","R","E","R","T","E","$","M","R","M","R","BOSS","M","?","M","M","M"],"build_version":"2019-01-23","purchased_purges":0,"victory":false,"max_hp_per_floor":[72,72,72,72,72,72,72,72,72,72,72,72,72,72,72,72,72,72,72,79,79,79,79,79,79,79,79,79,79,79,79,79,79,79,79,79,79,79,79],"card_choices":[{"not_picked":["Shrug It Off","Anger"],"picked":"Flex","floor":1},{"not_picked":["Warcry","Reckless Charge"],"picked":"Body Slam","floor":4},{"not_picked":["Sword Boomerang","Pommel Strike"],"picked":"Limit Break","floor":5},{"not_picked":["Pummel","Pommel Strike"],"picked":"Heavy Blade","floor":7},{"not_picked":["Immolate","Body Slam"],"picked":"Flame Barrier","floor":10},{"not_picked":["Sword Boomerang","Reckless Charge"],"picked":"Intimidate","floor":12},{"not_picked":["Sword Boomerang","Wild Strike"],"picked":"Evolve","floor":13},{"not_picked":["Twin Strike","Warcry"],"picked":"Sword Boomerang","floor":14},{"not_picked":["Fiend Fire","Limit Break"],"picked":"Impervious","floor":16},{"not_picked":["Sentinel","Clothesline"],"picked":"Combust+1","floor":18},{"not_picked":["Headbutt","Second Wind+1"],"picked":"Shrug It Off+1","floor":19},{"not_picked":["Carnage","Thunderclap"],"picked":"Twin Strike","floor":21},{"not_picked":["Bloodletting","Evolve"],"picked":"Body Slam","floor":22},{"not_picked":["Sever Soul","Wild Strike"],"picked":"Inflame","floor":24},{"not_picked":["Flex","Reckless Charge"],"picked":"Shrug It Off","floor":27},{"not_picked":["Armaments","Disarm"],"picked":"Pummel","floor":29},{"not_picked":["Perfected Strike","Shrug It Off"],"picked":"Infernal Blade","floor":31},{"not_picked":["Offering","Feed"],"picked":"Brutality","floor":33},{"not_picked":["Armaments","Iron Wave+1"],"picked":"Rage","floor":35},{"not_picked":["Headbutt+1","Warcry+1","Clash"],"picked":"SKIP","floor":37},{"not_picked":["Second Wind+1","Havoc+1"],"picked":"Inflame+1","floor":38}],"player_experience":1964776,"relics_obtained":[{"floor":7,"key":"Tiny Chest"},{"floor":9,"key":"Red Skull"},{"floor":10,"key":"Boot"},{"floor":12,"key":"Dead Branch"},{"floor":14,"key":"Sundial"},{"floor":24,"key":"Mercury Hourglass"},{"floor":27,"key":"Bronze Scales"}],"event_choices":[{"damage_healed":0,"gold_gain":0,"player_choice":"Box","damage_taken":0,"relics_obtained":["Art of War"],"max_hp_gain":0,"max_hp_loss":0,"event_name":"Big Fish","floor":3,"gold_loss":0,"cards_obtained":["Regret"]},{"cards_removed":["Regret"],"damage_healed":0,"gold_gain":0,"player_choice":"Card Removal","damage_taken":7,"max_hp_gain":0,"max_hp_loss":0,"event_name":"Golden Wing","floor":11,"gold_loss":0},{"cards_removed":["Clash"],"damage_healed":0,"gold_gain":0,"player_choice":"Removed Attack","damage_taken":0,"max_hp_gain":0,"max_hp_loss":0,"event_name":"Falling","floor":36,"gold_loss":0}],"is_beta":false,"boss_relics":[{"not_picked":["Eternal Feather","Velvet Choker"],"picked":"Black Blood"},{"not_picked":["Coffee Dripper","Tiny House"],"picked":"Astrolabe"}],"items_purged_floors":[],"is_endless":false,"potions_floor_spawned":[1,7,13,19,24,29,35,37],"killed_by":"Transient","ascension_level":0}