{"gold_per_floor":[109,122,14,14,29,29,62,76,76,76,100,100,140,154,154,154],"floor_reached":16,"playtime":9719,"items_purged":[],"score":110,"play_id":"814f87d8-e9db-4ff3-b941-a2845fbb776a","local_time":"20190602112845","is_ascension_mode":false,"campfire_choices":[{"floor":6,"key":"RECALL"},{"data":"Limit Break","floor":10,"key":"SMITH"},{"data":"Shockwave","floor":12,"key":"SMITH"},{"data":"True Grit","floor":15,"key":"SMITH"}],"neow_cost":"PERCENT_DAMAGE","seed_source_timestamp":0,"circlet_count":0,"master_deck":["Strike_R","Strike_R","Strike_R","Strike_R","Strike_R","Defend_R","Defend_R","Defend_R","Defend_R","Bash","Limit Break+1","Wild Strike","Shockwave+1","Carnage","Injury","Rupture","Iron Wave","Ghostly Armor","Corruption","True Grit+1"],"special_seed":0,"relics":["Burning Blood","Golden Idol","PreservedInsect","Boot","Bottled Flame"],"potions_floor_usage":[14,16],"damage_taken":[{"damage":5.0,"enemies":"Cultist","floor":1.0,"turns":4.0},{"damage":2.0,"enemies":"2 Louse","floor":2.0,"turns":4.0},{"damage":3,"enemies":"Jaw Worm","floor":5,"turns":3},{"damage":18,"enemies":"Gremlin Nob","floor":7,"turns":4},{"damage":4,"enemies":"Blue Slaver","floor":8,"turns":4},{"damage":16,"enemies":"3 Sentries","floor":13,"turns":6},{"damage":10,"enemies":"Lots of Slimes","floor":14,"turns":2},{"damage":79,"enemies":"The Guardian","floor":16,"turns":14}],"seed_played":"4949276243836935942","potions_obtained":[{"floor":2.0,"key":"GamblersBrew"},{"floor":5,"key":"Explosive Potion"},{"floor":14,"key":"FairyPotion"}],"is_trial":false,"path_per_floor":["M","M","$","?","M","R","E","M","T","R","T","R","E","M","R","B"],"character_chosen":"IRONCLAD","items_purchased":["Shockwave","Carnage"],"campfire_rested":0,"item_purchase_floors":[3,3],"current_hp_per_floor":[57,61,61,61,64,64,52,54,54,54,54,54,44,40,40,0],"gold":154,"neow_bonus":"THREE_RARE_CARDS","is_prod":false,"is_daily":false,"chose_seed":false,"campfire_upgraded":3,"win_rate":0,"timestamp":1559438925,"path_taken":["M","?","$","?","M","R","E","M","T","R","?","R","E","M","R","BOSS"],"build_version":"2019-01-23","purchased_purges":0,"victory":false,"max_hp_per_floor":[80,80,80,80,80,80,80,80,80,80,80,80,80,80,80,80],"card_choices":[{"not_picked":["Reaper","Exhume"],"picked":"Limit Break","floor":0.0},{"not_picked":["Iron Wave","Flex","Pommel Strike"],"picked":"SKIP","floor":1.0},{"not_picked":["Clash","Feel No Pain"],"picked":"Wild Strike","floor":2.0},{"not_picked":["Inflame","Cleave"],"picked":"Rupture","floor":5},{"not_picked":["Clash","Berserk"],"picked":"Iron Wave","floor":7},{"not_picked":["Pommel Strike","Twin Strike"],"picked":"Ghostly Armor","floor":8},{"not_picked":["Perfected Strike","Double Tap"],"picked":"Corruption","floor":13},{"not_picked":["Sword Boomerang","Heavy Blade"],"picked":"True Grit","floor":14}],"player_experience":2043922,"relics_obtained":[{"floor":7,"key":"PreservedInsect"},{"floor":11,"key":"Boot"},{"floor":13,"key":"Bottled Flame"}],"event_choices":[{"damage_healed":0.0,"max_hp_gain":0.0,"max_hp_loss":0.0,"gold_gain":0.0,"event_name":"Golden Idol","player_choice":"Take Wound","floor":4.0,"gold_loss":0.0,"damage_taken":0.0,"relics_obtained":["Golden Idol"],"cards_obtained":["Injury"]}],"is_beta":false,"boss_relics":[],"items_purged_floors":[],"is_endless":false,"potions_floor_spawned":[2,5,14],"killed_by":"The Guardian","ascension_level":0}