{"gold_per_floor":[113,113,113,134,309,348,348,60,129,129,147,167,167,191,191,310,310,290,309,309,63,63],"floor_reached":22,"playtime":1742,"items_purged":[],"score":230,"play_id":"d73b5bd6-dc92-4212-8bd2-1f0ab875f62b","local_time":"20190202011238","is_ascension_mode":true,"campfire_choices":[{"data":"Reinforced Body","floor":7,"key":"SMITH"},{"data":"Buffer","floor":13,"key":"SMITH"},{"data":"Chill","floor":15,"key":"SMITH"}],"neow_cost":"NONE","seed_source_timestamp":285348925453732,"circlet_count":0,"master_deck":["Strike_B","Strike_B","Strike_B+1","Defend_B","Defend_B","Defend_B","Defend_B","Zap","Dualcast","Turbo","Injury","Tempest","Reinforced Body+1","Bandage Up","Buffer+1","Chill+1","Aggregate","Amplify","Self Repair","Lockon","Transmutation"],"relics":["Cracked Core","NeowsBlessing","Calipers","Golden Idol","Whetstone","Chemical X","Pear","Inserter"],"potions_floor_usage":[12,16,16,22],"damage_taken":[{"damage":0,"enemies":"2 Louse","floor":1,"turns":1},{"damage":0,"enemies":"Small Slimes","floor":4,"turns":1},{"damage":0,"enemies":"3 Sentries","floor":6,"turns":1},{"damage":0,"enemies":"Cultist","floor":11,"turns":2},{"damage":0,"enemies":"Lots of Slimes","floor":12,"turns":4},{"damage":13,"enemies":"Exordium Wildlife","floor":14,"turns":4},{"damage":82,"enemies":"Slime Boss","floor":16,"turns":17},{"damage":20,"enemies":"2 Thieves","floor":18,"turns":5},{"damage":32,"enemies":"3 Byrds","floor":19,"turns":6},{"damage":68,"enemies":"Masked Bandits","floor":22,"turns":4}],"seed_played":"-2913291556444396096","potions_obtained":[{"floor":1,"key":"Fire Potion"},{"floor":6,"key":"Regen Potion"},{"floor":12,"key":"Dexterity Potion"},{"floor":16,"key":"Dexterity Potion"}],"is_trial":false,"path_per_floor":["M","?","?","M","?","E","R","$","T","?","M","M","R","M","R","B",null,"M","M","?","$","?"],"character_chosen":"DEFECT","items_purchased":["Chemical X","Bandage Up","Transmutation","Energy Potion"],"campfire_rested":0,"item_purchase_floors":[8,8,21,21],"current_hp_per_floor":[75,68,68,68,68,68,68,68,78,78,78,82,82,69,69,6,85,69,55,55,55,0],"gold":63,"neow_bonus":"THREE_ENEMY_KILL","is_prod":false,"is_daily":false,"chose_seed":true,"campfire_upgraded":3,"win_rate":0,"timestamp":1549030358,"path_taken":["M","?","?","M","?","E","R","$","T","?","M","?","R","M","R","BOSS","M","?","?","?","?"],"build_version":"2019-01-23","purchased_purges":0,"victory":false,"max_hp_per_floor":[75,75,75,75,75,75,75,75,85,85,85,85,85,85,85,85,85,85,85,85,85,85],"card_choices":[{"not_picked":["Recycle","Melter"],"picked":"Turbo","floor":1},{"not_picked":["Hologram","Go for the Eyes"],"picked":"Tempest","floor":4},{"not_picked":["Turbo","Redo"],"picked":"Reinforced Body","floor":6},{"not_picked":["Genetic Algorithm","Hologram"],"picked":"Buffer","floor":11},{"not_picked":["Hologram","Rebound"],"picked":"Chill","floor":12},{"not_picked":["Consume","Chaos"],"picked":"Aggregate","floor":14},{"not_picked":["Fission","Creative AI"],"picked":"Amplify","floor":16},{"not_picked":["Sweeping Beam","Reprogram+1"],"picked":"Self Repair","floor":18},{"not_picked":["Go for the Eyes","Cold Snap"],"picked":"Lockon","floor":19}],"player_experience":216400,"relics_obtained":[{"floor":6,"key":"Whetstone"},{"floor":9,"key":"Pear"}],"event_choices":[{"damage_healed":0,"gold_gain":0,"player_choice":"Success","damage_taken":7,"relics_obtained":["Calipers"],"max_hp_gain":0,"max_hp_loss":0,"event_name":"Scrap Ooze","floor":2,"gold_loss":0},{"damage_healed":0,"gold_gain":0,"player_choice":"Take Wound","damage_taken":0,"relics_obtained":["Golden Idol"],"max_hp_gain":0,"max_hp_loss":0,"event_name":"Golden Idol","floor":3,"gold_loss":0,"cards_obtained":["Injury"]},{"damage_healed":0,"gold_gain":175,"player_choice":"AGREE","damage_taken":0,"max_hp_gain":0,"max_hp_loss":0,"event_name":"Liars Game","floor":5,"gold_loss":0,"cards_obtained":["Doubt"]},{"cards_removed":["Doubt"],"damage_healed":0,"gold_gain":0,"player_choice":"Purged","damage_taken":0,"max_hp_gain":0,"max_hp_loss":0,"event_name":"Purifier","floor":10,"gold_loss":0},{"cards_removed":["Strike_B"],"damage_healed":0,"gold_gain":0,"player_choice":"Offered Basic","damage_taken":0,"max_hp_gain":0,"max_hp_loss":0,"event_name":"Bonfire Elementals","floor":20,"gold_loss":0},{"damage_healed":0,"gold_gain":0,"player_choice":"Fought Bandits","damage_taken":0,"max_hp_gain":0,"max_hp_loss":0,"event_name":"Masked Bandits","floor":22,"gold_loss":0}],"is_beta":false,"boss_relics":[{"not_picked":["Black Star","Philosopher\u0027s Stone"],"picked":"Inserter"}],"items_purged_floors":[],"is_endless":false,"potions_floor_spawned":[1,6,12,16],"killed_by":"Masked Bandits","ascension_level":2}