{"gold_per_floor":[111,261,63,80,98,131,131,156,156,172,172,172,201,212,212,284,284,300,300,35,55,65,65,65,65,65,100,150,150,163,173,173,173],"floor_reached":33,"playtime":1769,"items_purged":["Doubt","Strike_G"],"score":558,"play_id":"b42e9fa7-2b30-4f32-a06e-89f3d7fda893","local_time":"20190515113248","is_ascension_mode":true,"campfire_choices":[{"data":"Predator","floor":7.0,"key":"SMITH"},{"floor":11.0,"key":"REST"},{"floor":15.0,"key":"REST"},{"data":"Storm of Steel","floor":23.0,"key":"SMITH"},{"floor":25.0,"key":"DIG"},{"floor":32,"key":"REST"}],"neow_cost":"NONE","seed_source_timestamp":0,"circlet_count":0,"master_deck":["AscendersBane","Defend_G+1","Defend_G+1","Defend_G+1","Defend_G+1","Defend_G+1","Strike_G+1","Strike_G+1","Strike_G+1","Strike_G+1","Survivor","Neutralize","All Out Attack+1","All Out Attack+1","Caltrops","Blur","Predator+1","Storm of Steel+1","Underhanded Strike","Backflip","Acrobatics","Malaise","PiercingWail","Bullet Time","Flying Knee+1","Normality","Distraction+1","Dodge and Roll"],"special_seed":0,"relics":["Runic Pyramid","Vajra","Peace Pipe","Singing Bowl","Shovel","Cursed Key","Snake Skull","Pantograph","Anchor","MutagenicStrength"],"potions_floor_usage":[31,31,31,31],"damage_taken":[{"damage":1.0,"enemies":"Jaw Worm","floor":1.0,"turns":5.0},{"damage":0.0,"enemies":"Small Slimes","floor":4.0,"turns":3.0},{"damage":0.0,"enemies":"2 Louse","floor":5.0,"turns":3.0},{"damage":20.0,"enemies":"Gremlin Nob","floor":6.0,"turns":4.0},{"damage":17.0,"enemies":"Lagavulin","floor":8.0,"turns":8.0},{"damage":7.0,"enemies":"Looter","floor":10.0,"turns":3.0},{"damage":0.0,"enemies":"Gremlin Nob","floor":13.0,"turns":2.0},{"damage":0.0,"enemies":"2 Fungi Beasts","floor":14.0,"turns":2.0},{"damage":16.0,"enemies":"Slime Boss","floor":16.0,"turns":9.0},{"damage":2.0,"enemies":"Chosen","floor":18.0,"turns":4.0},{"damage":5.0,"enemies":"Shell Parasite","floor":21.0,"turns":6.0},{"damage":5.0,"enemies":"Cultist and Chosen","floor":22.0,"turns":6.0},{"damage":45.0,"enemies":"Slavers","floor":27.0,"turns":5.0},{"damage":0.0,"enemies":"Centurion and Healer","floor":30.0,"turns":6.0},{"damage":0,"enemies":"3 Cultists","floor":31,"turns":5},{"damage":66,"enemies":"Champ","floor":33,"turns":14}],"seed_played":"5575885845264096980","potions_obtained":[{"floor":4.0,"key":"SkillPotion"},{"floor":6.0,"key":"SneckoOil"},{"floor":10.0,"key":"Swift Potion"},{"floor":13.0,"key":"Weak Potion"},{"floor":21.0,"key":"Swift Potion"},{"floor":27.0,"key":"EntropicBrew"},{"floor":30.0,"key":"LiquidBronze"}],"is_trial":false,"path_per_floor":["M","?","$","M","M","E","R","E","T","M","R","?","E","M","R","B",null,"M","?","$","M","M","R","?","R","T","E","?","?","M","M","R","B"],"character_chosen":"THE_SILENT","items_purchased":["All Out Attack","Caltrops","Bullet Time"],"campfire_rested":3,"item_purchase_floors":[3,3,20],"current_hp_per_floor":[58,58,58,58,58,38,38,21,21,14,33,13,13,13,32,18,56,54,54,54,49,46,46,46,46,46,1,1,1,1,3,24,0],"gold":173,"neow_bonus":"BOSS_RELIC","is_prod":false,"is_daily":false,"chose_seed":false,"campfire_upgraded":2,"win_rate":0,"timestamp":1557941568,"path_taken":["M","?","$","M","M","E","R","E","T","M","R","?","E","M","R","BOSS","M","?","$","M","M","R","?","R","T","E","?","?","?","M","R","BOSS"],"build_version":"2019-01-23","purchased_purges":2,"victory":false,"max_hp_per_floor":[66,66,66,66,66,66,66,66,66,66,66,66,66,66,66,68,68,68,68,68,68,70,70,70,70,70,70,70,70,70,72,72,72],"card_choices":[{"not_picked":["Outmaneuver","Dagger Spray"],"picked":"All Out Attack","floor":1.0},{"not_picked":["Prepared","Dagger Throw"],"picked":"Blur","floor":4.0},{"not_picked":["PiercingWail","Dagger Throw"],"picked":"Predator","floor":5.0},{"not_picked":["Poisoned Stab","Blade Dance"],"picked":"Storm of Steel","floor":6.0},{"not_picked":["Acrobatics","Endless Agony"],"picked":"Underhanded Strike","floor":8.0},{"not_picked":["Blur","Acrobatics"],"picked":"Backflip","floor":10.0},{"not_picked":["Slice","Backflip"],"picked":"Acrobatics","floor":13.0},{"not_picked":["Flying Knee","Deflect"],"picked":"Malaise","floor":14.0},{"not_picked":["Malaise","Envenom","Glass Knife"],"picked":"Singing Bowl","floor":16.0},{"not_picked":["Flying Knee+1","Dagger Spray"],"picked":"PiercingWail","floor":18.0},{"not_picked":["Dagger Spray","Acrobatics"],"picked":"Flying Knee+1","floor":21.0},{"not_picked":["Setup","Deadly Poison","Choke"],"picked":"Singing Bowl","floor":22.0},{"not_picked":["Flying Knee","Deflect"],"picked":"Distraction+1","floor":27.0},{"not_picked":["Quick Slash","Slice"],"picked":"Dodge and Roll","floor":30.0},{"not_picked":["Dagger Spray","Doppelganger","Outmaneuver"],"picked":"Singing Bowl","floor":31}],"player_experience":905488,"relics_obtained":[{"floor":6.0,"key":"Vajra"},{"floor":8.0,"key":"Peace Pipe"},{"floor":9.0,"key":"Singing Bowl"},{"floor":13.0,"key":"Shovel"},{"floor":25.0,"key":"Snake Skull"},{"floor":26.0,"key":"Pantograph"},{"floor":27.0,"key":"Anchor"}],"event_choices":[{"damage_healed":0.0,"max_hp_gain":0.0,"max_hp_loss":0.0,"gold_gain":150.0,"event_name":"Liars Game","player_choice":"AGREE","floor":2.0,"gold_loss":0.0,"damage_taken":0.0,"cards_obtained":["Doubt"]},{"damage_healed":0.0,"max_hp_gain":0.0,"max_hp_loss":0.0,"gold_gain":0.0,"event_name":"Shining Light","player_choice":"Entered Light","floor":12.0,"gold_loss":0.0,"damage_taken":20.0,"cards_upgraded":["All Out Attack","All Out Attack"]},{"damage_healed":0.0,"max_hp_gain":0.0,"max_hp_loss":0.0,"gold_gain":0.0,"event_name":"Ghosts","player_choice":"Ignored","floor":19.0,"gold_loss":0.0,"damage_taken":0.0},{"damage_healed":0.0,"max_hp_gain":0.0,"max_hp_loss":0.0,"gold_gain":0.0,"event_name":"Back to Basics","player_choice":"Simplicity","floor":24.0,"gold_loss":0.0,"damage_taken":0.0,"cards_upgraded":["Defend_G","Defend_G","Defend_G","Defend_G","Defend_G","Strike_G","Strike_G","Strike_G","Strike_G"]},{"damage_healed":0.0,"max_hp_gain":0.0,"max_hp_loss":0.0,"gold_gain":50.0,"event_name":"Nest","player_choice":"Stole From Cult","floor":28.0,"gold_loss":0.0,"damage_taken":0.0},{"damage_healed":0.0,"max_hp_gain":0.0,"max_hp_loss":0.0,"gold_gain":0.0,"event_name":"Drug Dealer","player_choice":"Inject Mutagens","floor":29.0,"gold_loss":0.0,"damage_taken":0.0,"relics_obtained":["MutagenicStrength"]}],"is_beta":false,"boss_relics":[{"not_picked":["Black Star","Coffee Dripper"],"picked":"Cursed Key"}],"items_purged_floors":[3,20],"is_endless":false,"potions_floor_spawned":[4,6,10,13,21,27,30],"killed_by":"Champ","ascension_level":16}