{"gold_per_floor":[110,122,53,53,53,53,121,121,148,373,388,388,407,436,436,436],"floor_reached":16,"playtime":4211,"items_purged":[],"score":130,"play_id":"b449529b-a045-4a8d-8fd3-8c487dd1ee0b","local_time":"20190416223430","is_ascension_mode":true,"campfire_choices":[{"data":"Backflip","floor":6.0,"key":"SMITH"},{"data":"Backstab","floor":8,"key":"SMITH"},{"data":"Deadly Poison","floor":12,"key":"SMITH"},{"floor":15,"key":"REST"}],"neow_cost":"NONE","seed_source_timestamp":440134731381784,"circlet_count":0,"master_deck":["Defend_G","Defend_G","Defend_G","Defend_G","Strike_G","Strike_G","Strike_G","Strike_G","Survivor","Neutralize","Cloak And Dagger","Deadly Poison+1","Backflip+1","Quick Slash","Backstab+1","Deadly Poison","Envenom","Quick Slash"],"special_seed":0,"relics":["Ring of the Snake","SsserpentHead","Omamori","Unceasing Top"],"potions_floor_usage":[14,14,16],"damage_taken":[{"damage":2.0,"enemies":"Cultist","floor":1.0,"turns":4.0},{"damage":0.0,"enemies":"Jaw Worm","floor":2.0,"turns":6.0},{"damage":0,"enemies":"2 Louse","floor":7,"turns":3},{"damage":11,"enemies":"Large Slime","floor":11,"turns":6},{"damage":0,"enemies":"Blue Slaver","floor":13,"turns":3},{"damage":5,"enemies":"3 Sentries","floor":14,"turns":6},{"damage":59,"enemies":"Slime Boss","floor":16,"turns":8}],"seed_played":"-813954904581102408","potions_obtained":[{"floor":2.0,"key":"Explosive Potion"},{"floor":7,"key":"SkillPotion"},{"floor":11,"key":"Poison Potion"}],"is_trial":false,"path_per_floor":["M","M","$","?","?","R","M","R","T","?","M","R","M","E","R","B"],"character_chosen":"THE_SILENT","items_purchased":["Backflip","Quick Slash"],"campfire_rested":1,"item_purchase_floors":[3,3],"current_hp_per_floor":[61,61,61,54,54,54,54,54,54,54,43,43,43,38,59,0],"gold":436,"neow_bonus":"REMOVE_CARD","is_prod":false,"is_daily":false,"chose_seed":false,"campfire_upgraded":3,"win_rate":0,"timestamp":1555418070,"path_taken":["M","?","$","?","?","R","?","R","T","?","M","R","M","E","R","BOSS"],"build_version":"2019-01-23","purchased_purges":0,"victory":false,"max_hp_per_floor":[70,70,70,70,70,70,70,70,70,70,70,70,70,70,70,70],"card_choices":[{"not_picked":["Outmaneuver","Dagger Spray"],"picked":"Cloak And Dagger","floor":1.0},{"not_picked":["Poisoned Stab","Escape Plan"],"picked":"Deadly Poison","floor":2.0},{"not_picked":["Backflip","Dash"],"picked":"Backstab","floor":7},{"not_picked":["Acrobatics","Slice"],"picked":"Deadly Poison","floor":11},{"not_picked":["Eviscerate","Prepared"],"picked":"Envenom","floor":13},{"not_picked":["Backflip","Escape Plan"],"picked":"Quick Slash","floor":14}],"player_experience":1245598,"relics_obtained":[{"floor":9,"key":"Omamori"},{"floor":14,"key":"Unceasing Top"}],"event_choices":[{"cards_removed":["Defend_G"],"damage_healed":0.0,"max_hp_gain":0.0,"max_hp_loss":0.0,"gold_gain":0.0,"event_name":"Golden Wing","player_choice":"Card Removal","floor":4.0,"gold_loss":0.0,"damage_taken":7.0},{"damage_healed":0.0,"max_hp_gain":0.0,"max_hp_loss":0.0,"gold_gain":0.0,"event_name":"FaceTrader","player_choice":"Trade","floor":5.0,"gold_loss":0.0,"damage_taken":0.0,"relics_obtained":["SsserpentHead"]},{"damage_healed":0,"gold_gain":175,"player_choice":"AGREE","damage_taken":0,"max_hp_gain":0,"max_hp_loss":0,"event_name":"Liars Game","floor":10,"gold_loss":0,"cards_obtained":["Doubt"]}],"is_beta":false,"boss_relics":[],"items_purged_floors":[],"is_endless":false,"potions_floor_spawned":[2,7,11],"killed_by":"Slime Boss","ascension_level":6}