{"gold_per_floor":[119,119,119,138,164,198,198,216,240,390,28,55,2,2,14,97,109,137,49,49,62,62,62,88,108,108,138,138,138,197,213,213,290,290,303,318,318,342,353,353,129,155,155,0,50,50,66,11,11,11,11,11,11,11],"floor_reached":54,"playtime":2375,"items_purged":["Doubt","Strike_R","Bite"],"score":1395,"play_id":"ba411af0-377e-4e1a-8b53-849dbb21388d","local_time":"20190617155711","is_ascension_mode":true,"campfire_choices":[{"data":"Bash","floor":7.0,"key":"SMITH"},{"data":"Metallicize","floor":15.0,"key":"SMITH"},{"data":"Demon Form","floor":23.0,"key":"SMITH"},{"data":"Battle Trance","floor":28.0,"key":"SMITH"},{"data":"Armaments","floor":32.0,"key":"SMITH"},{"data":"Whirlwind","floor":40.0,"key":"SMITH"},{"floor":46.0,"key":"RECALL"},{"data":"Enlightenment","floor":49.0,"key":"SMITH"},{"data":"Heavy Blade","floor":52,"key":"SMITH"}],"neow_cost":"NONE","seed_source_timestamp":0,"circlet_count":0,"master_deck":["AscendersBane","Defend_R+1","Defend_R","Defend_R","Defend_R","Bash+1","Demon Form+1","Iron Wave","Battle Trance+1","Cleave","Metallicize+1","Cleave","Anger","Limit Break","Whirlwind+1","Bite","Bite","Bite","Bite","Iron Wave","Armaments+1","Rage+1","Battle Trance+1","Impervious","Heavy Blade+1","Heavy Blade+1","Enlightenment+1","Metallicize+1","Bloodletting+1"],"special_seed":0,"relics":["Black Blood","Red Skull","Oddly Smooth Stone","Pen Nib","Bag of Preparation","Strawberry","MawBank","Coffee Dripper","Orichalcum","Bronze Scales","Art of War","Paper Frog","Tiny Chest","Bottled Flame","Smiling Mask","Centennial Puzzle","Red Mask"],"potions_floor_usage":[50,50],"damage_taken":[{"damage":12.0,"enemies":"Small Slimes","floor":1.0,"turns":4.0},{"damage":0.0,"enemies":"Jaw Worm","floor":4.0,"turns":3.0},{"damage":14.0,"enemies":"Lagavulin","floor":6.0,"turns":6.0},{"damage":0.0,"enemies":"2 Louse","floor":8.0,"turns":2.0},{"damage":13.0,"enemies":"Gremlin Nob","floor":12.0,"turns":4.0},{"damage":22.0,"enemies":"Slime Boss","floor":16.0,"turns":7.0},{"damage":6.0,"enemies":"3 Byrds","floor":18.0,"turns":6.0},{"damage":15.0,"enemies":"Spheric Guardian","floor":21.0,"turns":4.0},{"damage":43.0,"enemies":"Book of Stabbing","floor":24.0,"turns":5.0},{"damage":1.0,"enemies":"3 Cultists","floor":25.0,"turns":4.0},{"damage":22.0,"enemies":"Gremlin Leader","floor":27.0,"turns":4.0},{"damage":9.0,"enemies":"Book of Stabbing","floor":30.0,"turns":3.0},{"damage":8.0,"enemies":"Chosen and Byrds","floor":31.0,"turns":3.0},{"damage":36.0,"enemies":"Champ","floor":33.0,"turns":8.0},{"damage":6.0,"enemies":"Orb Walker","floor":35.0,"turns":3.0},{"damage":10.0,"enemies":"3 Darklings","floor":36.0,"turns":4.0},{"damage":32.0,"enemies":"Jaw Worm Horde","floor":39.0,"turns":5.0},{"damage":52.0,"enemies":"Reptomancer","floor":42.0,"turns":8.0},{"damage":6.0,"enemies":"Maw","floor":47.0,"turns":6.0},{"damage":44,"enemies":"Donu and Deca","floor":50,"turns":5},{"damage":78,"enemies":"Shield and Spear","floor":54,"turns":3}],"seed_played":"8363422541486524107","potions_obtained":[{"floor":1.0,"key":"Ancient Potion"},{"floor":6.0,"key":"Swift Potion"},{"floor":18.0,"key":"Fire Potion"},{"floor":27.0,"key":"AttackPotion"},{"floor":33.0,"key":"Block Potion"},{"floor":36.0,"key":"SteroidPotion"}],"is_trial":false,"path_per_floor":["M","?","?","M","T","E","R","M","T","?","$","E","$","?","R","B",null,"M","$","?","M","?","R","E","M","T","E","R","?","E","M","R","B",null,"M","M","T","T","M","R","$","E","T","?","?","R","M","$","R","B",null,"R","$","E"],"character_chosen":"IRONCLAD","items_purchased":["Bag of Preparation","Block Potion","Cleave","Pommel Strike","Enlightenment","EssenceOfSteel","Dexterity Potion"],"campfire_rested":0,"item_purchase_floors":[11,11,11,13,41,41,48],"current_hp_per_floor":[62,57,34,40,40,32,32,38,38,38,38,40,40,40,40,26,68,70,70,70,71,71,71,40,51,51,39,39,39,38,44,44,34,70,79,82,82,82,66,66,66,34,34,34,34,34,51,51,51,24,68,68,68,0],"gold":11,"neow_bonus":"ONE_RANDOM_RARE_CARD","is_prod":false,"is_daily":false,"chose_seed":false,"campfire_upgraded":8,"win_rate":0,"timestamp":1560779831,"path_taken":["M","?","?","M","?","E","R","M","T","?","$","E","?","?","R","BOSS","M","$","?","M","?","R","E","M","T","E","R","?","E","M","R","BOSS","M","M","?","?","?","R","$","E","T","?","?","R","?","?","R","BOSS","R","$","E"],"build_version":"2019-01-23","purchased_purges":3,"victory":false,"max_hp_per_floor":[75,75,75,75,75,75,75,75,75,75,75,82,82,82,82,82,82,82,82,82,82,82,82,82,82,82,82,82,82,82,82,82,82,82,82,82,82,82,82,82,82,82,82,82,82,82,82,82,82,82,82,82,82,82],"card_choices":[{"not_picked":["Sever Soul","Warcry"],"picked":"Iron Wave","floor":1.0},{"not_picked":["Uppercut","Flex"],"picked":"Battle Trance","floor":4.0},{"not_picked":["Infernal Blade","Clothesline"],"picked":"Cleave","floor":6.0},{"not_picked":["Ghostly Armor","Thunderclap"],"picked":"Metallicize","floor":8.0},{"not_picked":["Rampage","Reckless Charge"],"picked":"Anger","floor":12.0},{"not_picked":["Berserk","Feed"],"picked":"Limit Break","floor":16.0},{"not_picked":["Heavy Blade","Warcry"],"picked":"Whirlwind","floor":18.0},{"not_picked":["Wild Strike","Warcry","Rage"],"picked":"SKIP","floor":21.0},{"not_picked":["Heavy Blade","Demon Form"],"picked":"Iron Wave","floor":24.0},{"not_picked":["Iron Wave","Carnage"],"picked":"Armaments","floor":25.0},{"not_picked":["Sever Soul","Berserk"],"picked":"Rage+1","floor":27.0},{"not_picked":["Anger+1","Hemokinesis+1"],"picked":"Battle Trance+1","floor":30.0},{"not_picked":["Cleave","Thunderclap","Infernal Blade"],"picked":"SKIP","floor":31.0},{"not_picked":["Feed","Fiend Fire"],"picked":"Impervious","floor":33.0},{"not_picked":["Flame Barrier","True Grit"],"picked":"Heavy Blade","floor":35.0},{"not_picked":["Pummel","Sword Boomerang","Twin Strike"],"picked":"SKIP","floor":36.0},{"not_picked":["Whirlwind","Sever Soul"],"picked":"Heavy Blade+1","floor":39.0},{"not_picked":["Fiend Fire","Twin Strike+1"],"picked":"Metallicize+1","floor":42.0},{"not_picked":["Flex","Searing Blow+1"],"picked":"Bloodletting+1","floor":47.0}],"player_experience":776572,"relics_obtained":[{"floor":5.0,"key":"Oddly Smooth Stone"},{"floor":6.0,"key":"Pen Nib"},{"floor":9.0,"key":"Blood Vial"},{"floor":12.0,"key":"Strawberry"},{"floor":24.0,"key":"Orichalcum"},{"floor":26.0,"key":"Bronze Scales"},{"floor":27.0,"key":"Art of War"},{"floor":30.0,"key":"Tiny Chest"},{"floor":37.0,"key":"Bottled Flame"},{"floor":38.0,"key":"Smiling Mask"},{"floor":42.0,"key":"Centennial Puzzle"}],"event_choices":[{"damage_healed":0.0,"max_hp_gain":0.0,"max_hp_loss":0.0,"gold_gain":0.0,"event_name":"Scrap Ooze","player_choice":"Success","floor":2.0,"gold_loss":0.0,"damage_taken":5.0,"relics_obtained":["Red Skull"]},{"damage_healed":0.0,"max_hp_gain":0.0,"max_hp_loss":0.0,"gold_gain":0.0,"event_name":"Shining Light","player_choice":"Entered Light","floor":3.0,"gold_loss":0.0,"damage_taken":23.0,"cards_upgraded":["Strike_R","Defend_R"]},{"damage_healed":0.0,"max_hp_gain":0.0,"max_hp_loss":0.0,"gold_gain":150.0,"event_name":"Liars Game","player_choice":"AGREE","floor":10.0,"gold_loss":0.0,"damage_taken":0.0,"cards_obtained":["Doubt"]},{"damage_healed":0.0,"max_hp_gain":0.0,"max_hp_loss":0.0,"gold_gain":0.0,"event_name":"Dead Adventurer","player_choice":"Searched \u00271\u0027 times","floor":14.0,"gold_loss":0.0,"damage_taken":0.0,"relics_obtained":["MawBank"]},{"damage_healed":0.0,"max_hp_gain":0.0,"max_hp_loss":0.0,"gold_gain":0.0,"event_name":"Vampires","player_choice":"Became a vampire (Vial)","floor":20.0,"relics_lost":["Blood Vial"],"gold_loss":0.0,"damage_taken":0.0,"cards_obtained":["Bite","Bite","Bite","Bite","Bite"]},{"damage_healed":0.0,"max_hp_gain":0.0,"max_hp_loss":0.0,"gold_gain":0.0,"event_name":"Ghosts","player_choice":"Ignored","floor":22.0,"gold_loss":0.0,"damage_taken":0.0},{"cards_removed":["Pommel Strike"],"damage_healed":0.0,"max_hp_gain":0.0,"max_hp_loss":0.0,"gold_gain":0.0,"event_name":"WeMeetAgain","player_choice":"Gave Card","floor":29.0,"gold_loss":0.0,"damage_taken":0.0,"relics_obtained":["Paper Frog"]},{"damage_healed":0.0,"max_hp_gain":0.0,"max_hp_loss":0.0,"gold_gain":0.0,"event_name":"Tomb of Lord Red Mask","player_choice":"Paid","floor":44.0,"gold_loss":155.0,"damage_taken":0.0,"relics_obtained":["Red Mask"]},{"damage_healed":0.0,"max_hp_gain":0.0,"max_hp_loss":0.0,"gold_gain":50.0,"event_name":"Golden Shrine","player_choice":"Pray","floor":45.0,"gold_loss":0.0,"damage_taken":0.0}],"is_beta":false,"boss_relics":[{"not_picked":["Runic Cube","Lizard Tail"],"picked":"Coffee Dripper"},{"not_picked":["Sozu","Runic Dome"],"picked":"Black Blood"}],"items_purged_floors":[11,19,41],"is_endless":false,"potions_floor_spawned":[1,6,12,18,27,33,36],"killed_by":"Shield and Spear","ascension_level":17}