{"gold_per_floor":[119,119,132,207,207,233,233,248,272,272,302,6,6,18,18,116,116,126,201,41,54,69,69],"floor_reached":23,"playtime":2174,"items_purged":["Defend_B"],"score":301,"play_id":"e5cff589-9fa3-451e-8d5c-683bcccf5c3c","local_time":"20190203154947","is_ascension_mode":true,"campfire_choices":[{"data":"Zap","floor":7.0,"key":"SMITH"},{"data":"Undo","floor":10.0,"key":"SMITH"},{"data":"Genetic Algorithm","floor":13.0,"key":"SMITH"},{"floor":15.0,"key":"REST"}],"neow_cost":"NONE","seed_source_timestamp":0,"circlet_count":0,"master_deck":["Zap+1","Dualcast","Rip and Tear","Rebound","Defragment+1","Undo+1","Genetic Algorithm+1","Storm+1","All For One","Core Surge","Echo Form+1","Loop+1","Amplify","Aggregate","Rebound","Doom and Gloom","Reprogram","Leap","Sunder","Enlightenment","Hello World+1","Skim","Tempest"],"special_seed":0,"relics":["Cracked Core","NeowsBlessing","Omamori","Frozen Egg 2","Art of War","Shuriken","Pandora\u0027s Box"],"potions_floor_usage":[21],"damage_taken":[{"damage":0.0,"enemies":"2 Louse","floor":1.0,"turns":1.0},{"damage":0.0,"enemies":"Cultist","floor":3.0,"turns":1.0},{"damage":0.0,"enemies":"Gremlin Nob","floor":6.0,"turns":1.0},{"damage":0.0,"enemies":"Small Slimes","floor":8.0,"turns":2.0},{"damage":9.0,"enemies":"Lagavulin","floor":11.0,"turns":5.0},{"damage":11.0,"enemies":"Looter","floor":14.0,"turns":2.0},{"damage":0.0,"enemies":"Slime Boss","floor":16.0,"turns":7.0},{"damage":11,"enemies":"Spheric Guardian","floor":18,"turns":3},{"damage":23,"enemies":"Shell Parasite","floor":21,"turns":5},{"damage":33,"enemies":"Sentry and Sphere","floor":22,"turns":4},{"damage":15,"enemies":"Book of Stabbing","floor":23,"turns":2}],"seed_played":"-8791604344918881819","potions_obtained":[{"floor":2.0,"key":"Explosive Potion"},{"floor":2.0,"key":"FairyPotion"},{"floor":2.0,"key":"Dexterity Potion"},{"floor":3.0,"key":"Block Potion"},{"floor":16.0,"key":"SpeedPotion"},{"floor":21,"key":"LiquidBronze"}],"is_trial":false,"path_per_floor":["M","?","M","?","?","E","R","M","T","R","E","$","R","M","R","B",null,"M","?","$","M","M","E"],"character_chosen":"DEFECT","items_purchased":["Storm+1","All For One","Enlightenment","Hello World+1"],"campfire_rested":1,"item_purchase_floors":[12,12,20,20],"current_hp_per_floor":[75,75,75,64,57,57,57,57,57,57,48,48,48,37,59,59,75,64,57,57,34,1,0],"gold":69,"neow_bonus":"THREE_ENEMY_KILL","is_prod":false,"is_daily":false,"chose_seed":false,"campfire_upgraded":3,"win_rate":0,"timestamp":1549169387,"path_taken":["M","?","?","?","?","E","R","?","T","R","E","?","R","M","R","BOSS","M","?","?","?","M","E"],"build_version":"2019-01-23","purchased_purges":1,"victory":false,"max_hp_per_floor":[75,75,75,75,75,75,75,75,75,75,75,75,75,75,75,75,75,75,75,75,75,75,75],"card_choices":[{"not_picked":["Compile Driver","Beam Cell"],"picked":"Rip and Tear","floor":1.0},{"not_picked":["Hologram","Recycle"],"picked":"Rebound","floor":3.0},{"not_picked":["White Noise","Sweeping Beam"],"picked":"Defragment","floor":6.0},{"not_picked":["Streamline","Redo"],"picked":"Undo","floor":8.0},{"not_picked":["Scrape","Barrage"],"picked":"Genetic Algorithm","floor":11.0},{"not_picked":["Rebound","Fusion"],"picked":"Core Surge","floor":14.0},{"not_picked":["Creative AI+1","Machine Learning+1"],"picked":"Echo Form+1","floor":16.0},{"not_picked":["Cold Snap","Stack"],"picked":"Sunder","floor":18},{"not_picked":["Sweeping Beam+1","Sunder"],"picked":"Skim","floor":21},{"not_picked":["Genetic Algorithm","Streamline+1"],"picked":"Tempest","floor":22}],"player_experience":224822,"relics_obtained":[{"floor":6.0,"key":"Frozen Egg 2"},{"floor":9.0,"key":"Art of War"},{"floor":11.0,"key":"Shuriken"}],"event_choices":[{"damage_healed":0.0,"max_hp_gain":0.0,"max_hp_loss":0.0,"gold_gain":0.0,"event_name":"Lab","player_choice":"Got Potions","floor":2.0,"gold_loss":0.0,"damage_taken":0.0},{"damage_healed":0.0,"max_hp_gain":0.0,"max_hp_loss":0.0,"gold_gain":75.0,"event_name":"World of Goop","player_choice":"Gather Gold","floor":4.0,"gold_loss":0.0,"damage_taken":11.0},{"damage_healed":0.0,"max_hp_gain":0.0,"max_hp_loss":0.0,"gold_gain":0.0,"event_name":"Scrap Ooze","player_choice":"Success","floor":5.0,"gold_loss":0.0,"damage_taken":7.0,"relics_obtained":["Omamori"]},{"damage_healed":0,"gold_gain":75,"player_choice":"Touch","damage_taken":7,"max_hp_gain":0,"max_hp_loss":0,"event_name":"FaceTrader","floor":19,"gold_loss":0}],"is_beta":false,"boss_relics":[{"not_picked":["Ectoplasm","Empty Cage"],"picked":"Pandora\u0027s Box"}],"items_purged_floors":[12],"is_endless":false,"potions_floor_spawned":[3,16,21],"killed_by":"Book of Stabbing","ascension_level":2}